2441 3330
191 217 227 246 60
280 247 286 250 -
916 209 1156 240 REGISTRES
1178 208 1486 240 D'ALEXANDRE
1509 211 1565 240 IV.

192 294 203 305 ι»
229 284 320 309 teste.
341 279 554 308 Benevenuto
570 276 608 306 de
628 275 784 310 Pei-usic,
803 275 942 310 notario,
963 278 1058 320 teste
1076 274 1198 306 Jacobo

191 346 203 357 ι)
229 330 425 370 Compagni‚
453 329 523 360 cive
547 328 706 364 Senensi,
732 332 827 358 teste.
850 327 986 358 Meliore
1009 327 1143 358 Geraldi
1168 331 1199 358 et

192 397 203 410 ι»
229 384 314 414 1)1110
337 383 466 418 Perini,
485 382 614 412 civibus
638 381 855 416 Florentinis,
873 381 1026 412 testibus.
1049 381 1115 418 Ego
1131 381 1199 411 No-

191 451 202 463 »
229 437 362 472 clei-ius,
395 435 590 466 auctoritate
615 434 779 473 imperiali
805 434 1013 469 scriniarius,
1042 433 1199 472 predictis

191 503 202 516 »
228 489 382 520 omnibus
402 487 542 518 interfui
568 491 598 517 et
619 486 681 517 1106
701 487 961 517 instrumentum
984 487 1022 517 dc
1045 486 1199 516 mandato

191 556 202 567 >1
228 541 308 571 dicti
332 540 459 571 domini
484 540 629 579 episcopi
657 539 776 578 scripsi
805 543 833 569 et
863 539 1023 577 complevi
1052 543 1197 577 rogatus,

191 609 202 620 ιι
228 594 315 633 quod
336 594 376 624 ad
397 593 577 627 cautelam,
602 601 642 622 ne
664 592 769 630 possit
794 592 827 621 in
851 595 1019 630 posterum
1041 591 1198 626 dubitari,

191 661 202 674 »
227 647 376 686 prefatus
388 645 542 675 dominus
554 645 727 684 episcopus
740 644 819 674 fecit
833 644 884 674 sui
897 643 999 682 sigilli
1014 643 1199 674 munimine

191 713 203 726 »
228 699 389 730 roborari.
409 711 422 725 »

228 752 321 783 Nulli
335 756 396 782 etc.
410 756 521 781 nostre
535 750 808 785 confirmationis,
825 749 1055 788 suppletionis,
1069 757 1199 779 conces-

188 805 293 835 sionis
322 808 353 835 et
379 803 628 834 constitutionis
653 807 714 833 etc.
739 803 812 832 Dat.
841 801 992 840 Neapoli,
1018 802 1099 832 VIII
1124 801 1199 831 idus

188 857 362 893 februarii,
381 865 467 887 anno
482 856 600 895 primo.
624 868 636 882 »

260 1035 351 1063 220

223 1096 349 1123 Johauui
365 1096 522 1130 Guerrerii,
533 1095 672 1122 canonico
687 1095 827 1122 ecclesiae
839 1103 879 1122 ss.
892 1094 1013 1121 cosmae
1025 1100 1053 1121 et
1066 1094 1198 1121 Damiani

187 1146 221 1172 de
239 1145 327 1179 Urbe,
345 1145 470 1176 mandat,
489 1148 520 1171 ut
535 1144 658 1179 priorem
675 1149 703 1170 ct
718 1143 874 1178 capitulum
892 1143 1032 1170 ccclesiae
1047 1152 1070 1170 s.
1089 1142 1197 1175 Quirici

187 1195 221 1221 de
239 1194 316 1220 Urbo
333 1193 486 1220 sententiis
502 1192 834 1219 exconununicationuin
851 1192 972 1226 aliisque
990 1192 1130 1218 molestiis
1149 1201 1199 1227 per

187 1242 336 1269 Claudium
354 1243 523 1268 canonicum
542 1241 676 1267 basilicae
689 1240 830 1274 Principis
841 1240 1047 1275 Apostolorum
1063 1244 1091 1267 et
1107 1241 1199 1268 archi-

187 1290 388 1324 presbyterum
406 1298 430 1316 s.
449 1289 555 1315 Mariae
571 1290 597 1315 in
611 1289 722 1323 Aquiro
733 1289 768 1314 de
783 1288 860 1315 Urbe
871 1297 904 1314 ac
915 1292 974 1315 tres
989 1289 1060 1315 alios
1076 1289 1198 1316 clericos

186 1342 320 1365 vexatum
337 1339 481 1371 absolvat,
499 1337 618 1364 Claudio
635 1341 729 1364 tamen
749 1341 777 1364 et
792 1337 906 1364 clericis
925 1346 1014 1373 super
1031 1338 1198 1373 praemissis

187 1389 357 1420 perpetuum
380 1385 526 1412 silentium
549 1385 688 1419 imponat.
711 1384 795 1418 (Rso.
811 1384 860 1419 ⁶24,
878 1393 903 1412 c.
927 1386 990 1420 195,
1006 1385 1024 1411 s.
1041 1385 1105 1416 ‘24';
1125 1385 1198 1412 Por-

187 1442 273 1460 ru.›.s'r
290 1433 396 1462 15716.)

790 1033 906 1067 Naples,
923 1034 937 1060 ἰι
955 1041 1031 1059 mars
1048 1033 1125 1060 ¹255.

228 1547 241 1561 «
259 1536 396 1564 ,Iohanni
413 1535 587 1570 Gilerreril,
606 1535 753 1564 canonico
772 1536 889 1564 ecclesie
904 1540 1080 1565 sanctorum
1098 1536 1198 1566 Cosme

187 1593 212 1617 et
232 1589 380 1617 Damiam‘
397 1588 430 1616 de
454 1588 534 1616 Urbe.
558 1587 797 1625 Significarunt
813 1587 908 1617 nobis
925 1587 1036 1618 dilecti
1052 1605 1101 1617 —.
1123 1589 1196 1618 Dat.

188 1640 338 1679 Neapoli,
358 1641 409 1670 III
425 1649 530 1670 nonas
545 1640 669 1676 martii,
688 1648 774 1670 anno
790 1640 908 1678 primo⁴
931 1652 944 1666 »
1015 1637 1019 1655 l

260 1818 345 1846 22¹

224 1878 271 1912 D„
288 1879 418 1905 abbatem
437 1879 603 1906 monasterii
620 1879 796 1906 Graecorum
813 1888 837 1906 s,
857 1880 932 1906 Petri
951 1880 984 1906 de
1000 1880 1102 1911 Gitala.
1121 1880 1198 1908 Mes-

187 1927 321 1954 sanensis
337 1927 472 1959 diocesis,
490 1936 523 1953 eo
541 1931 668 1962 tempore
685 1928 859 1962 praefectum
875 1937 931 1962 quo
948 1937 1067 1963 regnum
1085 1928 1199 1955 Siciliae

187 1979 248 2002 crat
263 1976 448 2010 suppositum
465 1976 630 2008 interdic-to,
650 1976 684 2002 de
701 1985 774 2002 novo
791 1980 886 2003 autem
903 1977 937 2003 ab
953 1976 987 2003 Ο.
1005 1985 1029 2004 s.
1048 1977 1153 2004 Mariae
1170 1978 1197 2004 in

188 2024 242 2050 Via
264 2023 330 2050 Lata
353 2024 495 2051 cardinale
520 2025 710 2058 praefectum,
734 2025 893 2052 coufirmat.
919 2025 1002 2058 (Rso.
1019 2025 1068 2056 24,
1085 2034 1111 2052 c.
1139 2025 1197 2059 196,

189 2074 207 2099 f.
224 2073 295 2106 ς241.)

770 1818 886 1852 Naples,
907 1818 936 1844 1²2
955 1826 1030 1845 mars
1050 1818 1127 1846 1255.

230 2187 242 2200 t(
262 2176 306 2209 I).,
325 2175 426 2204 abbati
442 2177 623 2204 witonusterii
640 2176 799 2204 Grecorum
817 2176 918 2205 sancti
934 2176 1015 2205 Petri
1030 2176 1064 2204 de
1081 2176 1196 2210 Glcala,

187 2228 307 2257 ordinis
328 2229 428 2256 sancti
451 2228 573 2263 Basilii,
599 2228 796 2257 illexswzensis
819 2229 952 2257 diocesis.
980 2228 1198 2266 Exigentibus

189 2284 241 2310 tue
257 2280 442 2309 devotionis
458 2297 506 2308 —.
526 2280 681 2310 Exhibita
701 2280 867 2319 siquidem
890 2281 986 2310 nobis
1009 2285 1063 2310 tua
1083 2281 1198 2318 petitio

189 2332 389 2367 continebat⁷
415 2332 501 2370 quod
521 2342 557 2362 eo
580 2336 724 2371 tempore
741 2342 805 2371 quo
827 2341 967 2371 regnum
985 2333 1110 2371 Sycilie
1129 2337 1199 2363 erat

189 2385 384 2415 auctoritate
409 2385 589 2423 apostolica
614 2386 838 2415 ecclesiastico
862 2386 1070 2424 suppositum
1098 2387 1198 2417 inter-

189 2437 286 2471 dicto,
305 2441 486 2467 conventus
502 2438 696 2467 monasterii
715 2438 753 2467 de
769 2439 879 2468 Gitala
901 2443 977 2468 tunc
996 2439 1125 2469 abbatis
1146 2448 1198 2469 re-

189 2490 313 2525 gimine
329 2490 479 2519 destituti
498 2494 527 2519 te
544 2494 622 2519 tunc
639 2490 791 2520 abbatem
807 2491 1001 2521 monasterii
1017 2492 1199 2522 Grecorum

190 2546 302 2572 sancte
324 2543 427 2572 Marie
452 2542 490 2571 de
511 2542 608 2574 Gala,
633 2543 760 2572 ordinis
786 2544 892 2573 sancti
913 2543 1046 2579 Basilii,
1072 2545 1199 2574 Messa-

191 2595 304 2626 nensis
322 2595 474 2630 diocesis,
492 2595 527 2624 in
544 2604 656 2625 eorum
677 2595 829 2625 abbatem
846 2596 1052 2626 unanimiter
1068 2600 1098 2626 et
1121 2605 1199 2626 con-

190 2647 332 2677 corditer
347 2647 567 2686 postularunt,
582 2651 612 2677 ct
625 2648 833 2686 postmodum
849 2648 989 2678 dilectus
1007 2649 1095 2679 iilius
1112 2650 1149 2679 P.
1164 2649 1199 2679 in

191 2699 485 2729 archimandritam
506 2700 701 2729 monasterii
725 2701 831 2730 sancti
855 2700 1096 2733 Salvatorislde
1120 2701 1200 2731 Lin-

192 2760 256 2789 gua
283 2751 446 2787 Messani,
478 2752 530 2781 cui
562 2752 727 2790 prefatum
759 2753 999 2782 monasterium
1027 2753 1065 2783 de
1090 2754 1200 2784 Gitala

191 2804 287 2843 pleno
306 2804 381 2843 jure
407 2804 543 2835 subesse
568 2805 763 2840 dinoscitur,
792 2805 983 2844 hujusmodi
1005 2806 1201 2844 postulatio—

193 2866 267 2887 nem
292 2857 443 2892 admisit,
472 2861 568 2895 prout
595 2857 629 2886 in
657 2857 763 2895 ipsius
791 2858 1050 2889 archimandrite
1079 2859 1200 2890 litteris

1280 273 1412 312 plenius
1437 275 1559 306 dicitur
1583 276 1759 307 contineri.
1787 276 1936 316 Cumque
1958 277 2166 316 postmodum
2193 281 2229 308 tu
2251 276 2293 307 ad

1282 327 1463 358 tollendum
1483 328 1522 358 de
1543 333 1599 359 tua
1621 329 1825 360 conscientia
1847 330 2041 369 scrupulum
2062 331 2097 360 in
2119 330 2181 360 hac
2198 334 2292 369 parte

1278 379 1333 418 jus
1356 379 1385 409 si
1406 380 1494 418 quod
1513 381 1575 410 tibi
1594 390 1632 411 ex
1654 381 1876 420 postulatione
1898 387 1930 412 et
1951 382 2154 413 admissione
2177 382 2291 422 hujus-

1281 432 1369 462 modi
1397 433 1602 472 competebat
1627 433 1661 464 in
1691 434 1846 465 manibus
1875 434 1988 465 dilecti
2016 435 2078 464 filii
2101 435 2206 466 nostri
2233 435 2289 472 0.,

1282 489 1394 515 sancte
1413 486 1517 516 Mai-ie
1533 486 1569 516 in
1582 487 1645 517 Via
1663 487 1743 517 Lata
1756 487 1888 518 diaconi
1903 487 2094 523 cardinalis,
2113 487 2292 527 apostolice

1282 538 1377 569 Sedis
1403 538 1518 577 legati,
1548 539 1652 570 libere
1679 540 1877 578 resignaris,
1905 540 2059 580 idemque
2083 540 2213 579 legatus
2235 544 2292 571 tue

1280 591 1455 629 puer-itatis
1469 591 1622 622 allectum
1644 601 1680 622 ac
1696 592 1874 623 laudabilis
1889 592 1925 622 in
1939 596 1969 624 te
1983 593 2102 623 merita
2116 593 2292 631 probitatis

1281 643 1458 682 diligenter
1474 644 1648 675 attendens
1670 653 1798 675 necnon
1819 649 1850 675 et
1867 644 1981 675 volens
2002 645 2062 675 tibi
2081 654 2119 676 ex
2134 645 2196 676 1106
2217 653 2294 684 gra-

1282 697 1362 726 tiam
1378 697 1486 727 facere
1501 697 1689 736 specialem,
1707 703 1838 737 recepta
1853 698 1946 737 prius
1963 707 1981 728 a
1997 703 2028 729 te
2041 698 2148 737 ipsius
2163 706 2293 729 monas-

1283 749 1359 779 terii
1377 749 1416 779 de
1433 749 1543 780 Gitala
1561 750 1788 789 resignatione
1804 750 1921 787 libera,
1939 755 1970 781 te
1986 751 2072 781 dicto
2090 750 2294 782 monasterio

1281 801 1320 831 de
1341 811 1424 832 novo
1440 802 1579 841 prefecit
1599 802 1634 832 in
1651 803 1818 839 abbatem,
1837 803 2164 834 administrationem
2185 803 2292 842 ipsius

1281 859 1348 884 tam
1364 855 1398 884 in
1413 855 1644 893 spiritualibus
1660 865 1759 896 quam
1776 856 1811 886 in
1830 856 2067 899 temporalibus
2083 856 2144 886 tibi
2159 855 2293 896 plenius

1281 907 1505 943 concedendo,
1530 917 1589 938 nos
1609 909 1674 938 tuis
1693 908 1992 948 supplicationibus
2012 909 2181 945 inclinati,
2205 908 2294 948 quod

1280 968 1338 997 per
1361 960 1501 990 eundem
1523 959 1669 998 legatum
1690 970 1789 1000 super
1808 961 1870 992 1106
1894 962 2019 991 factum
2044 965 2094 992 est
2121 965 2232 992 ratum
2260 964 2292 992 et

1279 1012 1411 1047 firmum
1433 1012 1610 1048 habentes,
1635 1013 1668 1042 id
1690 1013 1886 1044 auctoritate
1915 1013 2095 1052 apostolica
2115 1014 2293 1044 confirma-

1279 1073 1353 1095 mus
1370 1069 1429 1095 etc.
1449 1074 1554 1104 usque
1571 1065 1826 1096 communimus.
1848 1065 1942 1096 Nulli
1964 1070 2025 1097 etc.
2047 1070 2159 1097 nostre
2174 1066 2291 1096 confir-

1280 1117 1437 1147 mationis
1467 1122 1527 1148 etc.
1558 1119 1632 1148 Dat.
1664 1118 1818 1157 Neapoli,
1848 1119 1916 1149 IIII
1942 1119 2018 1150 idus
2044 1119 2174 1156 martii,
2202 1127 2290 1150 anno

1279 1170 1396 1208 primo.
1419 1182 1432 1197 ›>

1351 1342 1441 1370 222

1315 1403 1460 1439 Episcopo
1484 1404 1690 1438 Argentinensi
1712 1403 1844 1430 concedit
1865 1407 1910 1438 ut,
1932 1404 2138 1431 beneficiorum
2161 1403 2292 1438 magistri

1282 1452 1442 1478 Bul-ohardi
1457 1453 1588 1479 canonici
1604 1453 1744 1479 ecclcsiae
1761 1452 1964 1480 Haselacensis
1979 1456 2008 1479 et
2023 1452 2156 1487 Hugonis
2171 1453 2292 1480 rectoris

1280 1502 1468 1536 parrochialis
1496 1501 1636 1528 eeclesiae
1658 1501 1693 1527 de
1718 1501 1955 1528 Dancratesheim
1986 1501 2074 1528 libera
2098 1501 2292 1535 resignatione

1282 1554 1411 1586 recepta,
1427 1551 1473 1577 illa
1493 1551 1626 1585 personis
1642 1550 1754 1577 idoneis
1772 1559 1845 1585 quae
1863 1550 2007 1577 resideant
2026 1551 2054 1577 in
2077 1549 2186 1577 eisdem
2203 1549 2292 1576 libere

1280 1600 1418 1626 conferat.
1436 1598 1520 1633 (aaa.
1537 1599 1582 1630 24,
1598 1607 1624 1626 6.
1644 1600 1704 1633 197,
1720 1599 1740 1626 f.
1757 1598 1826 1633 Μ’.)

1879 1341 1998 1377 Naples,
2012 1343 2027 1369 5
2045 1350 2122 1369 mars
2137 1342 2217 1370 1255.

1324 1715 1336 1729 «
1357 1725 1390 1737 ..,
1415 1704 1548 1740 episcopo
1568 1703 1795 1739 Arqentinensi.
1821 1702 1904 1733 Cum
1928 1701 2040 1732 dilecti
2062 1701 2125 1731 filii
2145 1719 2194 1730 —.
2216 1701 2291 1731 Dat.

1281 1755 1432 1794 Neapoli,
1451 1757 1501 1785 III
1518 1764 1622 1785 nonas
1636 1755 1759 1790 martii,
1779 1763 1866 1785 anno
1880 1755 1999 1794 primo.
2019 1766 2032 1781 >1

1353 1926 1445 1954 223
1828 1925 1946 1960 Naples,
1965 1925 1996 1952 16
2010 1925 2126 1960 janvier
2142 1925 2221 1952 1255.

1317 1988 1473 2023 B[ertoldo]
1501 1988 1658 2015 marchioni
1681 1987 1715 2014 de
1739 1987 1960 2021 Hohemburch,
1985 1988 2084 2014 comiti
2109 1987 2216 2014 Montis
2238 1986 2293 2014 Ca-

1280 2038 1375 2068 veosi,
1394 2037 1517 2063 officium
1534 2044 1654 2070 magnae
1670 2036 1848 2062 senescaliae
1864 2035 1944 2070 regni
1961 2035 2092 2067 Siciliae,
2113 2039 2199 2070 prout
2222 2034 2294 2063 illud

1280 2076 1567 2120 temporequondam
1576 2084 1707 2116 Conradi,
1719 2084 1768 2111 filii
1782 2083 1926 2119 quondam
1938 2083 2084 2110 Frederici
2096 2083 2293 2111 Romanorum

1280 2133 1462 2168 imperatoris
1478 2133 1587 2159 habuit.
1605 2132 1687 2164 (Rau.
1705 2132 1753 2163 ⁶24,
1770 2140 1796 2158 6.
1818 2131 1888 2163 198¹,
1907 2131 1926 2158 f.
1945 2131 1996 2163 ‘25;
2019 2130 2166 2158 Porrnlisr
2184 2130 2292 2165 15639.)

1323 2248 1336 2261 «
1358 2235 1458 2264 Nobili
1476 2234 1514 2273 (1)
1536 2235 1603 2263 ciro
1622 2235 1671 2269 B.,
1691 2234 1868 2262 marchioni
1887 2233 1921 2262 de
1940 2233 2168 2268 Hohemburch‚
2185 2233 2293 2262 comiti

1281 2289 1390 2317 Montis
1404 2288 1535 2322 Caveosi,
1550 2295 1660 2323 mayno
1674 2287 1761 2323 ream·
1772 2286 1877 2315 Sicilie
1889 2286 2066 2320 senescalco,
2080 2285 2164 2323 fideli
2176 2290 2290 2315 nostro.

1281 2340 1376 2371 Clara
1394 2344 1449 2369 tue
1470 2338 1640 2369 fidelitatis
1662 2338 1823 2377 obsequia
1841 2337 1962 2376 quibus
1980 2342 2010 2367 16
2030 2337 2141 2368 reddis
2159 2337 2195 2367 in
2214 2346 2294 2369 nos-

1282 2393 1341 2423 tris
1358 2397 1387 2422 et
1405 2392 1546 2421 fratrum
1565 2395 1752 2421 nostrorum
1769 2390 1873 2421 oculis
1893 2390 2075 2428 gratiosum
2094 2393 2206 2420 nostro
2221 2389 2294 2421 ins-

1283 2449 1390 2475 tanter
1406 2448 1588 2482 suggerunt
1605 2444 1727 2479 animo,
1744 2447 1779 2473 ut
1797 2452 1861 2473 non
1879 2442 1985 2473 solum
2003 2446 2058 2473 tua
2073 2442 2135 2473 tibi
2147 2443 2225 2482 jura
2239 2442 2293 2473 in-

1282 2502 1372 2535 tegra
1391 2501 1420 2527 61
1438 2496 1533 2527 illesa
1555 2505 1736 2530 servemus,
1755 2496 1856 2525 immo
1870 2495 1981 2534 potius
1998 2503 2190 2533 augeamus.
2209 2494 2294 2526 Cum

1280 2550 1404 2588 itaque,
1416 2549 1502 2579 sicut
1513 2549 1548 2578 in
1560 2554 1673 2578 nostra
1683 2548 1885 2587 proposuisti
1895 2547 2065 2586 presentia
2078 2547 2290 2583 constitutus,

1281 2602 1390 2632 felicis
1404 2602 1643 2632 recordatiorns
1657 2603 1683 2631 I.
1698 2610 1781 2640 papa
1796 2601 2010 2639 predecessor
2022 2604 2134 2630 noster
2147 2599 2292 2630 officium

1281 2664 1400 2693 magne
1425 2654 1626 2685 senescalcie
1652 2654 1744 2692 regni
1771 2653 1900 2689 Sicilie,
1923 2656 2019 2692 prout
2040 2652 2124 2682 illud
2146 2655 2292 2691 tempore

1282 2707 1447 2747 quondam
1462 2707 1617 2742 Com-adi,
1636 2707 1705 2736 nati
1722 2706 1887 2745 quondam
1901 2707 1953 2736 Fr.
1970 2705 2050 2735 olim
2065 2705 2292 2735 Romanorum

1315 2826 1348 2856 (1)
1366 2826 1408 2849 Au
1424 2828 1659 2849 commencement
1673 2826 1710 2849 (lu
1726 2826 1841 2855 feuillet,
1854 2825 1999 2849 au-dessus
2013 2824 2046 2848 de
2058 2832 2070 2846 «1
2086 2824 2176 2848 nobili
2191 2824 2252 2848 uiro
2266 2831 2289 2854 n,

1283 2874 1324 2893 est
1340 2869 1407 2893 ecrit
1424 2876 1429 2893 1
1448 2878 1458 2892 α
1475 2872 1554 2893 vacat
1569 2870 1633 2900 quia
1649 2873 1690 2894 est
1706 2870 1769 2893 alibi
1787 2870 1814 2893 in
1832 2869 1929 2893 eodem
1946 2868 2084 2899 Registro.
2100 2875 2112 2890 »
