2441 3330
964 239 1186 278 PREMIERE
1207 243 1367 280 ANNEE.
2154 259 2208 290 143

116 311 235 340 comiti.
244 310 322 340 Illos
333 311 487 348 precipue
496 309 706 349 prosequi-.
716 310 787 339 Dat.
800 310 950 348 Neapoli,
958 311 1040 341 VIII
1048 311 1122 341 idus

119 372 216 399 man,
235 372 320 394 anno
336 372 453 402 primo.
473 375 486 389 n

187 527 275 555 4813

154 589 293 616 Eumdem
311 591 339 616 ln
356 598 440 616 suum
458 591 559 625 recipit
578 590 767 625 capellanum,
786 591 837 616 has
852 590 876 616 ei
894 591 1002 617 litteras
1020 592 1046 617 in
1064 594 1124 617 tes-

114 639 269 664 timonium
285 638 457 665 concedens.
474 638 557 673 (Reg.
574 639 618 672 24,
636 647 661 666 c.
678 639 750 672 399²,
769 639 787 665 f.
805 639 858 671 58.)

737 527 854 563 Naples,
871 528 886 554 8
903 528 957 554 mai
977 528 1052 556 1255.

159 752 172 766 «
189 740 304 768 Eidem.
323 739 515 770 Devotionis
531 744 585 769 tue
602 740 720 769 merita
730 757 779 768 —.
794 741 867 769 Dat.
886 744 921 769 ut
937 749 1045 778 supra.
1068 752 1080 766 n

186 905 273 933 48⁸2

153 966 290 993 Potestati
312 970 339 992 et
362 967 507 992 communi
528 966 793 992 Mediolanensibus
814 966 938 996 mandat,
965 970 996 992 ut
1023 966 1121 993 Bono—

114 1016 210 1042 niensi
226 1016 362 1049 episcopo
384 1015 530 1041 humiliter
550 1014 713 1048 intendant=
737 1015 816 1049 ipsos
833 1015 867 1041 ad
890 1015 1119 1042 observationem

115 1065 195 1099 pacis
212 1064 365 1096 monitui-o,
382 1071 467 1098 quam
481 1071 532 1098 per
548 1062 601 1088 XL
618 1072 708 1089 annos
725 1063 961 1097 observaverant,
978 1064 1122 1091 discordia

113 1121 131 1139 a
156 1111 189 1139 V.
213 1112 248 1138 de
275 1112 325 1138 Via
349 1113 403 1138 lata
423 1115 493 1138 tunc
518 1115 657 1146 potestate
678 1112 807 1146 ipsorum
835 1113 937 1147 sopita.
964 1113 1046 1146 (Heu.
1072 1113 1119 1145 ⁵24,

112 1170 140 1189 c.
155 1161 218 1196 400,
239 1162 258 1189 f.
276 1162 325 1193 58;
344 1161 525 1195 Ronenaano,
543 1165 563 1187 t.
580 1160 633 1195 III,
650 1167 680 1187 n⁰
695 1161 767 1193 397.)

708 904 824 939 Naples,
845 906 881 931 ier
897 906 952 932 mai
972 905 1048 932 1255.

158 1276 171 1291 <i
185 1287 220 1299 ..‚
231 1265 382 1302 potestati,
399 1264 526 1292 consilio
539 1268 564 1292 ec
577 1265 736 1292 communi
748 1264 1031 1294 Mediolanensibus.
1051 1265 1123 1295 Etsi

115 1325 195 1347 cura
208 1316 398 1354 generalem
418 1325 531 1354 pacem
552 1320 583 1345 et
598 1316 773 1354 pacificum
791 1321 914 1347 statum
932 1318 1027 1348 Italie
1044 1327 1122 1348 con-

114 1369 315 1400 servandum
331 1378 390 1398 nos
406 1368 547 1406 pervigil
562 1377 641 1398 cura
659 1368 825 1404 sollicitet,
841 1378 939 1408 super
954 1371 1123 1401 civitatem

114 1428 225 1453 tamen
239 1427 384 1453 vestram
404 1426 494 1452 tanto
514 1421 760 1460 diligentiorem
776 1423 934 1453 debemus
952 1423 1121 1454 oculorum

113 1479 303 1506 nostrorum
325 1475 509 1504 custodiam
524 1474 720 1505 confirmare
745 1479 867 1514 quanto
890 1476 1004 1506 eadem
1026 1476 1122 1506 nobi-

109 1528 174 1558 lior
197 1527 366 1567 provincie
383 1537 441 1557 sue
462 1537 538 1566 pars
559 1536 631 1557 esse
650 1528 851 1564 dinoscitur,
871 1533 995 1567 quanto
1014 1529 1120 1568 ipsius

108 1581 173 1611 fuit
193 1590 270 1619 erga
287 1582 471 1610 Romanam
487 1579 670 1610 Ecclesiam
689 1580 771 1610 fides
794 1581 956 1611 sincerior
972 1582 1012 1611 ab
1033 1582 1120 1611 anti-

107 1643 186 1673 quo,
200 1638 389 1673 quantoque
405 1633 590 1672 graviorem
604 1633 743 1663 sentiret
755 1634 986 1664 universitatis
1002 1643 1120 1672 corpus

110 1688 150 1717 de
179 1687 263 1717 tanti
289 1687 429 1717 membri
457 1686 585 1717 lesione
606 1687 782 1725 jacturam.
813 1687 1010 1725 Accepimus
1040 1696 1120 1718 sane

111 1740 215 1779 quod,
241 1739 335 1775 licet,
361 1740 528 1769 mediante
553 1740 590 1770 V.
621 1739 660 1770 de
684 1740 748 1770 Via
769 1739 836 1770 lata
858 1744 936 1770 tunc
959 1744 1119 1778 potestate

110 1796 236 1827 vestra,
255 1796 326 1822 orta
343 1792 430 1822 inter
446 1801 502 1822 vos
520 1791 599 1822 olim
615 1792 780 1822 discordia
796 1792 923 1822 salubri
944 1794 1045 1823 fuerit
1063 1794 1120 1824 de-

110 1846 237 1876 cisione
261 1845 366 1883 sopita
389 1849 420 1875 et
440 1854 459 1874 a
479 1845 630 1883 partibus
656 1846 833 1876 reformate
859 1846 950 1884 pacis
975 1850 1006 1876 et
1027 1847 1120 1885 jura-

110 1902 222 1928 mento
251 1898 380 1928 firmate
410 1897 585 1927 concordia
612 1907 670 1936 per
695 1899 753 1928 XL
785 1907 890 1928 annos
917 1903 948 1928 et
978 1899 1120 1937 amplius

111 1951 295 1983 observata,
312 1959 399 1980 nunc
418 1954 527 1980 tamen
542 1950 672 1980 diabolo
690 1951 850 1981 extinctos
860 1952 1049 1990 jurgiorum
1065 1962 1121 1982 ve-

111 2007 221 2034 terum
236 2004 417 2034 suscitante
439 2003 598 2033 carbones
621 2008 651 2033 et
673 2008 843 2042 sat-agente
864 2014 1017 2035 revocare
1034 2015 1122 2035 mor-

113 2056 172 2086 bos
192 2056 331 2086 abolitos
352 2056 387 2085 in
409 2056 591 2094 perniciem
606 2056 762 2092 recidive,
782 2058 1000 2095 quorumdam
1017 2062 1122 2088 statu-

113 2113 222 2139 torum
247 2113 399 2147 pretextu
425 2109 549 2139 ibidem
568 2110 776 2147 postmodum
795 2110 957 2140 editorum
973 2120 1035 2149 pax
1050 2111 1123 2149 ipsa

114 2161 319 2197 dissolvitur,
335 2166 366 2192 et
382 2171 447 2192 non
473 2161 580 2192 solum
600 2162 634 2192 in
661 2163 809 2202 ejusdem
826 2163 983 2199 civitatis,
1007 2173 1123 2194 verum

114 2215 214 2245 etiam
234 2215 390 2245 universe
412 2215 559 2253 regionis
577 2215 762 2253 periculum
784 2216 937 2246 violatur.
957 2217 1041 2253 Quia
1059 2217 1123 2254 igi-

112 2267 229 2297 turibi
249 2271 375 2306 oportet
397 2268 532 2307 majoris
553 2268 680 2298 cautele
705 2268 843 2306 vigilare
866 2269 1043 2299 consilium
1064 2270 1123 2299 ubi

112 2321 300 2351 evidentius
317 2320 457 2351 vertitur
472 2329 570 2351 cause
587 2321 731 2351 curande
748 2321 933 2360 periculum
951 2326 981 2352 et
1003 2322 1124 2352 certior

111 2374 259 2404 cernitur
283 2373 425 2403 efficatia
447 2373 615 2409 sanitatis,
640 2374 863 2404 venerabilem
885 2375 1023 2405 fratrem
1046 2384 1123 2405 nos-

67 2462 72 2466 ,
113 2431 200 2456 trum
217 2449 249 2461 ..,
268 2426 515 2456 Bononiensem
538 2426 744 2465 episcopum,
764 2427 872 2457 virum
894 2427 1067 2465 providum
1092 2431 1123 2457 et

111 2479 147 2509 in
171 2479 293 2509 nostris
320 2483 350 2509 et
376 2480 517 2509 fratrum
540 2484 729 2509 nostrorum
753 2480 857 2510 oculis
882 2481 1064 2518 gratiosum
1083 2480 1123 2510 ad

112 2541 169 2562 vos
185 2532 339 2562 duximus
356 2533 648 2563 transmittendum
666 2538 702 2563 ut
724 2542 780 2563 vos
801 2534 841 2563 ad
858 2533 1123 2563 observationem

113 2585 202 2623 pacis
223 2589 253 2615 et
274 2585 455 2624 juramenti
473 2585 663 2624 hujusmodi
684 2595 722 2616 ex
746 2590 837 2624 parte
861 2590 973 2616 nostra
989 2595 1123 2616 monere

112 2636 228 2668 sedula
244 2641 275 2666 et
291 2637 437 2667 instante
454 2638 636 2668 attentione
652 2642 815 2677 procuret,
833 2647 889 2668 vos
904 2639 943 2668 ad
959 2639 993 2667 id
1010 2648 1124 2668 secun-

114 2689 192 2720 dum
214 2689 323 2719 datam
346 2689 411 2719 sibi
430 2698 448 2719 a
468 2691 536 2719 Deo
559 2690 768 2728 prudentiam
788 2690 1072 2720 exhortationibus
1094 2694 1125 2720 et

113 2741 393 2772 obtestationibus
425 2742 547 2780 quibus
575 2743 693 2781 poterit
721 2743 897 2773 efficaciter
926 2742 1123 2772 inducendo.

115 2794 275 2830 Quocirca
288 2793 500 2823 universitati
512 2799 619 2825 vestre
632 2804 688 2832 per
704 2795 883 2833 apostolica
897 2795 1018 2833 scripta
1032 2803 1126 2824 man-

116 2846 232 2877 damus
259 2846 416 2885 quatinus
439 2847 545 2876 cidein
569 2847 721 2885 episcopo
744 2856 842 2886 super
864 2847 924 2877 hoc
945 2847 1126 2877 intendatis

116 2899 290 2929 humiliter
315 2903 346 2929 et
373 2899 501 2935 devote,
528 2899 573 2928 ita
596 2899 683 2938 quod
707 2908 745 2929 ex
767 2900 873 2938 ipsius
899 2900 1007 2929 studio
1033 2899 1126 2929 vobis

1205 314 1430 346 animantibus
1446 319 1549 355 possit
1565 320 1761 350 concedente
1780 322 1919 352 Domino
1939 323 2066 353 fructus
2084 324 2207 355 saluta-

1204 365 1250 395 ris
1273 369 1445 399 concordie
1464 371 1648 407 provenire.
1670 373 1742 402 Dat.
1762 374 1918 412 Neapoli,
1940 375 2090 406 kalendis
2109 378 2203 413 maii,

1206 426 1292 447 anno
1305 420 1422 456 primo.
1441 433 1454 447 »

1275 588 1363 616 488
1824 593 1938 627 Naples,
1956 596 1970 621 5
1988 596 2040 621 mai
2061 597 2133 624 1255.

1241 648 1385 684 Episcopo
1401 649 1575 677 Bononiensi
1593 652 1715 685 mandat,
1730 654 1865 687 quatinus
1880 655 1913 680 ad
1927 655 2069 683 civitatem
2086 658 2204 685 candem

1205 698 1394 730 personaliter
1417 699 1556 725 accedens
1581 701 1689 726 nobiles
1710 705 1737 727 et
1758 703 1893 736 populum
1915 703 2006 737 ipsius
2022 706 2054 730 :ul
2071 706 2205 732 observa-

1204 745 1311 771 tionem
1339 746 1417 780 prucis
1441 751 1469 772 et
1488 749 1645 781 jin-amenti
1667 749 1832 783 hujusmodi
1851 751 1979 783 inducat,
1998 753 2050 786 ipsi
2070 762 2117 786 per
2137 763 2206 781 suas

1205 793 1313 819 litteras
1325 794 1400 827 quod
1411 795 1517 821 factum
1530 796 1616 822 fuerit
1627 797 1748 823 fideliter
1764 798 1913 832 relaturus,
1930 804 1958 825 ut
1969 800 2104 835 deinceps
2119 810 2206 836 super

1204 841 1372 875 huJusmodi
1389 843 1503 876 negotio
1522 847 1604 876 prout
1620 844 1778 870 animarum
1792 846 1870 871 salus
1884 850 1911 871 et
1927 847 1966 872 rei
1984 848 2089 873 utilitas
2107 857 2207 875 ncces-

1203 889 1278 915 sario
1299 891 1463 924 poposcerit
1479 890 1570 917 Sedes
1586 893 1742 926 apostolica
1767 894 1912 927 procedat.
1929 895 2012 927 (Rea.
2029 896 2071 925 2³4,
2089 904 2114 923 0.
2132 897 2204 930 400²,

1201 938 1221 964 f.
1237 938 1292 971 58.)

1243 1051 1257 1066 ι(
1278 1062 1310 1075 ..,
1328 1041 1461 1078 episcopo
1478 1041 1672 1071 Bononiensi.
1694 1043 1764 1072 Etsi
1783 1043 1869 1073 circa
1889 1048 1948 1073 etc.
1966 1053 2071 1083 usque
2091 1055 2096 1073 :
2116 1045 2206 1074 sani-

1201 1092 1280 1122 tatis
1295 1110 1343 1121 —.
1362 1094 1435 1122 Dat.
1451 1093 1600 1132 Neapoli,
1617 1095 1667 1125 III
1681 1104 1785 1125 nonas
1801 1096 1891 1132 maii,
1910 1106 1996 1126 anno
2014 1097 2130 1135 primo.
2151 1109 2163 1124 ³)

1237 1197 1270 1224 In
1283 1206 1307 1224 e.
1321 1206 1358 1224 m.
1371 1199 1463 1225 eidem
1480 1207 1570 1234 usque
1587 1211 1592 1226 :
1611 1200 1781 1227 inducendo.
1801 1202 1936 1236 Alioquin
1953 1210 2002 1228 eos
2019 1202 2052 1228 ad
2070 1202 2097 1229 id
2114 1204 2206 1229 moni-

1204 1250 1332 1272 mentum
1350 1249 1525 1281 prcsentium
1543 1257 1592 1282 per
1610 1257 1761 1276 censuram
1777 1250 2002 1277 ecclesiasticam
2019 1252 2205 1286 appellatione

1202 1299 1311 1322 remota
1322 1297 1486 1330 compellas.
1504 1297 1567 1323 Non
1584 1298 1715 1324 obstante
1729 1299 1754 1325 si
1764 1299 1907 1333 aliquibus
1921 1314 1964 1327 —.
1984 1299 2047 1327 Dat.
2062 1304 2091 1326 ut
2106 1308 2201 1335 supra.

1273 1463 1361 1492 489

1237 1524 1399 1552 Universos
1421 1525 1639 1553 Beneventanus
1657 1536 1705 1562 per
1721 1531 1811 1554 totum
1830 1537 1948 1562 regnum
1965 1529 2079 1556 Siciliae
2095 1530 2206 1556 eundos

1202 1580 1322 1600 securos
1338 1575 1391 1600 sub
1409 1575 1508 1601 umbra
1526 1576 1711 1609 protectionis
1727 1584 1797 1603 suae
1809 1581 1836 1603 et
1852 1587 1866 1603 a
1878 1578 1978 1611 (ibana,
1996 1579 2136 1610 theloneo,
2156 1587 2206 1613 pe·

1202 1621 1296 1656 dagio,
1321 1623 1499 1649 sexantismo
1521 1628 1569 1650 aut
1592 1625 1645 1651 alio
1666 1633 1756 1652 censu
1776 1625 1881 1652 liberos
1902 1626 2035 1653 declarat.
2057 1627 2139 1660 (stne.
2160 1628 2205 1662 24,

1201 1679 1226 1698 c.
1243 1671 1304 1705 401,
1322 1672 1341 1699 f.
1359 1672 1413 1704 58.)

1788 1466 1902 1500 Napies,
1921 1468 1953 1493 30
1970 1468 2038 1493 avril
2059 1468 2133 1494 1255.

1243 1785 1257 1799 α
1280 1774 1434 1802 Uniuersis
1453 1775 1671 1804 Beneuentanis
1688 1781 1750 1804 tam
1764 1777 1953 1813 presentibus
1971 1786 2063 1814 quam
2078 1778 2206 1813 futuris.

1201 1825 1348 1863 Dignum
1364 1830 1413 1856 est
1429 1831 1459 1856 et
1475 1826 1569 1857 valde
1588 1828 1788 1858 conveniens
1804 1832 1839 1857 ut
1856 1828 1903 1857 hii
1921 1838 2001 1867 quos
2016 1829 2055 1858 ab
2072 1830 2208 1868 antiquo

1202 1879 1353 1909 Romana
1374 1880 1523 1910 Ecclesia
1541 1881 1700 1919 speciales
1716 1882 1820 1911 uteris
1840 1882 1892 1911 sui
1908 1882 1993 1911 111105
2007 1883 2206 1919 recognovit,

1203 1940 1276 1961 eam
1307 1932 1372 1961 sibi
1398 1933 1575 1970 propitiam
1606 1933 1751 1963 sentiant
1783 1939 1989 1972 prem-aterne
2022 1935 2208 1965 dilectionis

1203 1984 1358 2014 affectum
1379 1989 1410 2014 et
1434 1985 1504 2023 ejus
1525 1985 1671 2015 savorem
1696 1990 1727 2015 et
1746 1986 1887 2024 gratiam
1910 1987 2072 2024 gaudeant
2095 1996 2129 2017 se
2150 1987 2208 2017 lia-

1202 2037 1292 2067 bere.
1309 2037 1396 2067 Hinc
1410 2042 1458 2067 est
1475 2038 1561 2076 quod
1576 2047 1636 2068 nos
1650 2039 1885 2077 compatientes
1903 2049 1940 2068 ex
1955 2039 2073 2069 intimo
2088 2040 2208 2070 vestris

1204 2090 1369 2128 angustiis
1388 2099 1470 2129 quas
1486 2091 1609 2121 directe
1622 2096 1753 2129 propter
1770 2092 1907 2121 eandem
1923 2092 2104 2122 Ecclesiam
2118 2092 2208 2130 passi

1205 2143 1296 2179 estis,
1314 2143 1406 2173 vobis
1421 2148 1451 2173 et
1467 2144 1631 2174 universis
1645 2148 1676 2174 et
1692 2144 1834 2182 singulis
1849 2145 2054 2182 presentium
2070 2146 2208 2175 auctori-

1205 2200 1270 2226 tate
1288 2197 1509 2231 concedimus,
1528 2201 1563 2226 ut
1578 2206 1635 2234 per
1648 2201 1753 2226 totum
1766 2206 1904 2234 regnum
1916 2197 2029 2227 Sicilie
2041 2198 2075 2226 in
2088 2198 2205 2233 eundo,

1205 2249 1362 2279 morando
1379 2258 1437 2279 seu
1456 2249 1623 2279 redeundo
1649 2249 1709 2279 sub
1727 2249 1844 2279 umbra
1862 2250 2076 2287 protectionis
2097 2254 2207 2280 nostre

1205 2302 1314 2331 securi
1331 2302 1493 2331 maneatis
1507 2306 1538 2331 et
1555 2301 1637 2332 salvi
1653 2311 1727 2331 cum
1740 2302 1894 2332 omnibus
1905 2302 2000 2332 bonis
2016 2303 2135 2333 vestris
2148 2311 2209 2333 nec

1205 2363 1223 2383 a
1240 2354 1333 2384 vobis
1350 2354 1401 2384 vel
1417 2354 1528 2392 aliquo
1552 2359 1697 2384 vestrum
1713 2355 1835 2384 alicubi
1851 2356 1981 2390 Doana,
2001 2355 2206 2391 theloneum,

1206 2415 1264 2436 5011
1286 2406 1480 2444 pedagium,
1505 2415 1561 2435 aut
1586 2407 1825 2437 sexantismum
1853 2407 1902 2436 vel
1929 2407 1994 2436 alia
2019 2407 2209 2446 hujusmodi

1205 2467 1412 2497 quocumque
1435 2463 1633 2488 censeantur
1653 2458 1811 2489 vocabulo
1831 2459 1871 2488 ab
1887 2459 2054 2497 aliquibus
2075 2460 2209 2497 exigan-

1205 2515 1273 2545 tur,
1299 2511 1356 2540 sed
1378 2510 1482 2540 libere
1506 2511 1747 2549 permittamini
1771 2511 1893 2550 ubique
1914 2512 1948 2542 111
1972 2512 2084 2542 eodem
2108 2520 2208 2549 regno

1205 2563 1328 2592 morari
1352 2567 1383 2593 et
1406 2563 1455 2593 ire
1482 2573 1519 2593 ac
1545 2564 1653 2594 redire
1680 2573 1754 2594 cum
1779 2564 1898 2594 vestris
1926 2565 2208 2601 negociationibus

1206 2616 1278 2646 sine
1295 2616 1405 2654 aliqua
1421 2616 1564 2646 datione.
1582 2616 1674 2647 Nulli
1693 2620 1751 2647 etc.
1772 2620 1882 2647 nostre
1900 2618 2129 2647 concessiones
2146 2621 2207 2647 etc.

1207 2669 1280 2697 Dat.
1298 2668 1452 2706 Neapoli,
1472 2669 1502 2698 II
1516 2668 1674 2698 kalendas
1690 2669 1780 2702 maii,
1799 2678 1885 2698 anno
1900 2669 2015 2707 primo.
2037 2682 2048 2695 υ

1279 2839 1369 2866 490

1247 2900 1338 2926 Priori
1354 2900 1510 2926 Oxoniensi
1527 2904 1554 2925 et
1571 2900 1727 2926 Oxonicnsi
1740 2908 1772 2925 ac
1786 2900 1891 2926 Acensi
1907 2900 2113 2926 archidiaconis
2129 2908 2208 2926 man-

1810 2838 1924 2873 Naplcs,
1944 2840 1972 2864 1ἱῖ
1988 2839 2043 2864 mai
2063 2838 2135 2865 1-255.
