2498 3325
188 217 245 247 258
914 214 1154 246 REGISTRES
1175 214 1483 245 D’ALEXANDRE
1506 216 1563 246 IV.

258 282 346 311 856
719 281 844 316 Anagni,
863 281 895 308 19
911 281 1028 308 octobre
1046 280 1124 308 1255.

223 344 408 378 Infrascripto
424 342 565 376 indulget,
580 346 620 375 ut,
634 347 746 378 praeter
756 343 896 370 beneficia
908 344 968 377 jam
985 343 1109 372 obtenta,
1128 351 1197 377 quo-

187 401 250 420 rum
269 396 425 427 proventus
445 392 563 426 triginta
587 395 616 418 et
640 396 705 418 octo
729 400 888 418 marcarum
911 391 1022 425 argenti
1044 392 1197 418 valentiam

187 449 311 468 annuam
329 449 384 467 non
401 440 554 474 excedunt,
574 441 691 467 unicum
705 440 779 467 aliud
793 441 964 468 beneficium
979 441 1022 467 vel
1034 440 1090 466 duo
1106 448 1198 475 usque

186 490 221 517 ad
244 490 367 516 valorem
392 498 521 516 annuum
548 489 600 515 LX
626 497 786 516 marcarum
808 489 918 523 argenti
942 490 1069 524 recipere
1094 489 1196 516 valeat.

190 539 272 572 (Reo'.
288 539 332 572 24,
348 547 373 565 ct
394 538 455 571 685,
474 539 492 564 f.
513 539 586 571 101.)

229 653 241 666 «
262 642 405 678 Mayistro
421 641 551 669 Henrico
567 641 646 669 dicto
668 642 807 675 Samson,
828 642 938 669 rectori
956 641 1074 670 ecclesie
1096 640 1129 669 de
1144 641 1198 669 Es-

187 700 263 729 tone,
282 694 505 723 Lincolniensis
524 694 658 722 diocesis.
683 693 766 724 Cum
787 693 873 723 sicut
894 693 1041 731 exposita
1056 710 1105 722 —.
1123 693 1196 723 Dat.

187 746 350 784 Anagnie,
368 746 469 776 XIIII
485 745 645 775 kalendas
662 745 863 781 novembris,
882 754 968 775 anno
984 746 1102 784 primo.
1123 757 1136 772 »

256 912 344 941 85⁸2
671 912 798 946 Anagni,
816 912 849 939 30
866 912 1029 947 septembre
1049 912 1124 940 1255.

223 974 330 1000 Abbati
355 974 520 999 monasterii
546 972 651 999 Montis
674 972 704 1000 S.
728 973 875 1000 Michaelis
898 974 932 1000 de
956 973 1088 1001 Periculo
1112 975 1198 1002 maris

186 1022 319 1050 concedit
335 1022 498 1048 facultatem
517 1021 657 1048 retinendi
671 1021 705 1048 ad
722 1030 824 1048 manus
841 1023 970 1057 proprias
985 1023 1080 1058 quoad
1095 1023 1198 1050 vixerit

186 1071 260 1098 duos
276 1071 310 1097 de
327 1071 501 1106 prioratibus
517 1071 694 1098 monasterii.
712 1071 796 1104 (Rau.
813 1071 857 1105 24,
874 1080 900 1098 c.
918 1071 979 1103 686,
995 1072 1015 1098 f.
1034 1072 1107 1105 101.)

228 1184 240 1198 «
263 1195 295 1206 ..,
314 1172 416 1201 abbaci
431 1173 614 1201 monasterii
630 1173 739 1201 Montis
755 1173 862 1201 Sancti
884 1173 1040 1203 Michaelis
1056 1174 1090 1203 de
1111 1175 1197 1203 Peri-

186 1226 253 1255 culo
271 1226 379 1258 moris,
401 1225 521 1254 ordinis
543 1226 644 1254 sancti
666 1226 829 1260 Benedicti,
848 1227 1044 1255 Abrincensis
1060 1227 1195 1256 diocesis.

184 1277 343 1307 Volentes
360 1280 416 1306 tua
433 1280 463 1306 et
480 1277 675 1306 monasterii
693 1277 741 1305 tui
757 1278 951 1314 gravamina
967 1282 1104 1316 paterna
1120 1279 1197 1308 dili-

186 1330 298 1367 gentia
314 1329 473 1364 relevare,
490 1329 658 1359 retinendi
674 1329 713 1358 ad
729 1338 847 1359 manus
865 1334 939 1360 tuas
956 1331 1064 1369 quoad
1074 1331 1197 1362 vixeris

186 1386 217 1413 et
247 1382 449 1412 monasterio
477 1382 600 1412 Montis
629 1382 741 1412 Sancti
769 1382 944 1412 Michaelis
974 1383 1012 1413 de
1045 1384 1198 1414 Periculo

185 1435 299 1469 maris‚
317 1434 445 1464 ordinis
463 1434 569 1464 sancti
593 1434 780 1470 Benedicti,
803 1435 1021 1466 IQIJrincensis
1042 1436 1196 1472 diocesis,

185 1487 362 1526 profueris,
386 1487 467 1517 duos
489 1487 527 1517 de
553 1487 756 1525 prioratibus
776 1489 971 1518 monasterii
990 1489 1096 1519 eidem
1119 1489 1198 1519 sub-

182 1541 292 1580 J'ectis,
309 1550 345 1570 ac
362 1541 592 1578 compescendi
608 1541 867 1571 contradictores
879 1550 937 1580 per
953 1550 1129 1572 censuram
1145 1551 1198 1572 ec-

185 1593 419 1628 clesiasticam,
438 1602 503 1622 nou
521 1594 672 1623 obstante
690 1593 718 1623 si
736 1594 784 1624 eis
802 1594 889 1632 quod
905 1595 1196 1633 excommunicari,

185 1646 345 1684 suspendi
371 1645 423 1676 vel
444 1646 601 1676 interdici
624 1656 689 1676 non
711 1646 844 1677 valeant
862 1647 902 1677 ab
919 1648 1098 1686 apostolica
1116 1649 1199 1679 Sede

185 1708 382 1729 concessum
399 1699 452 1735 sit,
470 1699 603 1737 plenam
618 1700 679 1729 tibi
693 1700 905 1730 concedimus
920 1702 1115 1732 auctoritate
1128 1711 1199 1740 pre-

186 1752 332 1782 sentium
360 1751 563 1782 facultatem.
598 1753 735 1783 Proviso
767 1758 802 1783 ut
837 1754 963 1784 eisdem
994 1755 1198 1793 prioratibus

187 1804 296 1834 taliter
327 1804 489 1834 deserviri
519 1805 624 1835 facias
660 1805 747 1844 quod
775 1806 898 1836 divinis
929 1806 1099 1846 obsequiis
1133 1817 1197 1838 non

184 1857 393 1887 fraudentur.
426 1857 519 1886 Nulli
548 1862 607 1888 etc.
636 1862 747 1888 nostre
773 1859 1000 1889 concessionis
1029 1864 1090 1890 etc.
1122 1862 1196 1890 Dat.

184 1911 347 1948 Anagnie,
370 1911 403 1941 II
420 1910 579 1941 kalendas
598 1912 754 1947 octobris,
772 1921 859 1942 anno
875 1913 993 1951 primo.
1014 1926 1026 1940 n

255 2074 342 2103 858
715 2076 840 2110 Anagni,
859 2077 893 2103 20
910 2077 1026 2103 octobre
1047 2078 1124 2104 1255.

220 2137 448 2171 Arcbiepiscopo
467 2137 640 2164 Bituricensi
657 2139 780 2169 tumulat,
798 2140 935 2173 quatinus
952 2140 1101 2174 dispenset
1117 2140 1197 2167 Gau-

185 2186 255 2212 lrido
270 2186 304 2211 de
320 2185 521 2219 Bangenciaco
537 2191 565 2212 et
582 2186 669 2213 Ailidi
686 2187 721 2213 de
742 2187 891 2222 Gratiaco,
909 2189 1152 2224 consanguineis,
1169 2189 1196 2216 in

185 2234 365 2261 matrimonio
381 2239 528 2261 contracto
544 2241 720 2262 remaneant.
739 2236 823 2269 (Rau.
840 2236 884 2267 Ἡ,
902 2245 927 2264 c.
946 2238 1007 2269 687,
1025 2237 1044 2265 f.
1063 2238 1134 2272 101.)

226 2349 239 2361 «
311 2337 535 2374 archiepiscopo
548 2338 746 2374 Bilw'icjensi.
763 2339 895 2368 Attenta
909 2339 1003 2369 Sedis
1019 2340 1196 2378 apostolice

185 2388 436 2425 circumspectio
454 2393 514 2417 etc.
538 2398 643 2427 usque
662 2399 668 2418 t
690 2399 819 2428 semper
842 2396 927 2429 agat.
949 2392 1034 2421 Sane
1056 2392 1196 2423 dilectus

185 2440 274 2470 iilius
294 2441 475 2471 Gz‘iusridus
501 2441 539 2469 dc
566 2442 805 2479 Baugencinco.
833 2444 940 2474 miles.
964 2449 995 2474 et
1015 2445 1137 2475 Attidis
1158 2447 1197 2476 de

186 2493 349 2527 Gratiam,
375 2503 454 2523 uxor
470 2494 552 2532 ejus,
579 2499 629 2524 tue
648 2495 801 2530 diocesis
820 2496 915 2526 nobis
934 2498 1123 2535 significare
1140 2508 1197 2529 cu-

186 2550 311 2581 rarunt,
331 2546 434 2584 quod,
454 2556 527 2576 rum
544 2547 608 2584 ipsi
627 2549 876 2578 matrimonium
893 2550 927 2579 in
944 2551 1029 2580 facie
1049 2551 1197 2581 Ecclesie

186 2598 413 2636 sollempniter
430 2600 683 2631 contraxissent.
704 2601 811 2639 inquo
823 2602 913 2632 nullo
930 2603 1130 2634 reclamante
1144 2614 1197 2642 pe-

186 2652 276 2681 nitus
296 2651 392 2688 long-0
413 2657 556 2690 temporo
574 2658 842 2690 permanserunt,
870 2656 1000 2685 tandem
1023 2657 1197 2687 intellexe-

186 2709 258 2733 runt
277 2704 362 2742 quod
378 2705 541 2742 quondam
558 2705 745 2743 Stephanus
760 2706 797 2735 de
813 2708 928 2737 Mauso
942 2709 1085 2744 Girardi,
1102 2710 1196 2748 cujus

186 2756 297 2785 emb-in
332 2756 454 2786 Ailidis
480 2766 560 2786 uxor
588 2758 711 2793 extitit,
742 2760 883 2789 eundem
910 2761 1052 2791 militem
1079 2767 1196 2800 quarta

185 2809 487 2845 consunjsuiuilatis
503 2810 592 2839 linea
609 2811 830 2849 coi'ttingel‘nit.
849 2814 956 2849 Quare
974 2815 1068 2844 nobis
1084 2815 1196 2844 humi-

185 2862 261 2891 liter
278 2862 506 2900 simplis-arunt
527 2867 571 2893 ut.
591 2872 664 2893 cum
683 2873 747 2893 non
764 2865 889 2902 possint
909 2866 955 2895 sic
977 2867 1100 2906 absque
1122 2868 1195 2897 ani-

1280 289 1408 310 marum
1426 280 1572 319 periculo
1593 290 1776 317 remanere,
1793 281 1965 320 providere
1985 291 2084 321 super
2101 282 2163 313 hoc
2178 283 2217 313 de
2233 283 2293 314 be-

1281 332 1443 370 nignitate
1481 333 1576 364 Sedis
1615 334 1794 373 apostolice
1831 343 2035 365 curaremus.
2075 335 2144 366 Nos
2176 335 2290 374 igitur,

1280 393 1393 415 eorum
1411 385 1712 424 supplicationibus
1729 386 1894 423 inclinati,
1915 387 2112 418 mandamus
2132 387 2291 427 quatinus

1281 446 1356 466 cum
1385 437 1508 468 eisdem
1538 439 1639 477 quod,
1670 439 1908 478 impedimento
1938 448 2004 470 non
2033 439 2185 471 obstante
2216 449 2293 479 pre-

1280 490 1381 526 dicto,
1415 490 1450 519 in
1482 491 1694 521 matrimonio
1725 492 1773 522 sic
1802 495 1970 522 contracto
1999 501 2172 523 remanere
2200 492 2293 523 licite

1281 542 1426 577 valeant,
1454 543 1500 573 ita
1525 544 1612 582 quod
1636 544 1697 574 filii
1723 545 1868 584 suscepti
1891 548 1923 576 et
1947 545 2152 584 suscipiendi
2179 554 2218 576 ex
2243 545 2293 576 eis

1281 595 1421 633 legitimi
1438 601 1648 632 censeantur,
1665 598 1861 628 auctoritate
1878 601 1991 628 nostra
2004 598 2189 637 dispenses.
2211 587 2295 630 Sus-

1281 652 1390 686 eeptos
1408 653 1518 680 autem
1538 649 1625 680 filios
1655 650 1694 680 ad
1727 659 1765 681 ea
1794 654 1933 689 paterna
1960 650 2047 681 bona
2075 651 2207 682 admitti
2235 660 2294 682 vo-

1281 701 1402 734 lumus,
1421 702 1459 732 de
1477 702 1598 741 quibus
1617 707 1710 742 pater
1727 704 1902 743 disponere
1918 708 2025 743 potest
2047 713 2106 743 pro
2128 713 2187 735 sue
2203 704 2294 735 arbi-

1282 754 1344 785 trio
1356 754 1547 785 voluntatis.
1561 756 1632 785 Dat.
1646 756 1811 795 Anagnie‚
1823 757 1909 787 XIII
1920 756 2080 788 kalendas
2090 757 2293 794 novembris,

1281 816 1369 838 anno
1384 807 1502 846 primo.
1523 820 1536 835 ›>

1351 980 1438 1009 859
1816 981 1941 1015 Ati-agni,
1957 980 1992 1008 20
2007 981 2125 1008 octobre
2142 980 2221 1008 1‘255.

1317 1041 1423 1068 Abbati
1445 1049 1469 1068 s.
1492 1041 1630 1077 Stephani
1651 1042 1847 1069 Tei-flonensis
1868 1042 1992 1074 mandat,
2018 1046 2048 1069 ut
2068 1042 2244 1070 monasterio
2266 1050 2293 1071 s.

1280 1090 1392 1116 Alberti
1413 1090 1448 1116 de
1473 1089 1640 1125 Vallenitie,
1656 1091 1782 1118 diocesis
1798 1091 2007 1122 Tei-(lonensis,
2025 1090 2136 1118 ordinis
2152 1099 2176 1118 s.
2196 1090 2294 1118 Bene-

1280 1138 1358 1169 dicti,
1377 1139 1452 1174 quod
1469 1139 1502 1166 ad
1521 1138 1681 1166 Romanam
1697 1139 1855 1166 Ecclesiam
1874 1140 1951 1166 nullo
1968 1139 2062 1166 medio
2077 1139 2183 1166 dicitur
2199 1140 2294 1174 perti-

1281 1196 1348 1214 nere
1364 1189 1507 1223 cujusque
1529 1188 1642 1215 duobus
1658 1189 1743 1215 annis
1761 1190 1821 1223 jam
1839 1189 1970 1215 vacantis
1994 1188 2120 1223 provisio
2135 1188 2170 1215 ad
2187 1187 2291 1215 Sedem

1279 1237 1466 1271 apostolicam
1481 1240 1526 1262 est
1542 1236 1690 1270 devoluta,
1707 1237 1784 1271 quod
1802 1238 1931 1271 insuper,
1955 1247 1968 1260 α
1992 1237 2094 1271 eJectis
2109 1237 2175 1263 inde
2191 1245 2293 1264 mona-

1280 1286 1358 1315 chis,
1374 1294 1390 1312 a
1406 1285 1579 1319 quibusdam
1601 1285 1715 1312 clericis
1740 1285 1922 1312 secularibus
1940 1289 1970 1312 et
1991 1285 2072 1312 laicis
2093 1285 2198 1312 dicitur
2218 1285 2293 1313 deti-

1281 1334 1341 1360 neri
1362 1345 1391 1368 =›‚
1411 1342 1562 1368 personam
1586 1334 1718 1360 idoneam
1742 1334 1889 1368 praeficiat
1910 1334 1939 1360 in
1963 1334 2094 1361 abbatem
2114 1342 2148 1361 ac
2165 1335 2191 1361 ei
2207 1334 2294 1362 factat

1281 1391 1387 1410 munus
1404 1382 1613 1409 benedictionis
1630 1383 1767 1418 impendi.
1788 1382 1868 1416 (Rae.
1887 1383 1936 1414 24,
1953 1391 1979 1410 c.
1996 1382 2062 1417 688,
2080 1383 2099 1411 f.
2117 1383 2202 1416 101¹.)

1323 1497 1336 1511 «
1357 1507 1389 1519 ..,
1407 1485 1509 1514 abbati
1523 1485 1624 1514 sancti
1638 1485 1788 1523 Stephani
1805 1485 2013 1515 Terdonensis.
2031 1485 2115 1516 Cum
2136 1485 2222 1515 sicut
2238 1493 2294 1516 ac-

1280 1537 1429 1576 cepimus
1451 1555 1500 1567 —.
1518 1538 1591 1567 Dat.
1609 1537 1773 1575 Anagnie,
1796 1537 1882 1568 XIII
1905 1537 2065 1568 kalendas
2088 1537 2292 1575 novembris,

1281 1599 1368 1620 anno
1384 1590 1502 1629 primo.
1523 1602 1535 1617 »

1351 1764 1441 1794 860
1811 1763 1942 1798 Anagni‚
1962 1762 1992 1789 14
2008 1762 2126 1789 octobre
2143 1763 2221 1790 1255.

1316 1825 1512 1861 infrascriptis
1529 1826 1659 1860 indulget
1676 1830 1721 1859 ut,
1737 1834 1793 1852 non
1809 1825 1943 1852 obstante
1960 1825 2036 1860 quod
2052 1828 2154 1860 quarto
2169 1833 2295 1852 consan—

1281 1875 1429 1909 guinitatis
1452 1874 1543 1909 gradu
1569 1882 1600 1901 se
1625 1875 1763 1908 attinent,
1780 1873 1815 1900 ad
1835 1874 1960 1900 invicem
1983 1873 2195 1900 matrimonium
2215 1873 2294 1901 licite

1282 1923 1395 1958 possint
1408 1923 1588 1950 contrahere.
1604 1923 1687 1958 (Rea.
1702 1923 1747 1955 24,
1763 1931 1789 1950 c.
1807 1922 1867 1954 689,
1885 1923 1904 1949 f.
1926 1922 2008 1956 101¹.)

1323 2037 1335 2051 «
1359 2026 1529 2054 tt'alterotto
1547 2025 1580 2053 de
1600 2026 1714 2053 ts'ezano
1733 2025 1830 2053 militi
1852 2030 1878 2053 et
1899 2025 1992 2059 Milic,
2013 2029 2083 2054 nate
2102 2025 2214 2054 nobilis
2228 2026 2298 2054 viri

1280 2079 1463 2107 Marobotini
1481 2078 1514 2106 (lc
1531 2078 1658 2113 Celasm,
1675 2078 1824 2107 Lunensis
1840 2078 1974 2107 diocesis.
1995 2077 2176 2107 Consuevit
2191 2077 2294 2108 Sedes

1281 2130 1461 2169 apostolica
1487 2148 1536 2159 —-.
1563 2131 1637 2160 Dat,
1666 2130 1835 2168 Anagnie,
1863 2131 1896 2160 II
1918 2129 1993 2159 idus
2015 2129 2176 2166 octobris,
2206 2138 2294 2160 anno

1280 2193 1396 2222 primo.
1419 2196 1432 2210 ι»

1352 2356 1435 2384 861
1763 2355 1894 2389 Anagni,
1915 2354 1945 2382 16
1962 2354 2125 2389 septembre
2144 2354 2220 2382 1255.

1319 2419 1408 2453 Regis
1427 2418 1566 2445 Castellae
1587 2422 1615 2444 et
1637 2417 1774 2452 Legionis
1796 2418 1932 2453 precibus
1955 2417 2127 2452 inclinatus,
2144 2417 2295 2452 dispensat

1281 2472 1312 2494 ut
1327 2467 1430 2494 nobilis
1447 2468 1490 2494 vir
1505 2467 1667 2494 Rodericus
1684 2467 1719 2493 de
1736 2466 1861 2501 Medina,
1879 2466 2090 2493 Salamantinae
2105 2466 2242 2501 diocesis,
2258 2466 2293 2493 ad

1281 2516 1423 2543 sedandas
1439 2524 1542 2550 graves
1561 2515 1729 2542 inimicitias
1749 2515 1857 2542 dudum
1876 2515 1951 2542 inter
1970 2524 2001 2541 se
2025 2519 2052 2542 et
2073 2515 2239 2551 Moreyonis
2258 2515 2294 2542 de

1280 2565 1393 2591 Medina
1411 2565 1507 2591 militis
1525 2565 1725 2599 progenitores
1743 2568 1876 2597 exortas,
1894 2564 1987 2599 possit
2009 2564 2178 2590 contrahere
2194 2563 2294 2591 matri-

1280 2614 1407 2640 monium
1433 2622 1501 2640 cum
1523 2613 1634 2645 Ylana,
1661 2616 1726 2639 nata
1750 2614 1844 2648 ipsius
1864 2612 2048 2646 Moreyonis,
2074 2614 2170 2647 ipsum
2191 2616 2293 2647 quarto

1279 2662 1370 2697 gradu
1386 2662 1646 2697 consanguinitatis
1661 2663 1832 2697 attingente.
1855 2662 1938 2695 (Rae.
1954 2662 2003 2697 24,
2019 2669 2046 2688 c.
2062 2661 2125 2694 690,
2142 2661 2161 2689 f.
2179 2662 2264 2695 101¹.)

1322 2777 1335 2791 «
1357 2765 1458 2793 Nobili
1481 2766 1546 2793 uiro
1568 2765 1709 2793 liuderico
1725 2765 1758 2793 (le
1773 2764 1906 2798 Μειίἰηα,
1924 2764 2140 2793 Salamantine
2155 2763 2289 2793 diocesis.

1279 2817 1361 2847 Cum
1379 2825 1528 2846 summus
1545 2817 1691 2854 pontifex
1706 2834 1754 2845 —.
1770 2817 1845 2846 Dat.
1860 2815 2024 2854 Anagnie,
2039 2815 2118 2846 XVI
2131 2814 2293 2846 kalendas

1279 2869 1433 2904 octobris,
1452 2878 1538 2899 anno
1554 2869 1672 2908 primo.
1695 2881 1707 2896 ι)

2459 1753 2498 3050 ‘''ffif'fl*W‘<·-U¹’=*⁶“*mfflmu.muu
2491 1547 2498 1725 *m„-.-
2488 1330 2498 1533 „namu-t
2494 1282 2498 1306 a
2494 1211 2498 1235 -.
2496 1183 2498 1185 .
2495 1131 2498 1134 .

2459 3278 2481 3325 mk.
2456 3202 2481 3265 2⁶¹3
2465 3146 2477 3189 ··-·
2463 3110 2480 3134 3²²
2467 3072 2481 3095 χι
