2441 3330
970 198 1194 235 PREMIERE
1216 199 1374 236 ANNEE.
2177 215 2212 243 67

124 282 139 298 n
164 270 253 300 tione
277 278 373 300 serne
391 270 500 299 facere
522 273 688 305 tenentur,
710 275 740 300 et
761 279 875 300 omnes
896 271 1044 300 redditus
1059 280 1134 308 pre-

125 334 140 350 »
167 322 296 352 diorum
312 322 460 361 ejusdem
476 321 554 351 ville
577 322 615 352 de
637 323 781 352 Mezeres
798 323 838 352 ad
858 323 1134 353 sustentationem

125 387 140 402 n
165 375 328 404 dictorum
353 373 634 412 portionariorum
662 374 695 403 in
726 379 921 412 perpetuum
949 375 1131 412 assignavi,

126 439 140 456 1>
165 427 224 457 tali
238 427 333 457 modo
349 431 384 456 ut
400 427 512 456 omnia
527 427 714 464 supradicta
733 427 767 456 in
782 432 943 465 potestate
958 432 985 457 et
1001 427 1134 457 ordina—

126 492 140 507 »
165 480 254 509 tione
273 479 507 509 canonicorum
529 479 727 514 consistant,
746 484 779 509 ut
801 480 952 509 videlicet
971 485 1005 509 ut
1024 480 1134 509 reddi-

126 544 140 560 »
167 537 218 562 tus
240 532 317 562 inde
335 532 568 570 provenientes
593 532 742 561 dividant
765 532 927 570 equaliter
949 533 1036 561 inter
1060 542 1135 570 por-

127 594 140 609 11
166 582 326 612 tionarios
357 581 573 620 supradictos,
606 582 653 611 ita
680 586 717 611 ut
746 581 857 611 nullus
890 591 1002 611 eorum
1031 582 1135 620 possit

127 647 141 662 1)
167 635 360 673 scrupuloso
383 634 478 664 corde
501 634 619 664 merito
642 635 860 666 commoveri,
884 639 913 664 et
940 639 972 663 ut
999 644 1134 672 presens

127 700 140 714 »
166 687 300 722 donatio
314 687 415 717 robur
426 687 572 716 obtineat
589 687 756 716 firmitatis
771 691 799 716 et
814 696 877 715 non
895 687 998 725 possit
1009 687 1044 716 in
1059 696 1135 725 pos-

125 751 140 767 »
165 744 273 769 terum
297 739 332 768 in
353 739 490 768 dubium
510 739 674 774 revocari,
693 739 802 776 sigillo
820 743 931 768 nostro
948 743 977 769 et
998 739 1135 777 capituli

125 804 139 819 11
165 793 272 831 ipsam
300 792 454 822 duximus
483 792 713 822 roborandam.
740 793 811 822 Dat.
843 792 961 822 Caveis
988 792 1131 824 Rubeis,

125 857 138 872 n
163 845 281 874 ultimo
298 845 349 873 die
367 845 579 882 septembris,
599 854 685 874 anno
701 845 835 874 Domini
853 845 1132 875 M0CC0XLV1110.

166 910 179 924 »
194 898 399 936 Quapropter
415 898 626 927 sanctitatem
643 902 787 927 vestram
804 898 1017 927 affin-tuosius
1034 898 1133 928 inter-

124 961 139 978 »
163 950 261 989 pello,
277 951 434 989 quatinus
449 951 487 979 de
504 950 601 980 solita
616 951 822 987 benignitate
837 950 967 980 easdem
982 951 1020 980 de
1034 950 1134 980 verbo

124 1015 138 1030 »
164 1003 205 1032 ad
225 1003 363 1032 verbum
388 1003 573 1040 dignamini
594 1003 800 1033 confirmare.
828 1004 865 1032 Et
890 1008 925 1032 ut
948 1012 1046 1041 super
1066 1003 1133 1033 hiis

123 1067 139 1083 n
164 1055 334 1085 sanctitati
351 1059 459 1085 vestre
478 1055 571 1085 fieret
591 1054 689 1093 plena
709 1055 805 1091 fides,
830 1055 951 1093 sigillis
974 1060 1085 1086 nostro
1102 1060 1133 1085 et

124 1120 138 1136 11
163 1108 300 1147 capituli
315 1109 456 1138 fecimus
473 1108 682 1138 communiri.
703 1120 716 1134 »

163 1160 258 1191 Nulli
280 1165 340 1190 etc.
367 1165 477 1190 nostre
502 1160 764 1190 confirmationis
785 1165 846 1191 etc.
876 1162 950 1191 Dat.
974 1161 1130 1200 Neapoli,

124 1217 242 1252 quarto
258 1223 363 1243 nonas
378 1213 551 1248 februarii,
570 1222 656 1243 anno
669 1213 786 1252 primo.
807 1226 820 1239 1)

193 1452 282 1479 245

156 1518 301 1553 Episcopo
317 1517 463 1545 Brixiensi
479 1518 603 1551 mandat,
622 1522 652 1544 ut
667 1519 815 1545 confirmet
833 1518 1029 1554 Bonapacem,
1050 1528 1132 1554 pres-

722 1451 839 1486 Naples,
858 1453 871 1477 7
889 1460 964 1478 mars
984 1451 1058 1479 1255.

121 1568 254 1603 byterum
271 1568 442 1593 canonicum
460 1568 550 1601 plebis
566 1568 600 1593 de
615 1567 746 1600 Touesis,
763 1567 888 1594 diocesis
902 1568 1088 1599 Veronensis,
1102 1569 1130 1595 in

119 1616 402 1651 archipresbyterum
425 1617 556 1650 ejusdem
578 1617 711 1648 electum,
736 1617 785 1651 qui
806 1617 838 1643 ad
861 1619 1017 1651 capitulum
1040 1617 1132 1644 Vero-

121 1674 211 1692 nense
236 1673 286 1700 pro
315 1665 541 1692 confirmationis
567 1673 686 1692 munere
711 1666 847 1692 accedere
878 1671 993 1701 propter
1024 1671 1131 1693 metum

120 1714 230 1741 Ezelini
247 1722 302 1740 non
320 1717 423 1748 potest.
442 1713 525 1747 (Rae.
542 1714 591 1747 ⁶34,
609 1722 634 1740 c.
650 1714 712 1748 204,
729 1715 747 1740 f.
766 1714 839 1749 27v.)

161 1856 173 1870 u
195 1866 228 1878 ..‚
248 1844 380 1881 episcopo
396 1844 562 1873 Brt’oeiensi.
586 1843 744 1882 Exposuit
766 1843 862 1873 nobis
882 1844 1022 1874 dilectus
1040 1844 1130 1877 fflius

118 1897 295 1935 Bonapax,
312 1896 487 1935 presbyter
503 1896 683 1926 canonicus
703 1896 810 1935 plebis
829 1897 867 1927 de
887 1897 1040 1933 Tenesis,
1059 1897 1130 1927 dio-

117 1950 205 1980 cesis
219 1949 441 1985 Veronensis,
465 1949 568 1988 quod,
592 1950 706 1979 eadem
724 1949 819 1988 plebe
840 1950 1130 1989 archipresbytero

116 2007 266 2038 vacante,
285 2003 465 2041 capitulum
483 2003 590 2041 ipsius
603 2007 699 2041 prout
715 2003 756 2032 ad
773 2012 827 2033 eos
844 2003 985 2041 pertinet
1005 2003 1130 2033 dictum

116 2055 351 2095 presbyterum
375 2055 409 2084 in
436 2064 534 2085 suum
558 2055 887 2094 archipresbyterum
912 2055 1069 2085 canonice
1099 2059 1130 2085 et

116 2108 324 2139 concorditer
351 2108 533 2146 elegerunt.
561 2109 646 2145 Quia
671 2117 749 2138 vero
774 2109 862 2138 idem
888 2109 1063 2147 presbyter
1090 2108 1130 2138 ad

117 2160 300 2199 capitulum
318 2162 511 2191 Veronense
534 2161 575 2191 ad
594 2170 694 2200 quos,
713 2161 852 2191 ecclesia
870 2161 1057 2191 Veronensi
1072 2170 1130 2190 va-

117 2217 228 2249 cante,
247 2214 453 2244 confirmatio
476 2213 649 2244 electionis
672 2214 864 2253 hujusmodi
884 2214 922 2243 de
945 2214 1083 2252 antiqua
1099 2218 1129 2243 et

116 2266 295 2305 approbata
311 2270 341 2296 et
360 2266 520 2296 hactenus
540 2267 675 2304 pacifice
697 2267 870 2296 observata
889 2266 1128 2296 consuetudine

115 2319 282 2358 pertinere
309 2319 503 2353 dinoscitur,
531 2323 663 2357 propter
690 2323 815 2348 metum
842 2319 985 2353 Ezelini,
1013 2328 1128 2348 secure

117 2380 184 2401 non
206 2375 310 2409 potest
338 2372 491 2401 accedere
513 2381 571 2410 pro
594 2372 857 2402 confirmationis
882 2381 1020 2402 munere
1042 2372 1128 2401 obti-

117 2424 243 2459 nendo,
268 2423 441 2454 humiliter
461 2434 476 2453 a
503 2424 599 2454 nobis
620 2424 715 2462 petiit
734 2434 832 2462 super
851 2425 911 2454 hoc
931 2425 969 2453 de
986 2425 1127 2454 circum—

117 2476 290 2515 spectionc'
303 2477 397 2507 Sedis
419 2477 596 2515 apostolice
616 2477 794 2515 provideri.
814 2478 973 2514 Quocirca
991 2477 1127 2506 manda-

115 2537 191 2559 mus
207 2529 376 2568 quatinus,
395 2529 423 2558 si
440 2534 487 2559 est
508 2529 569 2564 ita,
588 2529 750 2568 inquisita
769 2530 807 2559 de
823 2530 918 2559 modo
935 2530 1124 2564 electionis,

115 2581 237 2611 studiis
251 2581 444 2619 eligentium
462 2586 493 2611 et
509 2581 605 2611 electi
621 2582 750 2611 meritis
766 2581 961 2619 diligentius
976 2582 1124 2617 veritate,
1162 2584 1166 2588 ”

115 2633 146 2663 si
161 2633 357 2677 electionem
376 2634 482 2672 ipsam
499 2635 669 2664 inveneris
688 2634 726 2665 dc
742 2644 884 2673 persona
899 2635 1015 2665 idonea
1032 2644 1126 2664 cano-

115 2686 189 2716 nice
206 2686 414 2722 celebratam,
430 2687 521 2717 illam
535 2687 730 2717 auctoritate
745 2691 857 2717 nostra
871 2687 1000 2717 nullum
1017 2691 1125 2717 tamen

113 2742 247 2777 propter
268 2738 330 2768 hoc
356 2739 542 2769 Veronensi
568 2739 708 2769 ecclesia
734 2739 769 2768 in
795 2744 963 2778 posterum
988 2748 1127 2778 passura

115 2790 337 2830 prejudicium
366 2791 486 2821 debeas
512 2792 718 2821 confirmare.
744 2792 1023 2822 Contradictores.
1051 2793 1122 2822 Dat.

115 2839 272 2882 Neapoli,
291 2844 387 2874 nonis
404 2844 532 2880 martii,
551 2853 637 2874 anno
653 2845 770 2883 primo.
791 2857 804 2871 1)

1286 273 1372 300 24ss

1252 333 1347 359 Electo
1368 333 1539 367 Legionensi
1560 337 1691 363 concedit
1711 338 1871 364 facultatem
1887 340 2069 366 convertendi
2086 341 2113 366 in
2131 349 2215 368 usum

1216 386 1243 406 et
1265 382 1414 408 utilitatem
1438 383 1557 410 fabricae
1580 384 1767 419 Legionensis
1788 387 1897 412 tertiam
1919 392 2024 421 partem
2042 389 2215 416 decimarum

1793 275 1909 310 Naples.
1929 276 1959 303 10
1976 285 2051 304 mars
2070 278 2144 306 12:35.

1215 429 1400 462 quarumdam
1419 431 1604 457 ecclesiarum
1623 433 1756 458 ruralium
1774 434 1897 459 diocesis
1913 436 1987 469 ejus,
2006 444 2059 461 non
2076 437 2215 464 obstanti-

1216 477 1270 501 bus
1294 479 1532 505 concessionibus
1555 479 1712 506 innocentii
1735 481 1775 506 lv
1799 483 1857 515 regi
1881 482 2018 509 Castellac
2038 489 2063 509 et
2088 484 2215 519 Philippo

1215 525 1305 550 electo
1323 525 1461 559 ispalensi
1479 527 1504 552 in
1520 527 1627 553 eisdem
1643 529 1733 554 tertiis
1746 530 1836 556 factis.
1849 530 1931 561 (Hae.
1947 532 1990 563 2³4,
2003 540 2027 557 c⁴
2040 534 2101 563 ζ3115,
2116 534 2132 559 Γ
2146 534 2215 566 ἳῖν.)

1257 650 1270 663 «
1306 661 1344 672 ..‚
1376 640 1463 667 eleeto
1492 641 1676 677 Leyionensi.
1714 642 1758 670 Ex
1790 647 1879 679 parte
1909 643 2101 673 dilectorum
2132 645 2217 673 tilio-

1215 699 1288 718 rum
1310 713 1342 724 ..‚
1361 690 1487 720 decani.
1506 696 1535 721 et
1553 692 1689 729 capituli
1706 694 1920 730 Legionensis
1938 695 1999 724 fun
2016 697 2215 733 propositum

1215 751 1324 771 eoram
1344 743 1449 775 nobis,
1466 744 1551 782 quod
1570 745 1676 774 felicis
1694 746 1930 776 recordationis
1948 749 1972 777 Ι.
1990 757 2083 785 papa.
2100 749 2216 786 prvde-

1215 803 1326 823 cessor
1344 800 1465 830 noster,
1486 797 1622 825 terciam
1637 801 1762 834 partem
1781 798 1982 828 decimarum
2003 802 2216 838 quarunnlam

1216 847 1431 876 ecclesiarum
1458 848 1630 883 ruralium,
1660 850 1877 887 Legionensis
1902 851 2059 881 diocesis.
2089 863 2150 891 11111·
2178 855 2217 883 ad

1215 899 1393 929 utilitatem
1409 900 1624 930 ecclesiarum
1640 902 1785 939 ipsarum
1800 903 1904 932 fuerat
1923 914 1941 933 a
1957 904 2062 941 longis
2080 912 2217 935 retroac-

1216 952 1257 981 tis
1283 953 1483 990 temporibus
1507 954 1661 991 deputata
1686 955 1726 983 ad
1752 964 1832 992 opus
1855 956 1979 985 fabrice
2003 958 2216 993 Legionensis

1215 1005 1353 1034 ecclesie
1373 1005 1551 1043 deputavit.
1569 1008 1692 1036 Verum
1709 1008 1881 1037 cumidem
1895 1009 2104 1046 predecessor
2120 1011 2217 1039 caris-

1215 1058 1298 1087 simo
1317 1058 1351 1086 in
1368 1058 1501 1089 Christo
1522 1059 1590 1088 filio
1612 1064 1722 1089 nostro
1741 1083 1773 1095 ..‚
1792 1061 1990 1098 Legionensi
2007 1066 2037 1091 et
2053 1063 2121 1100 regi
2138 1064 2217 1093 Cas-

1215 1109 1290 1139 telle
1308 1110 1449 1145 illustri,
1474 1120 1588 1140 omnes
1610 1112 1728 1141 tercias
1753 1112 1955 1142 decimarum
1979 1113 2165 1152 hujusmodi
2183 1116 2216 1144 in

1215 1163 1363 1201 ejusdem
1390 1163 1477 1200 regis
1506 1168 1536 1193 et
1562 1165 1768 1201 postmodum
1796 1165 1913 1195 dilecto
1940 1166 2008 1195 tilio
2034 1166 2215 1204 Phyiippo.

1215 1215 1317 1244 electo
1342 1215 1523 1253 Ispalensi,
1549 1216 1582 1244 in
1605 1217 1728 1246 eisdem
1751 1217 1860 1247 tert-iis
1884 1218 2056 1256 quamdam
2080 1220 2217 1256 pecunie

1215 1277 1378 1297 summam
1400 1277 1505 1306 usque
1529 1269 1568 1297 ad
1593 1274 1718 1299 certum
1742 1274 1870 1307 tempus
1889 1271 2016 1300 duxerit
2037 1272 2217 1301 conceden-

1214 1321 1289 1355 das,
1308 1330 1407 1359 quam
1424 1322 1671 1351 concessionem
1690 1332 1792 1361 nsque
1810 1324 1849 1352 ad
1865 1328 2012 1353 nostrum
2030 1324 2217 1362 beneplaci-

1214 1378 1283 1403 tum
1300 1374 1441 1403 dicimur
1457 1375 1650 1410 innovasse,
1675 1375 1714 1405 ad
1737 1377 2019 1406 consumationem
2041 1377 2145 1414 ipsius
2167 1380 2215 1407 l'a-

1214 1427 1303 1455 brice
1325 1431 1456 1465 propter
1478 1428 1708 1457 concessiones
1731 1428 1919 1467 hujusmodi
1943 1429 2025 1458 sicut
2050 1430 2215 1467 inceptum

1213 1480 1319 1509 fuerat
1335 1480 1509 1517 procedere
1528 1481 1757 1519 nequiverant.
1773 1482 1855 1511 Cum
1870 1482 1972 1519 igitur
1985 1482 2156 1520 indignum
2174 1483 2215 1511 sit

1213 1537 1248 1561 ut
1267 1533 1415 1571 ejusdem
1433 1533 1570 1563 ecclesie
1594 1534 1720 1563 salu-ica
1743 1535 1914 1564 occasione
1937 1535 2125 1574 hujusmodi
2146 1546 2215 1565 ma-

1213 1590 1289 1615 neat
1318 1586 1522 1623 imperfecta,
1554 1587 1766 1615 convertendi
1795 1587 1829 1615 in
1854 1596 1951 1616 usum
1980 1592 2009 1617 et
2040 1587 2216 1617 utilitatem

1213 1638 1361 1677 ejusdem
1381 1638 1505 1668 fabrice
1523 1639 1702 1676 predictam
1725 1639 1858 1668 terciam
1874 1643 1998 1677 partem
2015 1640 2215 1669 (lm-imarum

1213 1691 1454 1720 antedictarum
1477 1691 1691 1721 eeclesiarum
1715 1691 1875 1720 ruralium
1899 1695 1952 1721 tue
1969 1691 2128 1721 diocesis.
2152 1701 2215 1721 non

1213 1744 1422 1773 obstantibus
1439 1744 1709 1773 concessionibus
1726 1749 1755 1773 et
1772 1744 1983 1774 innovatione
1998 1745 2151 1782 predictis
2166 1754 2215 1774 us-

1213 1806 1276 1835 que
1297 1797 1336 1825 ad
1355 1797 1637 1827 consumationem
1654 1797 1774 1835 ipsius,
1793 1797 1931 1826 liberam
1948 1797 2007 1825 tibi
2024 1797 2215 1826 auctoritate

1211 1850 1417 1888 presentium
1428 1850 1638 1879 concedimus
1647 1849 1848 1879 facultatisstin.
1858 1849 2031 1880 Contradic
2038 1854 2132 1879 tores.
2143 1851 2215 1879 Non

1212 1903 1363 1932 obstante
1383 1903 1411 1932 si
1430 1903 1597 1941 aliquibus
1613 1920 1662 1931 —.
1679 1904 1752 1932 Dat..
1770 1902 1924 1940 Neapoli,
1940 1903 1985 1932 VI
2002 1903 2074 1932 idus
2092 1902 2213 1932 martii,

1213 1964 1299 1985 anno
1316 1955 1432 1993 primo.
1453 1967 1465 1981 11

1282 2153 1366 2180 2⁴7

1249 2215 1371 2245 Mandat,
1401 2219 1430 2240 nt
1457 2214 1503 2248 H„
1530 2214 1627 2240 comiti
1653 2215 1844 2243 (lebenncnsi,
1873 2215 2016 2247 negotium
2041 2214 2213 2247 provisionis

1790 2152 1906 2186 Naples,
1927 2153 1951 2178 ll
1972 2160 2047 2178 mars
2068 2152 2131 2178 li'fn')

1212 2263 1397 2297 episcopatus
1416 2262 1591 2288 Yivariensis
1612 2271 1661 2296 pro
1678 2263 1807 2296 Aymone
1830 2263 1912 2287 fratrc
1933 2263 1996 2295 ejus
2018 2261 2210 2295 prosequenti,

1211 2319 1354 2345 expensae
1371 2311 1571 2337 resarciantur.
1590 2310 1670 2342 (itm.
1688 2311 1719 2336 24
1731 2331 1737 2342 ,
1755 2319 1780 2336 c.
1798 2310 1858 2340 2³06,
1877 2311 1893 2336 f.
1910 2312 1966 2341 2⁸.)

1253 2437 1265 2451 «
1338 2426 1471 2462 vpiscopo
1487 2425 1710 2453 illaurianrnsi.
1735 2424 1832 2457 Cum,
1854 2424 1937 2453 sicut
1965 2423 2102 2452 dilectus
2125 2423 2211 2451 lilius

1211 2482 1322 2507 noster
1344 2477 1466 2507 nobilis
1484 2478 1534 2506 vir
1554 2478 1593 2507 R.
1618 2486 1725 2507 coines
1746 2476 1975 2506 Gebennensis
1997 2476 2090 2505 nobis
2116 2485 2212 2513 expo-

1211 2530 1274 2559 suit
1288 2553 1294 2563 ,
1313 2530 1431 2559 dilecto
1455 2530 1522 2559 tilio
1543 2530 1701 2567 Aymoni,
1724 2529 1849 2559 cantori
1873 2528 2098 2559 Gebennensi.
2119 2527 2211 2556 l'ratri

1211 2592 1285 2617 suo,
1304 2583 1498 2612 auctoritate
1514 2583 1623 2612 felicis
1642 2582 1879 2611 recordationis
1897 2583 1922 2611 l.
1940 2590 2020 2619 pape
2042 2581 2211 2618 prodeces-

1210 2635 1293 2664 soris
1311 2635 1426 2670 nostri,
1441 2636 1483 2665 sit
1496 2645 1554 2673 per
1567 2635 1789 2665 venerabilem
1805 2636 1938 2664 fratrem
1954 2638 2099 2663 nostruin
2163 2642 2210 2661 ar-

1210 2687 1455 2725 chiepiscopum
1468 2688 1703 2722 Viennensem,
1720 2687 1757 2717 de
1775 2691 1908 2716 vacante
1923 2685 2107 2716 Yivariensi
2124 2685 2210 2721 epis-

1210 2744 1324 2777 copatu
1336 2741 1514 2777 provisum,
1526 2740 1678 2779 idemque
1690 2749 1796 2769 comes
1807 2739 2031 2777 prosequendo
2045 2743 2136 2771 noent
2145 2738 2209 2765 ium

1209 2793 1410 2830 provisionis
1429 2793 1618 2831 hujusmodi
1641 2801 1757 2829 mas-rna
1782 2792 1921 2821 subierit
1938 2800 2034 2821 onera
2053 2800 2209 2827 expensa-

1209 2854 1293 2879 rum,
1315 2845 1509 2875 mandamus
1525 2845 1682 2883 quatinus
1699 2845 1727 2873 si
1743 2845 1864 2873 dictum
1881 2845 1915 2873 A.
1933 2843 2070 2873 ‹fiindein
2089 2842 2208 2879 vpisvo-
