2498 3325
978 224 1200 261 PREMIERE
1222 226 1380 263 ANNEE.
2169 239 2227 269 c237

133 296 217 325 siam
235 295 340 325 sancti
353 295 475 325 Thome
493 296 631 333 apostoli
648 297 907 327 Mediolanensis
922 297 961 326 ad
975 297 1139 326 audienda

132 348 256 377 ibidem
272 347 385 377 divina
403 348 509 377 officia
531 348 565 376 in
589 348 685 378 altari
708 349 814 378 sancti
839 350 929 379 Petri
945 349 1092 378 martiris
1108 353 1138 378 et

132 404 238 429 certas
265 399 448 429 oblationes
473 400 596 429 ibidem
625 400 811 430 offerendas
838 401 1014 430 convenire
1040 401 1139 431 certis

131 452 249 482 diebus
265 451 508 489 disposueritis,
524 456 557 481 ut
569 461 606 482 ex
621 452 811 491 hujusmodi
825 453 1049 482 oblationibus
1063 462 1138 490 pro—

131 505 243 534 videre
259 504 394 542 possitis
413 504 556 534 infirmis
573 509 604 535 et
622 505 823 543 pauperibus
840 510 870 535 et
886 506 921 534 in
938 505 1138 543 sepeliendis

131 566 244 587 eorum
261 557 452 594 corporibus
470 558 578 587 facere
593 562 743 596 sumptus
757 558 886 588 funeris
900 566 972 587 cum
988 557 1138 595 sollemp-

133 609 293 639 nitatibus
311 613 340 639 et
358 609 507 648 exequiis
524 610 702 645 consuetis,
722 619 792 645 nos,
811 610 903 648 pium
919 610 954 639 in
971 610 1031 639 hac
1046 614 1138 648 parte

130 667 276 692 vestrum
294 662 497 700 propositum
514 663 792 698 commendantes,
811 667 857 694 ut,
876 667 1021 700 tempore
1039 671 1138 700 gene-

132 714 213 744 ralis
230 714 411 745 interdicti,
432 714 529 744 liceat
547 714 639 744 vobis
656 715 689 743 in
710 715 782 752 ipsa
799 715 949 750 ecclesia,
969 715 1085 744 diebus
1104 715 1138 743 in

129 767 251 806 quibus
268 776 305 796 ex
321 766 467 804 predicta
483 776 582 796 causa
598 767 821 796 conveneritis
835 767 869 795 in
885 767 1009 801 eadem,
1023 767 1138 796 audire

129 819 242 849 divina
259 819 380 853 officia,
401 819 514 858 januis
537 819 675 854 clausis,
700 828 764 849 non
787 819 928 857 pulsatis
950 819 1135 857 campanis,

130 872 308 902 summissa
330 881 422 907 voce,
443 873 598 902 omnibus
619 873 913 902 excommunicatis
936 877 967 902 et
986 872 1138 902 nomina-

129 925 187 954 tim
209 925 396 955 interdictis
415 925 573 959 exclusis,
596 925 790 955 auctoritate
812 925 905 955 vobis
931 925 1137 964 presentium

128 977 351 1015 indulgemus,
366 978 541 1007 dummodo
555 987 688 1007 causam
707 987 771 1007 non
789 978 947 1007 dederitis
961 977 1137 1008 interdicto

128 1030 222 1060 velid
234 1039 298 1060 non
311 1030 479 1067 contingat
490 1030 581 1060 vobis
594 1030 782 1068 specialiter
792 1030 958 1060 interdici.
969 1030 1061 1060 Nulli
1074 1034 1134 1060 etc.

129 1087 239 1113 nostre
257 1083 481 1113 concessionis
499 1087 558 1113 etc.
577 1084 648 1112 Dat.
665 1083 827 1121 Anagnie,
843 1084 874 1113 II
887 1083 1046 1113 kalendas
1063 1092 1137 1121 sep-

128 1136 277 1170 tembris,
296 1145 381 1165 anno
397 1136 514 1174 primo.
535 1148 547 1162 »

202 1315 288 1342 ¹225

169 1377 257 1403 Fratri
283 1377 397 1407 Rufino,
422 1377 448 1403 in
471 1376 600 1403 Calabria
622 1381 649 1403 et
669 1377 766 1403 Sicilia
786 1376 954 1410 Olctaviani]
984 1377 1135 1404 cardinalis

628 1314 754 1347 Anagni,
772 1315 786 1340 5
803 1315 966 1348 septembre
987 1314 1062 1340 1255.

129 1427 214 1459 iegati
233 1427 346 1456 vicario,
367 1425 494 1456 mandat,
515 1430 543 1451 ut
561 1425 743 1452 Benedictam
756 1447 762 1458 ,
779 1426 952 1451 abbatissam
972 1426 1135 1452 monasterii

128 1483 154 1502 s.
179 1475 284 1500 Mariae
305 1474 491 1509 Syracusani,
509 1484 523 1499 a
545 1473 687 1500 Matthaco
707 1475 798 1500 electo
819 1474 1000 1509 Syracusano
1017 1474 1134 1501 destitu-

127 1529 200 1553 tam,
218 1524 283 1557 quia
304 1523 338 1548 ad
356 1523 520 1549 monasterii
539 1524 666 1556 regimen
683 1522 781 1548 cadoni
800 1522 952 1549 Benedicta
973 1524 1134 1549 immediate

125 1573 294 1598 succederet
318 1572 399 1598 matri
423 1572 525 1606 ipsius,
551 1572 693 1598 restituat.
719 1571 800 1604 (Rau,
829 1572 873 1601 2³4,
900 1580 926 1598 0.
948 1572 1009 1606 618,
1033 1572 1052 1599 f.
1069 1572 1132 1603 93v;

126 1621 273 1648 Portum-T
293 1621 398 1652 teoto.)

166 1734 178 1747 (t
199 1723 302 1750 Fran-z·
317 1722 434 1758 Rufino,
453 1722 674 1759 pem'tentiario
688 1727 713 1750 el
727 1722 883 1759 capellano
898 1727 1009 1756 nostro,
1031 1723 1060 1750 in
1082 1723 1134 1751 Ca-

123 1776 222 1804 labria
244 1780 268 1803 e!
285 1776 400 1812 Syct'licz
420 1775 522 1803 dilecti
538 1774 600 1811 filii
618 1775 716 1803 nostri
734 1775 762 1803 O.
785 1780 886 1803 sancte
902 1775 996 1803 Marte
1017 1776 1047 1803 in
1071 1776 1133 1804 Via-

125 1830 187 1857 lata
204 1829 327 1857 diaconi
345 1828 526 1861 cardinalis,
546 1828 705 1864 apostolice
721 1828 804 1856 Sedis
824 1829 914 1864 legati
934 1829 1061 1857 vicario.
1080 1828 1133 1857 Di-

125 1881 207 1910 lecta
234 1881 267 1909 in
287 1880 420 1910 Christo
445 1879 510 1909 tilia
539 1880 735 1913 Benedicta,
761 1880 916 1909 monialis
940 1881 1135 1909 monasterii

125 1938 237 1963 sancte
262 1933 365 1962 Marie
387 1932 582 1962 monialium
606 1933 852 1971 Syl-ac11[sa]ni,
877 1933 1004 1962 ordinis
1029 1933 1135 1962 sancti

126 1986 310 2019 Benedicti,
325 1986 519 2015 transmissa
533 1985 628 2014 nobis
643 1985 813 2023 petitione,
828 1986 1034 2020 monstravit,
1049 1986 1135 2024 quod

124 2039 203 2068 Olim
222 2038 401 2076 Margarita
420 2043 522 2067 matre
538 2047 608 2072 sua,
625 2038 793 2067 abbatissa
806 2038 912 2075 ipsius
928 2039 1132 2075 monasterii,

127 2091 214 2120 viam
232 2091 386 2121 universe
404 2091 514 2120 carnis
530 2091 692 2128 ingressa,
709 2090 792 2120 bone
809 2091 966 2121 memorie
986 2115 1018 2125 ..,
1038 2092 1134 2130 Syra-

127 2153 270 2174 cusanus
290 2144 474 2182 episcopus,
493 2143 599 2182 ipsam
616 2144 666 2177 R,
684 2147 781 2181 prout
797 2144 965 2181 spectabat
982 2144 1022 2173 ad
1042 2153 1132 2180 eum,

128 2197 330 2227 abbatissam
357 2197 463 2227 eidem
488 2196 690 2226 monasterio
714 2196 897 2235 deputavit,
926 2197 960 2226 in
987 2207 1051 2236 quo
1078 2207 1136 2236 per

126 2250 308 2280 triennium
320 2249 533 2286 laudabiliter
544 2249 666 2279 dicitur
678 2249 897 2279 ministrasse.
912 2251 1036 2280 Verum
1049 2251 1135 2280 dicto

125 2303 277 2340 episcopo
293 2302 392 2331 rebus
409 2301 565 2331 humanis
582 2305 742 2340 exempto,
764 2302 932 2338 Matheus,
952 2303 1135 2341 Syracusa-

125 2365 187 2385 nus
205 2355 340 2389 electus,
359 2364 544 2393 propotu—ns
562 2355 648 2393 quod
664 2355 703 2384 ad
720 2355 826 2393 ipsius
841 2356 1035 2385 monasterii
1048 2356 1135 2394 regi-

123 2398 199 2439 men
217 2409 330 2439 eadem
350 2409 387 2437 Β.
405 2408 594 2438 immediate
612 2408 786 2437 succedere
806 2418 870 2438 non
887 2413 1014 2447 poterat
1036 2409 1135 2438 matri

124 2470 198 2496 sue,
219 2470 290 2490 eam
315 2452 463 2489 destituit
491 2469 508 2489 a
531 2460 693 2497 regimine
719 2460 913 2490 monasterii
940 2461 1133 2499 supradicti.

123 2515 231 2550 Quare
245 2514 308 2543 fuit
327 2513 421 2543 nobis
436 2522 472 2542 ex
488 2518 579 2551 parte
594 2513 699 2550 ipsius
713 2512 885 2542 humiliter
900 2513 1132 2551 supplicatum,

125 2571 157 2596 ut
177 2567 354 2596 subvenire
372 2566 435 2595 sibi
457 2575 555 2603 snper
572 2566 633 2595 hoc
650 2566 687 2595 de
706 2570 863 2595 consueta
887 2566 981 2595 Sedis
1005 2571 1135 2604 aposto·-

123 2619 185 2649 lice
209 2619 415 2657 providentia
438 2627 642 2647 curaremus.
665 2619 882 2648 Attendentes
901 2618 1003 2656 igitur
1019 2618 1134 2647 lauda-

124 2671 204 2701 bilia
222 2671 411 2701 testimonia
428 2671 549 2709 quibus
567 2671 766 2700 industriam
789 2671 894 2708 ipsius
927 2672 948 2699 3.
973 2671 1135 2709 multipli-

124 2724 205 2754 citer
222 2724 409 2753 audivimus
427 2723 666 2755 conuuei‘idari,
693 2732 728 2752 ac
750 2723 897 2753 volentes
915 2733 986 2753 cani
1004 2728 1134 2761 propter

124 2777 185 2806 hoc
204 2777 315 2806 favore
332 2777 487 2814 prosequi
505 2786 540 2804 ac
558 2776 663 2813 gratia
681 2776 827 2814 speciali,
846 2777 1040 2806 mandamus
1057 2786 1134 2815 qua-

126 2830 215 2859 tinus
233 2839 306 2858 cum
326 2838 374 2863 ea,
396 2829 422 2857 si
443 2829 524 2858 alias
542 2833 589 2858 est
607 2829 736 2863 idonea,
756 2833 801 2863 ut,
821 2829 1056 2866 nupt-diruente
1073 2829 1136 2858 1111-

121 2882 267 2921 jusmodi
284 2890 348 2911 non
366 2882 528 2914 obstante,
545 2882 585 2911 ad
602 2882 749 2919 regimen
765 2882 912 2921 ejusdem
928 2882 1133 2917 monasterii,

1223 298 1250 327 si
1270 299 1357 328 Deus
1376 300 1513 335 dederit,
1534 303 1659 331 assumi
1676 302 1793 337 valeat,
1814 303 2007 334 auctoritate
2027 308 2139 334 nostra
2156 309 2228 334 stu-

1221 351 1298 380 deas
1315 351 1518 389 dispensare,
1536 358 1631 391 prout
1646 355 1794 391 pensatis
1814 355 2074 386 circumstantiis
2091 357 2226 387 univer-

1222 403 1267 431 sis
1284 403 1407 433 videris
1430 406 1594 443 expedire.
1612 407 1684 436 Dat.
1706 407 1872 444 Anagnie,
1891 408 1988 438 nonis
2012 409 2223 447 septembris,

1222 463 1307 484 anno
1324 456 1440 493 primo.
1462 470 1474 483 ³)

1294 626 1378 653 ’2³28

1258 686 1394 720 Magistro
1410 687 1534 714 Johanni
1550 689 1584 714 de
1602 689 1631 716 S.
1645 689 1798 722 Germano,
1812 691 1989 717 subdiacono
2001 696 2028 718 ct
2040 695 2148 720 notario
2160 702 2224 724 suo.

1223 735 1345 766 mandat,
1361 737 1497 769 quatinus
1512 737 1621 763 Jacobo
1637 738 1757 768 Grosso.
1771 739 1916 773 capellano
1930 749 1993 771 su0‚
2007 741 2041 767 de
2056 741 2106 767 XL
2123 743 2227 769 marcis

1221 785 1331 817 argenti
1347 786 1492 811 annuatim
1510 786 1593 812 saciat
1611 787 1760 820 providere
1777 788 1803 813 in
1821 788 1943 814 ecclesia
1963 797 1986 816 5.
2006 789 2081 816 Petri
2099 790 2133 816 de
2151 790 2227 825 Syn-

1701 629 1826 663 Anagni,
1845 630 1875 655 17
1893 631 2055 665 septembre
2075 633 2151 659 1255.

1222 833 1285 865 tria,
1301 833 1326 859 ei
1340 834 1375 859 ab
1392 833 1560 861 Innocentio
1578 845 1648 870 papa
1666 835 1705 861 IV
1724 837 1843 868 collata,
1861 841 1969 863 retenta
1985 842 2079 864 autem
2097 839 2131 864 ad
2148 848 2228 865 men—

1221 889 1282 907 sam
1299 883 1333 907 ab
1350 882 1486 916 episcopo
1505 883 1703 910 Ulixbonensi.
1722 884 1804 917 (Rau.
1821 885 1865 918 24,
1882 894 1907 911 0.
1926 886 1987 918 6¹9,
2004 886 2022 913 f.
2039 887 2107 918 93'.)

1263 995 1276 1009 «
1298 984 1441 1020 Mayistro
1462 985 1599 1014 Johanni
1618 985 1651 1014 de
1672 986 1783 1015 Sancto
1808 987 1966 1021 Germano,
1991 988 2173 1017 subdiacano
2199 995 2225 1018 et

1221 1038 1342 1065 notario
1360 1043 1472 1066 nostro.
1490 1037 1577 1067 Olim
1594 1038 1702 1068 felicis
1718 1040 1957 1070 recordationis
1974 1042 1999 1070 I.
2018 1050 2100 1079 papa
2115 1042 2227 1079 prede-

1221 1098 1331 1119 cessor
1348 1094 1459 1120 noster
1476 1090 1649 1121 ecclesiam
1669 1092 1775 1121 sancti
1794 1093 1884 1122 Petri
1900 1093 1938 1123 de
1961 1094 2113 1132 Syntria,
2133 1094 2229 1125 Ulix-

1218 1142 1377 1172 bonensis
1391 1143 1543 1178 diocesis,
1559 1144 1678 1173 dilecto
1692 1144 1759 1174 filio
1775 1145 1897 1175 Jacobo
1911 1146 2043 1182 Grosso,
2057 1147 2227 1185 capellano

1218 1199 1341 1229 nostro,
1372 1196 1607 1226 conserendam
1636 1197 1789 1235 providit.
1822 1198 1884 1228 Sed
1915 1199 2097 1228 venerabili
2130 1200 2227 1230 fratri

1218 1252 1330 1278 nostro
1351 1271 1385 1283 ..,
1404 1248 1625 1279 Ulixbonensi
1649 1250 1818 1289 episcopo,
1842 1251 1881 1280 ad
1905 1261 1997 1281 suam
2023 1257 2227 1290 spectantem

1219 1309 1367 1330 mensam
1393 1302 1554 1339 prefatam
1576 1302 1750 1332 ecclesiam
1773 1308 1959 1334 asserente.
1983 1314 2018 1333 ac
2045 1314 2143 1343 super
2164 1306 2226 1336 1100

1217 1353 1305 1381 inter
1320 1353 1461 1382 eundem
1476 1354 1665 1392 episcopum
1680 1359 1710 1384 et
1722 1355 1831 1393 ipsum
1847 1357 2054 1394 capellanum
2070 1362 2140 1388 orta
2156 1368 2227 1388 ma-

1217 1405 1301 1434 teria
1325 1405 1526 1443 questionis.
1549 1407 1681 1436 tandem
1699 1407 1786 1437 inter
1807 1418 1861 1438 eos
1884 1409 2075 1448 hujusmodi
2093 1420 2225 1449 compo-

1217 1457 1293 1487 sitio
1308 1458 1508 1492 intercessit,
1522 1463 1557 1488 ut
1568 1459 1722 1489 videlicet
1736 1460 1823 1490 idem
1837 1462 2020 1500 episeopus,
2035 1463 2074 1492 ad
2086 1464 2225 1494 eandem

1217 1520 1365 1540 mensam
1382 1511 1556 1541 ecclesiam
1570 1512 1718 1542 retinens
1735 1519 1960 1550 memoratam,
1980 1516 2104 1545 tamdiu
2120 1518 2223 1554 capel-

1216 1563 1290 1592 lano
1314 1563 1420 1593 eidem
1439 1573 1584 1593 annuam
1602 1566 1663 1594 XX
1682 1575 1867 1595 marcarum
1887 1569 2080 1605 pensionem
2097 1565 2224 1599 solvere

1216 1619 1396 1651 teneretur,
1421 1617 1523 1646 donec
1547 1618 1611 1647 sibi
1634 1618 1671 1647 de
1697 1618 1858 1649 beneficio
1877 1620 2112 1656 ecclesiastico,
2131 1622 2224 1661 cujus

1216 1673 1394 1706 proventus
1406 1670 1463 1698 XL
1480 1679 1529 1698 ma
1537 1679 1607 1700 rcas
1622 1671 1859 1709 sterlingorum
1875 1673 2023 1703 valerent
2040 1674 2137 1704 annis
2154 1675 2224 1704 sin-

1216 1721 1314 1758 gulis,
1339 1722 1545 1759 providerem
1578 1723 1752 1762 dictusque
1778 1725 1991 1762 predecessor
2017 1727 2225 1764 postmodum

1217 1773 1332 1803 nolens
1361 1774 1447 1812 quod
1472 1774 1663 1813 hujusmodi
1686 1777 1831 1814 provisio
1858 1787 1915 1815 per
1941 1778 2122 1808 triennium
2148 1784 2225 1808 tune

1216 1826 1318 1855 dilata
1341 1827 1488 1865 ejusdem
1508 1827 1670 1865 capellani
1691 1829 1850 1867 ailligeret
1873 1831 2033 1865 animam,
2056 1831 2225 1861 detinente

1216 1880 1322 1917 ipsam
1339 1880 1425 1909 dicto
1440 1880 1591 1918 episcopo
1607 1881 1733 1911 diutius
1747 1882 1781 1910 in
1798 1892 1970 1921 suspenso,
1984 1884 2090 1914 eidem
2108 1884 2141 1913 in
2160 1885 2226 1914 vir—

1218 1936 1285 1961 tute
1304 1932 1491 1962 obedientie
1506 1933 1655 1963 districtc
1670 1935 1740 1964 suis
1756 1935 1845 1965 dedit
1861 1935 1981 1966 litteris
1998 1937 2033 1966 in
2049 1938 2223 1975 preceptis,

1217 1989 1252 2013 ut
1275 1985 1380 2014 eidem
1405 1985 1574 2023 capellano
1591 1987 1628 2016 de
1646 1988 1804 2024 pensione
1824 1989 1969 2026 predicta
1987 1990 2080 2028 juxta
2096 2000 2227 2028 compo-

1218 2037 1372 2067 sitionem
1390 2039 1527 2068 eandem
1545 2043 1574 2068 et
1591 2039 1629 2069 de
1646 2045 1823 2077 personatu
1841 2041 1890 2071 vel
1908 2042 2068 2079 dignitate
2086 2053 2144 2073 seu
2160 2052 2225 2073 11110

1218 2090 1268 2119 vel
1284 2090 1435 2128 pluribus
1452 2091 1624 2121 beneficiis
1639 2102 1697 2123 sue
1712 2094 1856 2123 civitatis
1871 2100 1901 2125 et
1915 2095 2056 2125 diocesis
2070 2096 2104 2125 111
2123 2096 2225 2126 ecclc-

1218 2143 1268 2172 sia
1297 2143 1479 2173 cathedrali
1506 2145 1557 2174 vel
1585 2145 1660 2175 aliis
1687 2147 1744 2176 XL
1774 2156 1960 2177 marcarum
1988 2149 2223 2187 sterlingorum

1217 2196 1361 2226 valorem
1385 2198 1627 2235 attingentibus
1651 2200 1840 2235 annuatim,
1863 2201 1953 2230 omni
1976 2211 2067 2231 mora
2090 2207 2120 2232 et
2140 2203 2226 2232 diffi-

1218 2249 1339 2279 cultate
1356 2251 1575 2286 cessantibus,
1596 2252 1792 2290 provideret.
1809 2254 1902 2290 Quod
1919 2254 1946 2283 si
1966 2255 2138 2294 episcopus
2155 2256 2225 2294 ipse

1217 2301 1344 2339 prefato
1361 2303 1530 2340 capellano
1549 2304 1587 2333 de
1604 2310 1781 2342 personatu
1798 2305 1848 2336 vel
1870 2307 2031 2344 dignitate
2050 2317 2108 2338 seu
2125 2309 2226 2339 bene·
2246 2318 2250 2320 ’

1219 2354 1304 2384 ficiis
1328 2364 1392 2383 11110
1414 2356 1464 2385 vel
1486 2356 1638 2394 pluribus
1653 2358 1746 2396 juxta
1762 2359 1946 2396 predictum
1962 2361 2106 2390 valorem
2124 2362 2225 2391 attin-

1218 2408 1373 2444 gentibus
1396 2409 1568 2446 providere
1594 2415 1804 2449 postponeret
1829 2412 1918 2442 infra
1943 2423 2067 2442 annum
2092 2424 2226 2453 compu—

1218 2461 1365 2493 tandum,
1381 2461 1419 2490 ab
1432 2471 1469 2491 eo
1484 2466 1628 2500 tempore
1642 2473 1705 2502 quo
1720 2464 1847 2494 litteras
1861 2465 1967 2503 ipsius
1982 2467 2224 2504 predecessoris

1218 2523 1316 2551 super
1327 2514 1516 2551 provisione
1535 2520 1712 2545 memorata
1726 2518 1784 2546 XL
1799 2528 1983 2547 marcarum
1999 2520 2104 2549 eidem
2117 2521 2225 2558 capel-

1218 2565 1293 2595 lano
1308 2567 1485 2603 prestanda
1499 2568 1671 2606 episcopus
1682 2570 1850 2607 predictus
1865 2573 2035 2609 receperit,
2054 2578 2172 2603 extunc
2187 2575 2226 2603 ad

1217 2619 1411 2656 [1005100010
1435 2620 1597 2649 dictarum
1619 2622 1675 2650 XL
1696 2632 1881 2652 marcarum
1903 2624 2137 2661 5101111100111111
2161 2626 2224 2655 sibi

1219 2672 1390 2701 annuatim
1413 2682 1449 2702 eo
1473 2682 1578 2711 usque
1602 2674 1674 2704 51110
1694 2675 1885 2705 difficultate
1905 2677 2017 2715 aliqua
2035 2679 2225 2715 persolven-

1218 2723 1292 2752 dalu
1314 2730 1514 2755 memoratus
1536 2727 1748 2764 predecessor
1769 2727 1872 2757 voluit
1895 2739 1931 2757 ac
1955 2730 2098 2759 dcwrevit
2121 2732 2223 2760 teneri

1219 2776 1407 2814 episcopum
1426 2779 1662 2816 supradictum,
1681 2790 1852 2818 (pinusque
1868 2782 1930 2810 sibi
1947 2792 2088 2819 perenm
2106 2784 2143 2811 de
2156 2794 2231 2822 pre-⁴

1217 2829 1295 2858 fatis
1307 2835 1485 2867 personatu
1502 2832 1550 2861 vel
1565 2832 1725 2867 dignitate
1742 2843 1799 2862 seu
1817 2834 1976 2864 bens—ticio
1992 2836 2039 2863 vel
2055 2836 2224 2866 benefieiis

1218 2882 1408 2921 hujusnmdi
1430 2884 1606 2914 ellicaciter
1629 2886 1795 2923 provisum
1818 2887 1969 2916 existeret
1997 2892 2025 2916 et
2045 2889 2224 2919 eorundem
