2441 3330
223 208 262 238 38
948 207 1188 238 REGISTRES
1208 206 1516 237 D'ALEXANDRE
1538 207 1595 237 IV.

224 273 395 302 firmamus
416 276 477 302 etc.
501 272 756 302 communimus.
777 272 871 303 Nulli
891 277 950 303 etc.
978 277 1090 303 nostre
1112 272 1233 303 confir-

223 325 380 355 mationis
403 329 464 355 etc.
486 325 560 355 Dat.
583 324 739 363 Neapoli,
762 325 916 356 kalendis
940 325 1118 361 februarii,
1145 333 1232 355 anno

221 377 340 415 primo.
359 388 372 404 »

295 534 381 563 ¹88
794 534 911 569 Names,
929 535 944 562 9
960 535 1064 562 fevi-ier
1080 535 1158 562 1255.

258 595 402 631 Episcopo
419 595 631 630 Famagustano
647 600 676 623 et
690 596 785 622 abbati
803 596 972 631 Episcopiae
989 596 1120 628 mandat,
1139 601 1169 623 ut.
1185 606 1231 624 ar—

222 644 410 679 chiepiscopo
421 643 586 671 Nicosiensi
602 644 761 671 concedant
776 644 918 671 licentiam
935 645 1130 672 commutandi
1145 654 1232 680 quas-

223 692 286 718 dam
304 693 508 726 possessiones
523 699 640 718 mensae
656 693 722 727 ejus
738 694 765 719 in
781 693 861 726 alias,
873 693 897 719 si
911 693 1049 719 ecclesiae
1066 693 1231 720 Nicosiensi

223 739 348 766 viderint
361 740 507 775 expedire.
522 740 605 774 (Rso.
620 740 665 772 ⁶24,
682 749 708 768 c.
720 741 786 772 -126,
803 741 823 767 s.
841 742 893 773 ⁴16.)

265 840 278 854 «
303 850 336 863 ..,
356 829 489 866 episcopo
509 829 745 866 Famaqustarw,
769 833 795 857 et
817 851 848 864 ..,
867 829 968 858 abbati
989 830 1154 868 Episcopie,
1174 830 1230 859 Ni-

223 882 364 910 cosiensis
386 881 521 910 diocesis.
548 881 752 919 Supplicavit
775 881 870 911 nobis
900 882 1102 912 venerabilis
1128 882 1230 912 frater

223 938 335 964 noster
353 957 384 970 ..‚
405 933 673 972 archiepiscopus
689 934 928 969 Nicossiensis,
946 939 981 963 ut
998 943 1072 965 cum
1088 935 1230 973 quedam

221 986 450 1025 possessiones
479 986 519 1016 ad
548 996 697 1016 mensam
724 987 930 1025 pertinentes
959 988 1064 1025 ipsius
1091 988 1228 1018 inutiles

221 1038 418 1074 habeantur,
437 1039 661 1069 commutandi
677 1049 732 1069 eas
748 1040 782 1069 in
799 1039 882 1069 alias
899 1040 1037 1070 ecclesie
1054 1049 1113 1070 sue
1128 1040 1228 1071 utiles

222 1091 292 1121 sive
316 1090 447 1121 locandi
468 1096 626 1130 perpetuo
648 1092 699 1121 vel
721 1092 820 1122 etiam
843 1093 1007 1123 vendendi
1034 1102 1071 1123 ac
1097 1093 1229 1123 emendi

222 1143 305 1173 alias
325 1144 363 1174 de
381 1144 486 1181 pretio
503 1144 692 1174 earumdem
710 1144 880 1174 licentiam
900 1145 965 1175 sibi
984 1149 1122 1183 paterna
1135 1145 1228 1175 solli-

222 1196 369 1225 citudine
385 1196 594 1233 largiremur.
612 1197 658 1226 De
679 1201 787 1227 vestra
803 1198 915 1236 itaque
932 1198 1227 1236 circumspectione

220 1247 352 1286 plenam
381 1249 416 1277 in
441 1249 582 1278 Domino
608 1249 763 1278 fiduciam
793 1249 996 1285 obtinentes,
1032 1250 1227 1280 mandamus

221 1300 379 1338 quatinus
395 1301 501 1339 ipsius
517 1301 646 1338 negocii
660 1301 921 1331 circumstantiis
938 1302 1078 1332 sollicite
1094 1302 1228 1340 indaga-

220 1352 274 1387 tis,
293 1352 322 1382 si
341 1352 448 1382 eidem
464 1352 602 1382 ecclesie
617 1353 769 1383 videritis
787 1353 938 1391 expedire
954 1355 1082 1392 prefato
1098 1354 1228 1384 archie-

219 1405 353 1443 piscopo
372 1405 566 1435 auctoritate
585 1410 697 1435 nostra
710 1405 909 1444 postulatam
924 1406 1095 1436 licentiam
1111 1415 1228 1436 conce-

220 1457 317 1487 datis.
336 1458 385 1487 Ita
398 1462 508 1487 tamen
525 1457 612 1496 quod
628 1466 692 1487 non
706 1458 798 1496 prius
814 1462 983 1496 presumat
999 1458 1227 1496 possessiones

220 1511 362 1540 vendere
380 1515 579 1541 memoratas
597 1520 696 1550 quam
712 1512 879 1541 invenerit
897 1511 980 1541 alias
1002 1512 1037 1541 in
1054 1520 1136 1550 quas
1152 1512 1228 1542 illa-

220 1573 293 1593 rum
315 1564 458 1602 pretium
480 1573 538 1602 per
557 1573 675 1594 manus
700 1568 827 1594 vestras
852 1565 981 1601 integre
1004 1569 1224 1601 convertatur,

217 1617 405 1655 juramento
422 1617 509 1655 quod
528 1626 594 1647 non
615 1617 654 1647 de
671 1617 858 1647 alienandis
874 1618 980 1656 ipsius
997 1617 1135 1648 ecclesie
1151 1627 1227 1656 pos-

221 1669 427 1699 sessionibus
445 1669 632 1707 prestitisse
651 1669 772 1699 dicitur
791 1678 855 1699 non
872 1670 1040 1706 obstante;
1060 1671 1227 1708 provisuri

219 1730 261 1752 ne
277 1722 364 1760 quod
387 1731 445 1760 pro
467 1722 613 1760 ejusdem
637 1722 774 1752 ecclesie
793 1723 936 1752 utilitate
959 1723 1170 1753 concedimus
1191 1723 1226 1752 in

219 1774 325 1812 ipsius
341 1775 445 1812 possit
461 1784 595 1812 vergere
616 1775 852 1805 detrimentum
868 1776 967 1814 idque
985 1786 1000 1805 a
1023 1776 1116 1805 vobis
1131 1785 1149 1806 a
1165 1777 1225 1806 Do-

218 1827 309 1856 mino
325 1826 526 1865 requiratur.
543 1827 636 1863 Quod
653 1828 681 1857 si
702 1836 767 1857 non
787 1828 881 1857 ambo
898 1833 957 1858 etc.
979 1829 1052 1858 Dat.
1072 1829 1223 1867 Neapoli,

218 1880 246 1910 V
261 1879 336 1908 idus
353 1879 525 1915 februarii,
543 1890 630 1909 anno
645 1881 762 1918 primo.
780 1894 792 1907 >1

290 2037 375 2065 ¹39

253 2098 366 2125 Suevos
382 2102 463 2131 rogat
478 2102 506 2124 et
520 2099 650 2125 hortatur
663 2104 693 2125 ut
709 2100 888 2133 [Alplionso]‚
903 2101 961 2133 regi
976 2100 1113 2127 castellae
1127 2110 1159 2127 ac
1172 2100 1224 2127 Le-

789 2037 906 2072 Naples,
925 2040 937 2064 lt
956 2038 1057 2064 fex-rim·
1075 2039 1152 2066 1255.

216 2148 320 2181 gionis,
334 2147 367 2173 ad
380 2147 586 2182 acquirendum
604 2148 739 2173 ducatum
758 2147 880 2174 Sueviac
895 2153 922 2174 et
938 2149 1076 2182 quaedam
1094 2149 1147 2175 alia
1159 2152 1224 2183 jura

215 2196 242 2222 ei
252 2196 280 2222 in
294 2196 349 2222 illis
364 2196 492 2230 partibus
503 2205 537 2221 ex
551 2200 675 2222 materna
689 2197 876 2222 successione
888 2197 1080 2231 competentia
1095 2202 1225 2232 potenter

215 2248 242 2271 et
259 2248 387 2279 patenter
402 2245 548 2271 assistant.
568 2244 650 2274 (tuo.
666 2244 709 2275 Ἣ,
727 2253 752 2270 c.
774 2244 830 2276 1⁶37,
849 2246 866 2271 f.
889 2246 932 2274 16:
953 2245 1097 2272 l’o'r'rkiAST
1116 2247 1220 2278 leTU.)

257 2344 269 2358 «
288 2333 451 2369 Episcopis,
467 2333 622 2361 abbatibus
638 2338 663 2361 et
674 2334 869 2374 principibus
883 2343 937 2370 per
954 2334 1098 2363 (luculum
1116 2335 1223 2363 Suevie

215 2386 398 2415 constitutis.
416 2385 461 2414 Ea
475 2385 669 2414 carissimus
686 2385 720 2414 in
736 2385 869 2415 Christo
882 2386 972 2415 filius
987 2391 1098 2415 noster
1116 2410 1148 2422 ..,
1166 2396 1223 2416 rex

214 2436 357 2468 Castelle
380 2440 409 2466 et
429 2437 585 2474 Legionis
602 2437 758 2471 illustris.
778 2448 813 2466 ac
836 2439 1063 2476 progenitores
1083 2439 1134 2468 sui
1152 2439 1222 2469 sin-

214 2490 350 2520 ceritate
378 2489 562 2519 devotionis
588 2494 618 2519 et
641 2490 716 2519 fidei
734 2500 810 2527 erga
835 2491 1017 2520 Romanam
1040 2491 1221 2521 Ecclesiam

212 2542 301 2572 inter
317 2541 399 2571 alios
414 2542 592 2571 catholicos
606 2543 772 2580 principes
786 2543 953 2581 preteritis
967 2544 1127 2574 claruisse
1143 2549 1221 2573 tem-

213 2594 350 2633 poribus
365 2594 593 2629 dinoscuntur,
611 2598 644 2623 ut
659 2595 798 2624 cundem
811 2596 880 2625 suis
897 2600 927 2624 ct
944 2604 1078 2625 suorum
1091 2596 1220 2634 exigen-

213 2647 302 2676 tibus
315 2647 444 2676 meritis
457 2647 611 2684 specialis
621 2647 805 2677 devotionis
818 2648 962 2677 brachiis
972 2649 1219 2686 amplectentes,

213 2698 322 2737 plenis
348 2699 524 2729 desideriis
549 2704 738 2737 exoptemus
762 2700 869 2738 ipsum
893 2701 1060 2730 continuis
1084 2701 1220 2731 honoris

213 2756 245 2782 et
261 2751 365 2789 gratie
381 2752 538 2789 proficere
556 2752 770 2781 incrcnwntis
788 2753 884 2791 eique
901 2753 933 2782 in
952 2753 1018 2783 hiis
1035 2763 1097 2791 quc
1114 2753 1220 2791 ipsius

211 2805 395 2843 profectum
411 2804 593 2842 respiciunt
612 2805 715 2834 nostri
734 2806 858 2835 favoris
880 2806 1094 2835 exhibeamus
1112 2806 1220 2844 pleni-

212 2856 362 2887 tudinem
380 2856 564 2886 liberaliter
580 2861 609 2886 et
626 2856 778 2887 libenter.
797 2858 878 2888 Cum
896 2858 1008 2895 igitur,
1026 2859 1110 2888 sicut
1124 2858 1218 2888 intel-

1315 271 1468 307 leximus,
1487 272 1574 302 idem
1590 281 1646 303 rex
1665 273 1706 303 ad
1720 272 1959 312 acquirendum
1981 273 2137 303 ducatum
2154 273 2275 304 Suevie
2290 277 2323 304 et

1315 324 1456 363 quedam
1473 324 1537 354 alia
1550 325 1627 364 jura
1643 325 1708 356 sihi
1723 325 1758 355 in
1774 324 1844 355 illis
1862 324 2011 363 partibus
2027 334 2064 354 ex
2081 329 2231 355 materna
2245 333 2322 355 suc-

1314 376 1464 407 cessione
1481 378 1711 416 competentia,
1729 386 1768 408 ea
1783 386 1848 416 qua
1860 377 2015 407 convenit
2027 377 2322 416 circumspectione

1314 432 1345 458 et
1362 429 1510 466 potentia
1531 429 1760 460 desideranter
1779 429 1944 465 intendat,
1965 438 2024 459 nos
2041 433 2187 459 vestrum
2202 429 2238 459 in
2258 428 2322 460 hoc

1313 481 1483 519 procurari
1501 481 1660 511 honorem
1677 486 1708 512 et
1723 482 1871 522 ejusdem
1889 482 2028 512 ducatus
2048 485 2170 512 statum
2184 489 2321 520 prospe-

1313 543 1387 563 rum
1403 534 1622 569 attendentes,
1644 534 1853 565 devotionem
1871 539 2014 565 vestram
2030 543 2185 572 rogamus
2200 538 2232 564 et
2246 533 2320 565 hor-

1313 590 1422 616 tamur
1443 590 1578 622 attente‚
1597 587 1689 617 vohis
1704 596 1763 625 per
1784 586 1963 625 apostolica
1983 586 2104 625 scripta
2124 586 2320 617 mandantes

1313 639 1471 677 quatinus
1500 639 1586 669 dicto
1615 639 1686 677 regi
1715 644 1746 669 et
1768 639 1839 678 ejus
1869 639 2002 669 nunciis
2027 638 2068 668 ol)
2096 638 2321 669 reverentiam

1313 691 1491 729 apostolice
1505 692 1600 722 Sedis
1617 696 1648 722 et
1661 696 1808 722 nostram
1822 692 1857 721 in
1871 691 1997 722 eisdem
2009 691 2130 721 ducatu
2144 691 2319 730 etjuribus

1312 743 1502 773 obtinendis
1519 748 1671 782 potenter
1686 748 1717 774 et
1732 748 1884 782 patenter
1895 752 1954 782 pro
1966 743 2096 773 viribus
2110 743 2318 781 assistentes,

1312 795 1360 826 eis
1377 796 1411 824 in
1432 800 1497 825 tam
1515 796 1591 826 utili
1607 796 1700 826 vohis
1721 801 1751 826 et
1767 796 1832 835 ipsi
1852 796 1987 826 ducatui
2008 796 2240 834 prosecutione
2259 803 2321 828 ne-

1312 848 1397 885 gocii
1419 848 1515 879 fidele
1537 849 1715 879 consilium
1737 853 1768 879 et
1787 849 1900 879 efficax
1922 848 2083 878 auxilium
2106 847 2318 886 impendatis.

1312 903 1362 932 Ita
1383 902 1470 940 quod
1485 902 1572 932 idem
1593 911 1649 932 rex
1665 906 1772 932 vestre
1794 902 1940 940 potentie
1961 910 2021 940 ope
2041 901 2146 932 fultus
2167 901 2320 932 obtinere

1311 954 1419 984 valeat
1435 955 1522 993 quod
1539 955 1683 985 intendit
1701 960 1732 985 et
1748 964 1805 985 vos
1821 964 1876 985 eos
1899 955 1956 993 qui
1978 954 2153 985 ecclesiam
2174 954 2320 993 diligunt

1310 1016 1368 1045 per
1397 1007 1551 1037 effectum
1577 1008 1685 1046 operis
1721 1007 1859 1046 diligere
1890 1007 2142 1046 comprobantes
2170 1010 2320 1037 nostram

1310 1060 1448 1090 uberius
1471 1060 1588 1090 exinde
1610 1061 1807 1091 mereamini
1835 1061 1975 1099 gratiam
2001 1065 2032 1090 et
2055 1061 2212 1090 favorem.
2242 1060 2316 1091 Dat.

1311 1112 1461 1151 Neapoli,
1482 1114 1513 1143 II
1531 1122 1635 1143 nonas
1652 1113 1825 1149 februarii,
1846 1122 1933 1144 anno
1946 1113 2063 1152 primo.
2083 1126 2096 1140 »

1347 1217 1378 1244 [n
1399 1226 1425 1244 e.
1447 1226 1485 1245 m.
1507 1218 1651 1244 nobilibus
1671 1218 1740 1244 viris
1757 1218 1928 1252 comitibus,
1947 1218 2118 1251 baronibus,
2135 1218 2275 1245 militibus
2289 1221 2318 1246 et

1310 1266 1547 1292 ministerialibus
1564 1274 1613 1300 per
1628 1267 1764 1293 ducatum
1781 1267 1886 1293 Suevie
1901 1267 2079 1294 constitutis.

1346 1315 1378 1341 In
1395 1323 1421 1342 e.
1439 1324 1476 1340 ni.
1495 1315 1654 1341 rectoribus
1670 1319 1698 1342 et
1713 1316 1876 1342 castellanis
1892 1324 1925 1342 ac
1939 1316 2196 1343 communitatibus
2213 1315 2317 1343 civita-

1309 1366 1371 1389 tum
1387 1367 1416 1389 et
1430 1367 1590 1389 castrorum
1608 1371 1657 1398 per
1672 1363 1807 1390 ducatum
1825 1363 1930 1391 Suevie
1944 1365 2121 1391 constitutis.

1385 1516 1472 1545 140
1882 1515 1999 1551 Naples,
2017 1516 2032 1543 3
2048 1517 2152 1543 [ενι-191·
2166 1516 2245 1544 ¹255.

1346 1577 1503 1604 Heremitis
1522 1578 1656 1604 concedit
1675 1578 1838 1605 facultatem
1859 1578 2023 1604 necessaria
2044 1578 2119 1605 vitae
2142 1577 2317 1612 deposcendi

1308 1635 1342 1653 ac
1358 1626 1514 1661 recipiendi
1530 1627 1557 1652 in
1574 1627 1890 1653 excommunicatorum
1903 1627 1988 1653 terris
1999 1626 2143 1661 etiamque
2158 1626 2193 1652 ab
2208 1625 2252 1653 eis
2265 1633 2316 1654 ex-

1308 1675 1539 1701 communicatis.
1556 1674 1639 1708 (Rao.
1657 1675 1700 1706 24,
1718 1683 1745 1702 c.
1763 1675 1822 1709 128,
1839 1675 1860 1701 f.
1879 1675 1944 1706 16¹.)

1350 1775 1362 1789 «
1383 1786 1416 1798 ..,
1431 1765 1534 1800 priori
1549 1764 1700 1800 generali,
1721 1768 1747 1792 et
1762 1763 1914 1799 fratribus
1934 1763 2054 1792 ordinis
2072 1763 2312 1792 Heremitarum.

1306 1815 1410 1845 Vobis
1426 1820 1605 1845 extremam
1626 1815 1830 1853 patientibus
1851 1824 1908 1853 pro
1931 1815 2057 1845 Christi
2079 1814 2213 1845 nomine
2233 1824 2316 1853 pau-

1306 1873 1467 1907 pertatem
1489 1869 1587 1906 digne
1610 1868 1801 1898 conceditur
1823 1868 1863 1897 ab
1888 1867 2066 1906 apostolice
2091 1867 2186 1898 Sedis
2209 1867 2316 1906 gratia

1306 1931 1365 1959 per
1380 1922 1466 1960 quod
1487 1926 1517 1951 et
1535 1921 1727 1951 necessitati
1745 1925 1852 1951 vestre
1871 1920 2057 1950 consulitur
2073 1924 2103 1950 et
2126 1920 2316 1950 benefacto-

1306 1973 1400 2003 ribus
1430 1974 1549 2003 vestris
1579 1973 1696 2003 salutis
1723 1973 1878 2002 meritum
1907 1977 2114 2011 procuratur.
2147 1973 2235 2003 Hinc
2263 1975 2314 2003 est

1307 2026 1393 2065 quod
1409 2036 1468 2056 nos
1489 2035 1629 2065 quorum
1647 2026 1793 2064 deposcit
1811 2025 1955 2055 officium
1971 2025 2073 2064 justis
2094 2033 2242 2055 annuere
2257 2024 2315 2056 de-

1306 2079 1440 2109 sideriis
1456 2079 1647 2108 devotorum
1664 2082 1752 2108 veste
1776 2078 1928 2117 precibus
1951 2077 2152 2108 humilitatis
2171 2076 2312 2111 inducti.

1306 2136 1341 2161 ut
1362 2140 1434 2167 vos,
1453 2132 1509 2170 11111
1531 2131 1771 2161 exhortationis
1791 2131 1844 2169 pie
1864 2131 1973 2161 studio
1995 2131 2098 2161 bonos
2123 2131 2165 2160 ad
2184 2130 2314 2169 potiora

1306 2184 1452 2222 dirigitis
1473 2189 1503 2214 et
1520 2189 1668 2214 errantes
1683 2185 1718 2213 in
1742 2184 1952 2215 rectitudinis
1971 2183 2124 2214 semitam
2139 2183 2313 2213 laudabili-

1306 2241 1355 2267 ter
1369 2237 1542 2272 revocatis,
1561 2237 1596 2266 in
1613 2237 1970 2266 excommunicatorum
1991 2236 2088 2266 terris
2104 2235 2208 2266 libere
2224 2239 2256 2266 et
2271 2235 2312 2266 ah

1306 2290 1354 2319 eis
1374 2295 1450 2320 tunc
1467 2300 1503 2319 ac
1526 2290 1625 2319 etiam
1641 2289 1772 2328 quando
1788 2298 1845 2318 vos
1862 2298 1921 2326 per
1941 2288 2029 2327 ipsos
2047 2289 2189 2318 transire
2205 2288 2312 2318 conti-

1305 2343 1389 2379 gerit
1412 2342 1600 2372 necessaria
1623 2342 1689 2371 vite
1716 2342 1891 2380 deposcere
1918 2350 1955 2371 ac
1979 2342 2127 2379 recipere
2152 2341 2309 2377 valeatis,

1304 2395 1396 2425 vobis
1426 2395 1621 2425 auctoritate
1644 2394 1849 2433 presentium
1871 2394 2082 2424 concedimus
2105 2393 2308 2424 facultatem.

1303 2447 1396 2477 Nulli
1413 2451 1473 2477 etc.
1492 2451 1603 2477 nostre
1619 2446 1844 2477 concessionis
1857 2451 1918 2476 etc.
1935 2447 2008 2476 Dat.
2025 2446 2176 2485 Neapoli,
2191 2447 2242 2477 III
2255 2454 2310 2476 no-

1304 2510 1363 2531 nas
1379 2500 1552 2535 februarii,
1572 2509 1658 2530 anno
1674 2500 1791 2538 primo.
1812 2512 1825 2525 »

1375 2660 1454 2687 141
1857 2657 1974 2692 Naples,
1992 2656 2024 2683 10
2037 2656 2141 2683 fevi-ier
2159 2655 2236 2683 1255.

1337 2721 1482 2748 Statutum
1499 2721 1626 2755 episcopi
1644 2719 1897 2754 Cosani-augustani,
1914 2718 2066 2746 eeclesiam
2082 2719 2106 2752 ej
2114 2725 2147 2744 us
2162 2717 2190 2744 in
2207 2717 2308 2744 ordine

1301 2770 1376 2796 beati
1393 2769 1550 2804 Augustini
1567 2769 1734 2799 reformans,
1751 2768 1910 2794 confirmat.
1931 2768 2012 2799 (Rae.
2023 2766 2068 2800 24,
2084 2774 2109 2792 c.
2129 2765 2188 2797 129,
2201 2765 2221 2793 f.
2241 2765 2306 2799 ἰδ’.)

1342 2869 1355 2883 «
1380 2880 1413 2892 ..,
1438 2857 1571 2894 episcopo
1595 2856 1868 2893 Cesar-augustano.
1899 2854 1982 2885 Cum
2009 2863 2027 2884 a
2055 2853 2152 2883 nohis
2181 2851 2307 2891 petitur
