2441 3330
174 225 213 256 88
899 217 1140 251 REGISTRES
1161 215 1469 247 D'ALEXANDRE
1491 216 1548 246 IV.

175 297 291 320 sonam
314 293 405 319 tuam
429 287 594 317 sinceram
616 286 794 325 diligentes
815 286 850 316 in
870 285 1012 316 Domino
1034 283 1182 318 caritate,

173 341 316 371 libenter
331 339 549 378 petitionibus
565 339 631 369 tuis
651 339 834 377 benignum
853 337 1104 368 accomodamus
1126 343 1185 364 au-

175 395 280 424 ditum
296 393 345 423 eis
358 392 513 431 precipue
530 392 570 422 ad
586 392 809 423 exauditionis
825 391 966 430 gratiam
982 388 1185 420 admittendo

175 455 240 486 que
261 445 403 476 salutem
428 445 537 476 anime
562 445 728 484 respicere
754 445 984 475 dinoscuntur.
1018 442 1105 472 Hinc
1136 444 1186 471 est

176 499 263 539 quod
280 507 340 528 nos
357 498 423 528 tuis
445 497 745 536 supplicationibus
760 496 925 530 inclinati,
943 494 1110 526 devotioni
1129 497 1184 523 tue

176 551 319 583 testandi
341 551 445 581 libere
463 551 502 581 de
523 551 619 581 bonis
647 551 713 581 tuis
735 554 801 580 tarn
828 547 1065 580 ecclesiasticis
1086 555 1185 586 quam

176 604 355 635 mundanis
380 603 510 642 plenam
533 603 727 634 auctoritate
750 601 955 641 presentium
974 599 1185 631 concedimus

176 657 381 688 facultatem.
398 657 472 686 Dat.
490 656 647 694 Neapoli,
664 656 748 686 XIII
764 654 924 685 kalendas
944 653 1060 692 aprilis
1073 676 1080 686 ,
1099 660 1186 682 anno

176 710 293 749 primo.
314 722 328 737 »

249 880 340 910 82⁰

214 942 311 969 Nobili
324 942 437 968 mulieri
452 942 652 974 Mat-chisiano,
666 942 747 969 uxori
760 941 863 967 nobilis
879 941 931 966 viri
950 940 1035 966 Marci
1054 939 1188 965 Battum-ii

180 991 215 1018 de
232 991 373 1021 venetiis.
390 991 539 1017 confirmat
556 991 764 1017 restitutionem
783 990 937 1016 comitatus
953 988 1084 1017 Andr-ae,
1102 995 1186 1022 quem

181 1039 326 1066 Heni-icus
350 1039 545 1066 Romanorum
568 1041 722 1074 imperator
746 1037 890 1073 spoliavit.
911 1037 995 1070 (Rto.
1011 1037 1060 1068 24.
1077 1045 1102 1063 c.
1119 1035 1186 1067 ²72,

180 1088 199 1115 f.
217 1088 280 1121 36';
299 1087 480 1120 Ronenneue,
496 1087 548 1120 III,
566 1094 595 1113 nu
612 1088 684 1119 3921.)

766 879 884 914 Naples,
905 878 933 906 {3
949 878 1019 904 avril
1040 878 1115 904 1255.

224 1202 237 1216 α
259 1190 360 1218 Nobili
380 1189 505 1217 muilier-1⁴
523 1189 721 1223 Mai-chisine,
748 1193 817 1217 nate
839 1189 911 1217 bone
926 1188 1070 1216 memorie
1090 1187 1190 1216 Paani

182 1243 269 1271 ducis
291 1242 476 1270 Venetorum.
496 1242 588 1269 >careri
606 1241 715 1269 nobilis
734 1242 796 1269 viri
809 1241 905 1270 Marci
922 1240 1072 1269 Baduarii
1087 1240 1120 1268 (Ie
1140 1240 1190 1268 Vez-

182 1295 287 1328 netiis,
309 1295 436 1323 salutem
461 1298 513 1323 ele.
540 1294 623 1329 Quia
646 1301 885 1331 nonnunquam
909 1292 1095 1322 devotiores
1120 1291 1190 1321 effi-

182 1347 316 1377 ciuntur
333 1346 441 1376 dex-oti
458 1351 486 1375 et
505 1346 560 1375 alii
578 1346 617 1375 ad
637 1346 843 1376 ‹Vl-‘rvotionem
863 1345 996 1375 facilius
1016 1344 1190 1374 attrahun-

183 1404 236 1429 tur
278 1408 352 1429 cum
391 1399 491 1435 digna
527 1399 745 1429 retributione
782 1398 1021 1437 respondemus
1061 1397 1190 1427 meritis

183 1452 385 1482 devotorum.
407 1452 504 1488 dig-*ne
529 1452 562 1480 in
581 1451 648 1480 illis
665 1451 822 1481 exuberat
839 1451 873 1480 in
895 1450 1076 1487 gratiarum
1095 1450 1190 1479 (lonis

184 1505 371 1535 necessarie
388 1504 615 1533 munificentie
637 1503 808 1542 plenitudo
829 1503 887 1541 qui
910 1502 996 1532 clara
1019 1501 1191 1531 nobilitate

183 1558 315 1596 generis
331 1557 475 1587 dtu-orati
492 1567 566 1595 erga
584 1557 767 1587 Ecclesiam
785 1558 968 1587 Romanam
986 1555 1082 1594 plene
1098 1556 1192 1585 devo-

185 1611 284 1641 tionis
301 1610 485 1640 constantia
508 1614 537 1639 et
554 1610 697 1648 puritate
714 1610 790 1639 fidei
812 1609 1014 1639 claruerunt.
1032 1609 1077 1638 Ex
1100 1612 1191 1646 parte

183 1663 348 1702 siquidem
371 1667 424 1692 tna
446 1663 540 1693 nobis
558 1663 665 1692 extitit
687 1663 889 1697 intimatum,
910 1662 997 1700 quod
1017 1662 1192 1692 comitatus

182 1715 292 1746 Andre
314 1716 353 1745 ad
378 1716 462 1745 bone
484 1716 642 1745 memorie
664 1739 695 1751 ..,
722 1715 829 1745 aviam
851 1719 956 1749 tuam,
983 1714 1143 1752 pertinuit
1161 1718 1192 1744 et

182 1768 239 1798 illo
256 1777 326 1797 eam
346 1768 432 1797 clare
451 1768 609 1798 memorie
626 1768 791 1798 lIenricus
808 1769 1033 1797 Romanorum
1048 1767 1192 1805 impera-

183 1826 232 1851 tor
248 1825 340 1859 prout
359 1821 460 1849 voluit
480 1821 649 1859 spoliavit;
663 1821 815 1859 quodque
831 1820 940 1850 felicis
954 1819 1192 1849 recordationis

182 1875 207 1904 Ι.
235 1884 317 1912 papa
341 1874 553 1911 predecessor
576 1879 687 1903 noster
709 1873 788 1903 olim
814 1873 1007 1903 comitatum
1026 1873 1136 1911 ipsum
1156 1873 1192 1902 in

181 1936 281 1965 regno
303 1932 414 1957 nostro
435 1927 558 1965 Sycilie
576 1927 772 1957 existentem
789 1935 864 1956 cum
886 1927 1041 1956 omnibus
1059 1926 1192 1966 juribus

182 1986 211 2011 et
234 1981 446 2020 pertinentiis
467 1981 537 2010 suis
564 1981 729 2019 qnondam
755 1981 865 2010 Marco
889 1980 1008 2014 Ziano,
1036 1988 1193 2017 germano

181 2039 247 2064 tuo.
265 2033 412 2072 plenu-ie
429 2034 573 2063 restituit
593 2038 623 2063 et
639 2033 721 2063 alias
739 2033 838 2063 etiam
856 2032 920 2063 sibi
941 2042 1040 2071 super
1062 2042 1099 2062 eo
1114 2033 1194 2063 fecit

181 2087 320 2125 gratiam
338 2086 525 2124 sffzmcialem,
542 2091 635 2124 prout
657 2087 689 2115 in
705 2086 826 2116 litteris
843 2086 1087 2123 predecessoris
1104 2086 1193 2124 ejus-

181 2140 255 2169 dem
270 2139 460 2178 hujusmodi
479 2139 722 2168 restitntiumun
740 2143 767 2168 et
787 2139 926 2175 gratiam
943 2138 1193 2168 continentibus

181 2191 312 2230 plenius
337 2192 536 2221 continetur.
565 2192 714 2230 Cumque
740 2191 827 2221 idem
851 2192 982 2220 Marcus
1005 2190 1134 2220 nullum
1154 2190 1193 2219 fi-

180 2245 260 2274 lium
279 2244 328 2274 vel
348 2244 502 2274 heredem
520 2244 776 2274 descendentem
795 2243 835 2273 ab
854 2252 890 2273 eo
906 2243 1084 2282 reliquisse
1103 2243 1193 2273 dica-

180 2301 244 2332 tur,
269 2297 325 2336 qui
347 2297 495 2333 tes-ritum
522 2297 557 2326 in
582 2297 728 2335 predicto
756 2297 821 2326 sibi
844 2297 1001 2327 comitatu
1026 2296 1191 2332 succedat,

180 2350 411 2388 propterquod
427 2351 573 2387 prefatus
592 2350 768 2379 comitatus
786 2350 825 2379 ad
849 2354 879 2379 te
898 2349 1009 2388 potius
1025 2358 1100 2379 cum
1116 2353 1192 2379 tuus

180 2402 267 2431 idem
288 2402 329 2431 M.
355 2411 392 2431 ex
414 2407 552 2439 utroque
574 2406 709 2439 parente
733 2411 911 2439 germanus
932 2402 1075 2431 extiterit
1099 2411 1192 2440 spec-

181 2459 249 2484 tare
265 2454 466 2483 hereditario
477 2455 551 2492 jure
569 2455 707 2489 videtur,
726 2455 875 2492 prefatus
888 2454 1101 2492 predecessor
1115 2454 1193 2493 quia

181 2512 237 2537 tua
250 2511 280 2536 et
294 2511 424 2536 tuorum
439 2508 523 2545 apud
538 2508 654 2537 Sedent
666 2508 880 2546 apostolicam
893 2511 1038 2537 meretur
1049 2507 1190 2543 devotio,

179 2564 215 2589 ut
230 2568 295 2589 non
308 2559 414 2589 solnm
430 2560 489 2589 tibi
509 2565 562 2589 tua
579 2561 653 2599 jura
670 2565 844 2590 serventur
861 2560 917 2590 sed
934 2560 1034 2589 etiam
1050 2568 1191 2597 augean-

181 2617 243 2645 tur,
265 2612 299 2641 in
317 2616 347 2642 te
363 2622 399 2641 ac
420 2612 559 2642 heredes
582 2617 653 2642 tuos
668 2614 787 2642 factam
805 2613 840 2642 in
857 2613 918 2642 hac
942 2617 1031 2651 parte
1058 2612 1098 2642 ab
1120 2613 1192 2651 ipso

179 2665 285 2694 eidem
313 2665 423 2694 Marco
446 2665 583 2699 ,εϊηιίᾱιιι
611 2666 815 2695 transferfflis
836 2665 1029 2695 comitatum
1050 2665 1192 2704 jamdic-

180 2722 248 2746 tum
271 2726 345 2746 cnm
366 2717 520 2746 omnibns
545 2718 677 2755 juribus
704 2722 733 2747 ct
754 2718 967 2756 pertinentiis
993 2717 1078 2753 suis,
1106 2717 1192 2747 sieut

179 2770 273 2799 illum
290 2770 352 2807 ipsi
371 2771 480 2799 Marco
496 2770 686 2799 restituerat
705 2775 735 2800 et
753 2775 976 2805 concesserat,
1002 2770 1063 2799 tibi
1080 2780 1116 2800 ac
1132 2770 1191 2800 he-

179 2822 314 2852 redibus
331 2822 413 2860 ipsis
430 2822 577 2860 plenarie
598 2823 745 2852 restituit
762 2827 793 2853 et
809 2823 848 2853 dc
870 2832 953 2852 novo
974 2823 1138 2852 concessit
1156 2823 1188 2852 in

179 2875 313 2905 seudum
331 2875 369 2903 de
389 2875 493 2912 gratia
518 2874 659 2904 liberali.
683 2876 755 2905 Non
780 2875 989 2905 obstantibus
1015 2875 1043 2905 si
1069 2875 1191 2905 nobilis

1265 280 1388 311 mulier
1401 280 1538 311 Alberia
1553 280 1724 310 comitissa
1741 279 1781 310 de
1798 278 2001 316 Mudiglano‚
2017 282 2193 308 matertera
2206 281 2274 313 tua,

1245 358 1248 359 γ
1267 333 1415 372 ejusdem
1429 333 1502 363 avie
1515 333 1585 363 filia
1601 333 1704 373 major
1718 331 1771 362 vel
1785 331 1892 371 ipsius
1911 331 2079 361 comitisse
2095 330 2157 360 filii
2169 330 2225 370 jus
2239 329 2275 360 in

1266 386 1424 416 comitatu
1444 386 1516 425 ipso
1539 389 1689 416 asserant
1709 394 1745 415 se
1766 384 1904 419 habere,
1928 392 2004 414 cum
2025 383 2090 422 ipsi
2109 382 2277 422 quondam

1267 440 1320 469 Fr.
1350 438 1430 469 olim
1467 439 1692 469 Romanorum
1723 437 1916 476 imperatori
1944 440 2060 467 contra
2094 435 2277 466 Ecclesiam

1267 491 1470 525 adheserint,
1493 496 1624 530 propter
1649 491 1735 530 quod
1761 490 1868 528 gratia
1891 494 1923 520 et
1947 489 2108 519 beneficio
2129 487 2278 528 ejusdem

1268 543 1414 574 Ecclesie
1439 552 1474 574 se
1498 543 1654 581 indignos
1679 543 1812 582 penitus
1838 541 2071 576 reddiderunt,
2093 545 2150 571 aut
2170 540 2199 570 si
2219 548 2278 578 per

1267 596 1451 635 predictum
1470 597 1522 626 Fr.
1546 596 1597 626 vel
1619 596 1784 635 quondam
1803 595 1840 626 C.
1859 599 1975 624 natum
1999 594 2071 634 ejus
2093 592 2194 623 alicui
2218 592 2277 623 alii

1268 649 1303 679 in
1318 654 1412 679 tuum
1434 653 1490 678 aut
1512 648 1630 686 prefati
1648 649 1692 678 M.
1715 647 1937 687 prejudicium
1958 646 2125 685 predictus
2143 653 2278 676 conces-

1268 711 1326 733 sus
1341 702 1497 732 existeret
1513 702 1700 732 comitatus.
1718 701 1782 732 Sed
1798 701 1905 739 ipsius
1919 699 2164 739 predecessoris
2178 706 2279 738 super

1268 755 1330 786 hoc
1345 755 1454 786 littere
1470 755 1547 785 licet
1564 755 1633 794 jam
1651 755 1771 793 scripte
1790 758 1912 788 essent,
1934 762 1992 792 pro
2012 762 2049 783 eo
2066 757 2175 782 tamen
2191 751 2279 791 quod

1268 808 1355 838 idem
1373 807 1586 846 predecessor
1605 803 1709 837 mort'e
1732 811 1911 846 preventus
1932 805 2055 840 extitit,
2073 804 2195 835 bullari
2215 804 2280 834 mi-

1269 860 1359 890 nime
1372 864 1561 898 potuerunt.
1572 861 1641 890 Nos
1654 860 1756 898 igitur
1767 858 1958 899 hujusmodi
1971 858 2126 897 prosequi
2137 857 2279 896 gratiam

1269 912 1456 951 cupientes,
1491 913 1675 951 predictum
1705 913 1897 943 comitatum
1936 920 2011 941 curn
2043 910 2198 942 omnihus
2229 910 2280 950 J'u-

1269 965 1363 995 ribus
1377 970 1407 995 et
1421 965 1633 1003 pertinentiis
1651 965 1721 995 suis
1737 964 1834 1003 plene
1850 973 1887 994 ac
1903 964 2017 994 eodem
2035 963 2141 998 modo,
2161 971 2282 994 secun-

1270 1017 1347 1047 dum
1367 1018 1454 1057 quod
1478 1022 1633 1048 narratur
1655 1017 1827 1056 superius,
1850 1016 2118 1056 predecessorem
2139 1016 2282 1047 eundem

1271 1070 1331 1100 tibi
1347 1075 1379 1101 et
1391 1070 1571 1101 heredibus
1588 1071 1653 1100 tuis
1669 1070 1800 1106 fecisse,
1820 1070 1879 1100 tibi
1895 1069 2087 1108 eisdemque
2102 1068 2282 1100 heredibus

1270 1123 1480 1153 restituimus
1497 1128 1525 1153 et
1543 1123 1578 1152 in
1590 1123 1727 1153 feudum
1743 1123 1782 1153 de
1797 1131 1880 1153 novo
1895 1122 2108 1153 concedimus
2121 1121 2161 1152 de
2176 1121 2283 1160 gratia

1272 1176 1408 1215 speciali
1425 1176 1597 1214 premissis
1613 1181 1643 1206 et
1660 1176 1927 1215 quibuscumque
1939 1175 2060 1205 litteris
2075 1178 2149 1213 post
2165 1174 2283 1214 hujus-

1272 1229 1359 1259 modi
1375 1229 1495 1258 sactam
1509 1228 1572 1267 ipsi
1589 1229 1632 1258 M.
1651 1229 1790 1265 gratiam
1808 1237 1825 1257 a
1838 1228 1985 1266 predicta
2001 1227 2084 1258 Sede
2100 1227 2151 1257 vel
2163 1226 2283 1266 legatis

1271 1281 1378 1319 ipsius
1398 1280 1584 1319 impetratis
1611 1290 1669 1311 seu
1697 1281 1797 1310 etiam
1824 1280 2042 1318 impetrandis
2072 1287 2283 1318 nequaquam

1272 1333 1493 1363 obstantibus.
1511 1342 1569 1371 per
1585 1343 1667 1372 quas
1683 1334 1787 1372 possit
1805 1334 1942 1364 effectus
1957 1333 2161 1372 presentium
2177 1333 2284 1371 irnpe-

1272 1386 1348 1415 diri.
1365 1386 1527 1416 Volumus
1545 1391 1655 1416 autem
1673 1391 1718 1422 ut,
1741 1391 1915 1425 postquam
1939 1386 2087 1425 ejusdem
2106 1385 2283 1416 comitatus

1272 1439 1518 1477 possessionem
1541 1443 1575 1469 tu
1595 1439 1646 1469 vel
1670 1439 1809 1469 heredes
1830 1439 1971 1478 predicti
1995 1437 2196 1474 habueritis,
2224 1446 2284 1476 pro

1256 1492 1345 1530 >ipso
1358 1492 1565 1530 homagium,
1582 1493 1809 1531 juramentum
1826 1491 1996 1521 fidelitatis
2015 1496 2046 1522 ct
2066 1490 2131 1522 alia
2147 1491 2285 1522 servitia

1274 1545 1421 1575 Ecclesie
1442 1546 1590 1575 Romane
1611 1550 1758 1584 prestare
1781 1545 1963 1575 teneamini
1984 1553 2048 1583 que
2068 1544 2126 1574 alii
2147 1543 2285 1574 vassalli

1273 1598 1367 1634 regni
1385 1598 1533 1637 ejusdem
1548 1602 1705 1628 tenentur
1720 1608 1778 1636 pro
1799 1597 2011 1628 comitatibus
2030 1606 2112 1636 quos
2133 1597 2286 1631 obtinent
2325 1637 2328 1641 .

1274 1650 1442 1680 exhibere.
1466 1650 1559 1680 Nulli
1582 1655 1642 1681 etc.
1667 1654 1779 1680 nostre
1801 1650 2026 1681 restitutionis
2045 1654 2076 1680 et
2097 1649 2286 1680 concessio-

1274 1703 1327 1733 nis
1350 1707 1411 1733 etc.
1437 1704 1510 1733 Dat.
1534 1703 1673 1741 Neapoli
1697 1712 1756 1741 per
1778 1712 1913 1733 manum
1936 1702 2109 1733 Guillelmi
2132 1702 2285 1741 magistri
2316 1741 2322 1746 ⁶
2359 1724 2363 1733 .

1274 1755 1438 1786 scolarum
1456 1756 1646 1786 Parmensis
1663 1760 1775 1786 sancte
1794 1757 1943 1786 Romane
1961 1749 2108 1786 Ecclesie
2124 1755 2285 1793 vice[can-

1274 1808 1431 1846 cellarii],
1453 1809 1564 1839 idibus
1581 1809 1696 1847 aprilis
1714 1809 1897 1838 indictione
1917 1808 2018 1844 XIII,
2042 1808 2285 1838 incarnationis

1274 1862 1438 1892 dominice
1466 1871 1552 1892 anno
1582 1863 1767 1898 310CC0LV‚
1798 1862 2010 1901 pontificatus
2045 1870 2123 1892 vero
2158 1861 2285 1892 domiui

1273 1915 1453 1945 Alexandri
1468 1924 1550 1953 pape
1566 1916 1645 1951 IIII,
1664 1924 1750 1945 anno
1766 1915 1881 1953 primo.
1903 1926 1916 1941 >2

1310 2020 1341 2047 In
1357 2029 1382 2046 e.
1402 2029 1439 2047 m.
1456 2021 1564 2047 eisdem
1581 2029 1673 2055 usque
1693 2032 1698 2046 z
1715 2021 1890 2047 claruerunt.
1912 2020 1953 2046 Ex
1971 2025 2049 2055 parte
2071 2019 2213 2054 siquidem
2235 2024 2283 2047 tua

1274 2070 1358 2096 nobiS
1372 2069 1465 2095 extitit
1483 2063 1643 2096 intimatum
1659 2070 1736 2104 quod
1752 2069 1909 2095 comitatus
1924 2068 2067 2095 Liciensis
2079 2068 2115 2095 ad
2131 2069 2205 2095 bone
2221 2075 2287 2095 me—

1275 2126 1364 2144 morte
1384 2118 1562 2144 Tancredum
1584 2127 1668 2144 avum
1689 2122 1770 2144 tuum
1791 2118 1931 2152 pertinuit
1947 2122 1975 2144 et
1990 2118 2038 2144 illo
2051 2125 2118 2144 eum
2134 2117 2210 2144 clare
2226 2124 2286 2143 me-

1276 2168 1366 2193 morie
1383 2166 1527 2194 flent-icus
1544 2166 1739 2193 Romanorum
1756 2167 1912 2202 imperator
1926 2170 1982 2193 etc.
2001 2174 2093 2201 usque
2108 2166 2136 2193 in
2151 2166 2248 2192 finem.

1345 2360 1432 2388 321
1878 2359 1996 2395 Naples,
2013 2360 2030 2387 9
2046 2360 2116 2389 avril
2135 2359 2212 2387 1255.

1267 2453 1270 2456 η
1309 2421 1356 2454 O.,
1369 2429 1393 2447 s.
1409 2421 1514 2447 Mariae
1529 2422 1556 2448 in
1573 2420 1624 2448 Via
1640 2422 1692 2447 lat..
1709 2421 1829 2447 diacono
1843 2420 1993 2455 cardinali,
2011 2420 2136 2455 mandat,
2154 2425 2184 2448 ut
2200 2411 2286 2456 prae-¹

1275 2469 1359 2496 satam
1384 2469 1585 2496 Mat-clusinam
1610 2470 1653 2496 vel
1674 2475 1887 2504 procuratorem
1909 2471 1975 2504 ejus
1996 2471 2022 2496 in
2041 2469 2219 2504 corporalem
2235 2476 2285 2496 cu-

1275 2519 1392 2544 mitatus
1416 2518 1529 2544 Andrae
1550 2519 1765 2552 possessionem
1787 2518 1903 2544 inducat
1924 2523 1952 2544 ct
1971 2517 2106 2544 defendat.
2123 2517 2282 2544 inductam.

1275 2567 1358 2599 (tna.
1375 2567 1418 2597 24,
1437 2575 1462 2594 c.
1480 2566 1556 2601 (ιη’,
1574 2568 1593 2593 s.
1611 2566 1681 2599 36ν.)

1317 2680 1329 2694 ι(
1349 2669 1380 2697 0.
1397 2674 1499 2698 sancte
1514 2668 1608 2697 Mario
1628 2670 1660 2697 ιή
1684 2670 1734 2697 I'ia
1751 2670 1814 2698 lala
1832 2669 1960 2698 diacono
1974 2668 2147 2703 cardinali,
2164 2672 2283 2706 aposto-

1274 2722 1329 2750 lice
1359 2721 1443 2750 Sedis
1477 2722 1582 2758 legato.
1611 2721 1819 2759 Significavit
1848 2721 1944 2751 nobis
1977 2719 2098 2750 dilecta
2123 2737 2172 2748 —.
2207 2719 2281 2749 Dat.

1273 2773 1423 2812 Neapoli.
1440 2774 1467 2803 V
1482 2773 1556 2804 idus
1570 2773 1696 2812 aprilis,
1715 2782 1802 2804 anno
1815 2774 1933 2812 primo.
1950 2786 1962 2800 »

1310 2878 1341 2904 In
1359 2888 1384 2904 e.
1403 2888 1440 2906 ιιι,
1459 2900 1488 2910 ..,
1501 2879 1594 2906 abbati
1611 2880 1779 2906 monasterii
1793 2880 1885 2906 sancti
1902 2879 2018 2913 Georgii
2039 2877 2158 2912 majoris
2173 2876 2208 2903 de
2229 2875 2282 2902 Ve-
