2498 3325
1034 195 1264 234 DEUXIEME
1287 196 1446 234 ANNEE.
2235 205 2293 236 423

271 270 290 296 1
299 269 387 297 384

234 331 380 366 Philippo,
402 331 511 357 decano
535 330 731 363 Cluniacensi,
754 331 878 357 similem
903 331 1045 357 licentiam
1069 330 1202 357 coneedit

193 379 383 406 contrahendi
400 383 532 406 mutuum
550 382 667 414 propter
683 379 797 413 negotia
817 378 1017 406 Cluniacensis
1035 380 1203 406 monasterii

195 428 416 455 reformationis.
435 428 518 460 (Rau.
535 428 578 459 ⁴24,
597 428 616 455 s.
636 428 708 459 177&
724 436 792 453 ann.
809 427 847 460 11,
865 436 892 454 c.
910 427 983 460 31⁶2.)

778 269 903 303 Anagni,
921 269 953 296 ‘27
967 269 1032 303 Juin
1051 269 1128 296 1256.

236 542 249 555 (ι
270 530 434 567 Pltylippo,
455 530 566 559 decano
584 530 791 559 Cluniacensi.
811 529 904 563 Cum,
925 529 1011 558 sicut
1031 529 1066 558 in
1090 533 1203 559 nostra

192 582 395 620 proposuisti
417 582 585 620 presentia
610 581 826 617 constitutus,
850 591 907 619 pro
930 582 1083 620 expensis
1105 582 1202 611 factis

193 635 229 664 in
245 635 475 674 prosequendo
490 635 576 673 apud
592 634 709 665 Sedem
724 634 938 672 apostolicam
954 635 1086 672 negotio
1102 635 1203 664 refor-

193 688 351 718 mationis
367 687 601 718 Cluniacensis
623 687 835 722 monasterii,
856 687 942 725 quod
962 696 1020 725 per
1037 687 1203 716 incuriam

192 741 324 771 abbatis
340 741 458 779 ipsius,
475 741 532 779 qui
550 749 638 770 nunc
652 744 711 775 est,
729 741 763 769 in
781 739 1012 777 spiritualibus
1030 743 1059 769 et
1078 743 1203 778 tempo-

193 793 321 822 ralibus
340 793 374 821 in
393 793 492 822 totius
511 792 638 822 ordinis
656 791 869 821 manifestam
890 791 1049 830 injuriam
1065 795 1114 821 est
1137 791 1203 820 col-

193 845 340 883 lapsum,
360 845 406 874 sis
427 845 462 873 in
483 853 550 874 non
568 844 698 874 modica
718 852 847 873 summa
866 843 1005 881 pecunie
1024 843 1201 881 obligatus,

192 897 413 928 contrahendi
436 901 588 927 mutuum
611 900 743 935 propter
768 896 828 925 hoe
852 905 958 934 usque
979 895 1019 925 ad
1039 904 1204 925 summam

177 951 286 981 -mille
303 950 466 980 librarum
486 949 732 980 Turonensium
751 953 781 979 et
799 949 968 986 obligandi
983 949 1203 979 creditoribus

193 1004 320 1033 dictum
332 1003 573 1033 monasterium
588 1006 619 1032 et
630 1002 716 1032 bona
729 1001 847 1040 ipsius,
858 1010 894 1031 ac
906 1001 1126 1031 renunciandi
1141 1006 1202 1032 etc.

192 1060 230 1086 ut
244 1057 280 1086 in
297 1056 363 1086 alia
378 1064 484 1094 usque
500 1065 506 1084 :
522 1055 558 1084 in
573 1055 752 1092 integrum,
770 1054 911 1084 liberam
928 1054 988 1083 tibi
1008 1055 1204 1085 auctoritate

141 1120 145 1122 ·
192 1109 399 1147 presentium
432 1108 643 1138 concedimus
674 1107 878 1137 facultatem.
910 1108 959 1136 Ita
988 1107 1089 1137 etiam
1118 1107 1206 1146 quod

192 1162 301 1191 dictus
325 1161 426 1191 abbas
451 1161 503 1190 vel
519 1161 576 1200 qui
599 1169 658 1199 pro
683 1164 828 1198 tempore
849 1159 951 1190 fuerit
971 1164 1002 1190 et
1022 1163 1204 1190 conventus

192 1215 300 1253 ipsius
326 1214 522 1244 monasterii
544 1218 721 1244 teneantur
745 1213 785 1243 ad
812 1213 1004 1252 hujusmodi
1028 1213 1204 1251 pecuniam

192 1267 456 1305 persolvendam,
476 1271 507 1297 et
522 1266 584 1301 illi,
604 1266 661 1305 qui
677 1275 749 1296 eam
768 1265 829 1295 tibi
845 1265 1082 1301 mutuaverint,
1098 1266 1206 1304 ipsam

192 1320 229 1349 in
254 1319 435 1350 utilitatem
461 1319 540 1349 dicti
564 1318 760 1349 monasterii
786 1327 916 1348 versam
940 1327 1027 1353 esse,
1055 1323 1205 1357 pretextu

193 1372 337 1412 alicujus
360 1372 610 1403 constitutionis
631 1372 789 1402 canonice
813 1371 865 1402 vel
888 1371 997 1401 civilis
1020 1371 1072 1401 vel
1092 1372 1205 1411 cujus-

194 1435 336 1465 cumque
352 1426 502 1462 alterius,
515 1435 573 1464 per
587 1435 669 1464 quas
685 1425 787 1455 iidem
803 1425 904 1455 abbas
922 1429 953 1455 et
968 1429 1150 1455 conventus
1167 1435 1204 1456 ac

193 1488 403 1509 successores
422 1488 537 1509 eorum
553 1479 639 1509 tueri
653 1487 687 1509 se
701 1482 846 1517 possent,
865 1482 896 1508 et
914 1477 1076 1516 probandi
1092 1487 1203 1509 neces-

193 1532 275 1562 sitas
299 1541 365 1562 non
385 1532 567 1562 incumbat.
592 1532 663 1562 Dat.
692 1531 861 1569 Anagnie,
883 1531 912 1561 V
931 1530 1091 1561 kalendas
1111 1531 1200 1571 julii,

190 1594 279 1616 anno
296 1585 452 1616 secundo.
474 1598 487 1612 »

269 1758 288 1785 Ι
298 1758 385 1786 385

228 1820 394 1846 Electioncs
406 1819 534 1845 Thomae
550 1822 578 1845 et
593 1817 714 1849 Nicolai,
732 1818 889 1844 electorum
905 1818 1073 1843 successive
1087 1817 1115 1843 in
1127 1818 1201 1852 epis-

191 1877 282 1904 copos
297 1868 473 1903 Nepesinoe,
489 1875 620 1898 cassans,
639 1866 754 1893 mandat
769 1866 895 1900 capitulo
906 1865 1054 1899 Nepesino
1066 1867 1202 1900 quatinus

192 1917 387 1944 obedientiam
405 1916 572 1951 impendant
588 1916 703 1946 Amato,
722 1918 791 1941 tunc
809 1915 963 1949 Anagnino
979 1916 1128 1947 canonico,
1140 1918 1204 1941 tan-

192 1975 278 2002 quam
293 1966 402 2001 pastori
418 1966 590 1992 animarum.
607 1964 690 1997 (Rea.
708 1963 752 1995 ⁵24,
770 1964 789 1989 f.
815 1964 887 1996 177v,
904 1972 970 1990 ann.
988 1963 1029 1994 ΙΙ,
1047 1972 1072 1991 ο.
1090 1964 1162 1995 313.)

741 1756 868 1790 Anagni,
887 1756 1034 1790 terjuittet
1051 1756 1129 1783 1256.

235 2080 247 2094 ιι
279 2068 418 2105 Capitale
444 2067 599 2104 Nepesino.
624 2065 779 2095 Debitum
807 2065 906 2095 officii
932 2065 1037 2095 nostri
1062 2065 1205 2104 requirit

193 2126 255 2152 etc.
273 2130 379 2159 usque
397 2130 402 2148 ε
420 2120 673 2149 incrementum.
691 2120 776 2148 Sane
794 2122 931 2148 vacante
948 2118 1088 2148 ecclesia
1100 2119 1203 2157 Nepe-

193 2175 279 2209 sina,
297 2182 365 2205 vos,
381 2172 505 2202 vocatis
522 2171 676 2201 omnibus
693 2171 750 2209 qui
766 2171 953 2205 voluerunt,
972 2171 1157 2201 debuerunt
1174 2175 1205 2201 et

193 2231 371 2267 potuerunt
385 2226 552 2256 commode
567 2226 740 2260 interesse,
757 2225 809 2254 die
823 2225 863 2253 ad
877 2224 1066 2262 eligendum
1081 2225 1205 2262 prefixa

192 2280 429 2311 convenientes
453 2279 488 2308 in
511 2287 630 2313 unum,
652 2278 758 2316 primo
777 2277 934 2307 dilectum
952 2277 1058 2307 filium
1081 2278 1204 2315 magis-

194 2339 282 2364 trum
301 2333 475 2367 Thomam,
498 2330 826 2369 archipresbyterum
849 2329 988 2360 ecclesie
1008 2331 1204 2360 Sanctorum

194 2386 289 2424 Sergi
309 2390 339 2416 et
361 2385 465 2415 Bachi
489 2384 523 2413 in
548 2383 672 2413 subura
694 2383 733 2412 de
756 2383 864 2419 Urbe,
888 2383 1096 2421 postmodum
1115 2392 1202 2417 vero,

193 2441 272 2470 dum
284 2439 390 2478 ipsius
402 2447 500 2476 super
512 2437 573 2466 hoc
588 2440 815 2474 expectaretur
827 2445 1033 2473 responsum,
1048 2436 1204 2466 dilectum

192 2493 300 2522 filiurn
315 2492 452 2521 fratrem
465 2489 651 2523 Nicolaum,
663 2489 917 2519 conventualem
930 2489 1069 2519 ecclesie
1087 2490 1205 2519 Sancto

195 2545 300 2575 Mai-ie
317 2544 355 2574 de
375 2542 515 2582 Populo,
533 2542 661 2572 ordinis
679 2541 926 2571 llereniitarum
943 2541 1056 2571 Sancti
1073 2543 1205 2579 Augus-

195 2598 258 2627 tini
277 2597 312 2626 in
331 2600 457 2627 vestros
475 2595 645 2633 episcopos
662 2593 823 2631 elegistis.

237 2663 249 2676 »
262 2651 387 2680 Verum
399 2649 488 2687 quia,
500 2647 596 2677 nobis
609 2647 828 2677 electionibus
840 2646 1031 2686 hujusmodi
1044 2647 1203 2685 pensatis,

194 2703 385 2734 invenimus
404 2711 459 2731 cas
478 2701 589 2730 minus
607 2700 765 2730 canonice
782 2699 975 2735 celebratas,
991 2709 1049 2730 nos
1064 2700 1149 2735 illas,
1167 2701 1205 2730 de

194 2756 335 2785 fratrum
362 2759 551 2784 nostrorum
579 2753 729 2788 consilio,
751 2753 883 2791 justitia
907 2753 1111 2783 cassavimus
1136 2753 1205 2782 exi-

195 2813 303 2847 gente,
322 2812 351 2838 et
370 2817 409 2837 nc
426 2807 571 2845 prs-dicta
590 2806 728 2835 ecclesia
747 2806 859 2843 gravia
875 2806 909 2835 in
927 2806 1158 2844 spiritualibus
1175 2810 1206 2836 et

196 2861 431 2900 temporalibus
454 2870 491 2889 ex
510 2859 681 2889 vacatione
699 2859 828 2888 «liutina
851 2859 1048 2889 detrimenta
1065 2859 1202 2895 subiret,

1286 269 1443 299 dilectum
1466 270 1572 299 filium
1596 271 1767 306 Amatum,
1797 270 1937 301 electum
1961 271 2184 309 Nepesinum,
2214 277 2292 303 tunc

1284 323 1499 359 Anagninum
1516 323 1713 353 canonicum
1735 328 1766 354 et
1782 324 1989 362 capellanum
2007 325 2119 355 dilecti
2135 326 2196 355 filii
2214 335 2291 356 nos-

1285 375 1327 403 tri
1351 376 1403 409 R,
1427 376 1539 406 Sancti
1556 376 1675 414 Angeli
1695 377 1827 406 diaconi
1843 377 2033 413 cardinalis,
2052 378 2161 408 virum
2176 379 2292 418 utique

1284 426 1478 463 litteratum,
1492 437 1621 457 morum
1635 428 1807 459 honestate
1824 430 2050 468 conspicuum,
2068 431 2208 461 consilio
2221 441 2292 470 pro-

1285 479 1398 508 vidum
1415 484 1445 509 et
1467 480 1502 508 in
1521 481 1752 518 spiritualibus
1769 486 1800 511 et
1817 482 2054 520 temporalibus
2071 483 2292 522 circumspec-

1285 536 1370 567 tum,
1390 533 1536 570 predicte
1555 533 1705 568 ecclesie,
1728 534 1766 563 de
1784 535 1930 572 ipsorum
1947 535 2087 565 fratrum
2104 537 2244 567 consilio
2262 542 2293 567 et

1286 584 1464 622 apostolice
1486 586 1658 623 potestatis
1679 586 1898 624 plenitudine,
1916 587 1952 616 in
1977 588 2166 626 episcopum
2182 590 2292 627 prefe—

1286 636 1392 666 cimus
1410 641 1440 666 et
1456 642 1638 675 pastorem;
1658 642 1828 676 sperantes
1843 639 1930 677 quod
1945 640 2059 670 eadem
2077 641 2217 671 ecclesia
2233 651 2294 672 sua

1287 689 1582 727 circumspectione
1603 690 1763 719 laudabili
1781 695 1811 720 et
1830 692 2039 729 providentia
2056 693 2294 732 circumspecta

1287 745 1353 770 tam
1371 742 1458 771 circa
1472 742 1660 780 spiritualia
1675 752 1773 781 quam
1788 744 1992 782 temporalia,
2009 746 2112 783 gratis
2127 747 2293 778 tribuente

1286 794 1439 829 Domino,
1470 795 1619 833 proficiet
1648 795 1876 826 incrementis.
1910 797 2053 836 Ideoque
2082 799 2294 830 universitati

1287 850 1394 876 vestre
1410 855 1468 884 per
1485 847 1664 885 apostoliea
1683 848 1805 886 scripta
1818 849 2014 879 mandamus
2032 851 2200 889 quatinus,
2220 862 2295 882 eum

1286 902 1445 937 tanquam
1473 903 1599 937 patrem
1631 904 1661 930 et
1692 904 1858 938 pastorem
1891 901 2078 932 animarum
2110 907 2296 934 vestrarum

1287 952 1402 981 devote
1422 952 1662 990 suscipientes,
1688 953 1912 983 obedientiam
1936 954 2001 984 sibi
2023 960 2054 985 et
2074 957 2296 987 reverentiam

1288 1004 1433 1034 debitam
1456 1005 1667 1042 impendatis,
1686 1006 1792 1044 ipsius
1810 1007 1946 1037 monitis
1968 1012 1998 1038 et
2018 1009 2183 1039 mandatis
2206 1010 2297 1041 salu-

1287 1057 1403 1087 bribus
1441 1057 1614 1088 humiliter
1651 1059 1864 1089 intendendo.
1903 1060 2062 1100 Alioquin
2097 1064 2298 1093 sententiam

1288 1118 1388 1148 quam
1403 1110 1491 1140 idem
1513 1110 1575 1140 rite
1593 1115 1653 1140 etc.
1671 1120 1777 1150 usque
1802 1121 1808 1140 ε
1828 1111 2008 1142 observari.
2034 1114 2107 1143 Dat.
2131 1115 2294 1153 Anagnie,

1286 1162 1439 1192 kalendis
1453 1162 1541 1201 julii,
1563 1172 1649 1193 anno
1666 1164 1821 1194 secundo.
1843 1176 1856 1190 n

1323 1267 1355 1294 ln
1373 1268 1495 1294 eundem
1511 1268 1626 1295 modum
1643 1269 1719 1295 clero
1734 1270 1859 1297 civitatis
1875 1274 1903 1297 et
1918 1271 2045 1298 diocesis
2057 1272 2214 1308 Nepesine‚
2233 1283 2297 1300 ver-

1287 1316 1333 1342 bis
1349 1320 1548 1351 competenter
1564 1318 1692 1344 mutatis.

1323 1364 1356 1391 In
1378 1364 1501 1391 eundem
1522 1365 1638 1392 modum
1664 1367 1808 1400 potestati,
1831 1368 1952 1394 consilio
1972 1372 2000 1395 et
2020 1370 2125 1404 populo
2148 1369 2296 1404 Nepesino

1287 1421 1380 1447 usque
1400 1424 1405 1439 ε
1421 1414 1628 1448 suscipientes,
1645 1415 1710 1448 ejus
1726 1416 1844 1442 monitis
1860 1419 1888 1447 et
1904 1416 2045 1450 mandatis
2061 1418 2227 1445 salubribus
2242 1419 2298 1446 hu-

1286 1461 1392 1488 militer
1407 1462 1572 1488 intendatis.
1590 1462 1655 1488 Dat.
1674 1465 1705 1489 ut
1720 1471 1819 1498 supra.

1360 1623 1474 1651 ¹386
1865 1625 1990 1660 Anagni,
2008 1626 2022 1653 4
2036 1627 2130 1661 juillet
2144 1627 2223 1655 1256.

1322 1683 1486 1718 Radulpbo,
1516 1684 1723 1711 thesaurariam
1746 1684 1995 1714 Lichefeldensem
2021 1691 2049 1714 et
2078 1689 2229 1716 ecclesiam
2259 1690 2296 1717 de

1286 1730 1424 1766 Brecton,
1441 1731 1635 1759 Eboracensis
1656 1732 1800 1765 diocesis,
1822 1734 1962 1762 obtinenti
1976 1757 1981 1767 ,
1998 1744 2120 1770 quarum
2136 1741 2296 1772 proventus

1286 1779 1346 1806 XII
1362 1788 1474 1807 marcas
1489 1782 1601 1814 argenti
1618 1782 1702 1808 annis
1717 1782 1843 1816 singulis
1859 1783 1906 1810 vix
1920 1784 2074 1816 excedunt,
2087 1785 2246 1821 dispensat,
2264 1791 2297 1815 ut

1288 1829 1404 1854 unicum
1438 1828 1514 1854 aliud
1553 1829 1726 1856 beneficium
1765 1831 1996 1858 ecclesiasticum
2029 1833 2158 1868 recipere
2193 1835 2295 1863 valeat.

1287 1876 1372 1910 (Rae.
1389 1877 1433 1910 24,
1448 1877 1465 1903 f.
1484 1877 1556 1909 177v,
1573 1886 1640 1904 ann.
1658 1878 1695 1910 ΙΙ,
1709 1887 1734 1906 c.
1747 1878 1819 1912 314.)

1329 1990 1341 2004 «
1358 1978 1497 2015 liedulfo,
1515 1979 1707 2009 thesaurario
1720 1981 1948 2017 Licheseldensi.
1964 1982 2015 2011 Ad
2030 1983 2217 2014 faciendam
2236 1985 2299 2015 tibi

1285 2048 1335 2060 —.
1351 2032 1424 2061 Dat.
1442 2032 1606 2069 Anagnie,
1624 2033 1693 2063 IIII
1709 2042 1813 2063 nonas
1826 2034 1915 2073 julii,
1934 2044 2020 2065 anno
2037 2038 2192 2068 secundo.
2213 2051 2226 2065 »

1358 2203 1471 2231 ¹38⁷
1869 2205 1995 2241 Anagni,
2014 2208 2045 2234 17
2058 2209 2124 2242 juin
2142 2209 2222 2238 1256.

1324 2264 1466 2291 Gandulso
1483 2265 1516 2291 de
1534 2265 1637 2300 Regio,
1656 2266 1760 2292 clerIco
1774 2270 1801 2293 et
1818 2267 1948 2295 familiari
1964 2269 2098 2296 Andreae
2112 2271 2146 2297 de
2162 2271 2295 2305 Lavania,

1288 2313 1426 2346 capellani
1450 2322 1538 2348 papae
1564 2317 1592 2340 et
1617 2315 1773 2349 praepositi
1797 2316 1937 2343 ecclesiae
1962 2316 2148 2345 Carnotensis
2169 2321 2196 2346 in
2222 2321 2297 2348 Nor-

1288 2361 1413 2392 mannia,
1431 2362 1481 2396 qui
1496 2362 1528 2388 ad
1542 2363 1694 2389 ecclesiam
1712 2363 1746 2389 de
1764 2363 1949 2392 Ebrardivilla
1965 2366 1999 2392 ab
2016 2367 2116 2393 eodem
2134 2360 2297 2403 praeposito

1290 2411 1316 2436 in
1334 2414 1475 2436 rectorem
1492 2415 1692 2445 praesentatus
1715 2412 1770 2438 fuit
1794 2416 1821 2439 et
1844 2413 1878 2439 ab
1902 2413 2072 2442 Ebroieensi
2094 2417 2232 2452 episcopo
2248 2419 2295 2445 ad-

1290 2460 1409 2491 missus,
1427 2460 1566 2494 indulget,
1593 2464 1632 2493 ut,
1656 2461 1796 2488 insistens
1818 2463 1912 2497 ipsius
1933 2465 2088 2499 praepositi
2113 2466 2154 2491 vel
2179 2467 2297 2494 fratrum

1289 2509 1354 2542 ejus
1371 2508 1536 2542 obsequiis,
1558 2509 1592 2534 ad
1614 2510 1817 2543 suscipiendos
1833 2511 2053 2539 subdiaconatui
2071 2515 2235 2547 superiores
2252 2524 2299 2542 or-

1289 2556 1372 2581 dines
1388 2564 1439 2582 seu
1458 2557 1638 2591 personalem
1660 2557 1845 2585 residentiam
1868 2560 1895 2585 in
1920 2561 2044 2587 ecclesia
2060 2561 2094 2587 de
2110 2562 2298 2591 Ebrardivilla

1289 2604 1448 2630 faciendam
1474 2606 1606 2639 compelli
1634 2614 1690 2632 uon
1717 2607 1809 2641 possit
1833 2609 1953 2636 invitus.
1981 2609 2064 2643 (Rae.
2096 2611 2144 2641 24,
2171 2611 2189 2637 f.
2224 2613 2297 2646 177v‚

1290 2661 1356 2679 ann.
1374 2652 1412 2686 11,
1429 2661 1453 2679 c.
1472 2654 1544 2686 315.)

1332 2765 1344 2779 «
1378 2754 1528 2790 Gamlulfo
1553 2755 1586 2782 «le
1611 2756 1715 2792 Iteyio.
1742 2758 1854 2786 rectori
1877 2759 1995 2787 ecclesie
2019 2759 2052 2788 de
2074 2761 2295 2798 librar-ctioilla,

1289 2807 1478 2835 Ebroiccnsis
1508 2807 1643 2836 diocesis.
1675 2809 1742 2839 Tue
1770 2810 1955 2840 devotionis
1988 2812 2106 2842 merita
2138 2831 2185 2842 —.
2223 2816 2294 2845 Dat.

1290 2859 1452 2896 Anagnic,
1471 2859 1531 2889 XV
1548 2859 1806 2902 lntlendasjulii„
1825 2872 1911 2892 anno
1929 2865 2083 2894 secundo.
2104 2879 2116 2891 2,
