2498 3325
233 243 291 273 362
956 237 1195 269 REGISTRES
1217 236 1524 268 D'ALEXANDRE
1547 239 1600 269 IV.

237 310 382 340 Savinam,
401 308 550 334 monialem
569 307 734 333 monasterii
750 306 906 332 Theodotis
922 305 1090 339 Papiensis,
1108 303 1134 329 in
1151 303 1237 329 abba-

237 359 336 384 tissam
356 356 492 391 perficiat,
512 365 565 382 non
589 356 720 382 obstante
745 355 913 380 inhibitione
936 354 971 380 G.
990 353 1024 379 de
1044 352 1237 384 montelongo,

238 406 453 441 Aquilcgiensis
469 405 567 435 electi,
587 413 636 435 ne,
652 405 677 430 in
696 404 766 429 locis
783 404 894 429 illorum
911 403 960 436 qui
976 402 1119 437 quondam
1139 400 1237 426 Frede-

236 456 296 480 rico
309 454 472 487 imperatori
485 453 626 483 favebant,
640 453 744 486 aliquis
755 452 782 478 in
801 452 968 486 praelatum,
981 454 1040 480 etta,
1053 450 1118 484 eligi
1137 449 1238 484 possit.

235 504 319 536 (Rm.
334 502 377 533 24,
396 502 414 528 f.
434 502 491 535 150,
509 510 574 527 ann,
592 501 633 532 lt,
650 510 675 527 c,
697 501 766 533 155.)

279 624 291 637 α
317 634 350 645 ..,
376 611 476 639 abbati
500 610 607 639 Sancti
629 610 709 638 Petri
731 611 763 637 1η
789 609 854 638 Celo
877 610 974 637 Aureo
998 608 1164 645 I’apt'rnsis.
1196 607 1240 636 Ex

237 668 327 702 parte
344 663 538 692 dilectorum
555 662 589 691 in
606 661 739 692 Christo
757 660 898 690 tiliorum
916 665 1097 690 conventus
1114 668 1241 690 monas-

239 717 313 746 terii
343 715 519 746 Theodotis
550 714 741 752 papiensis,
774 714 812 742 ad
844 714 1026 743 Romanam
1060 713 1241 743 Ecclesiam

239 769 329 799 nullo
348 769 454 798 medio
472 767 685 806 pertinentis,
704 767 830 796 ordinis
850 766 955 796 sancti
974 766 1159 796 Benedicti.
1180 766 1242 795 suit

240 822 335 852 nobis
352 821 525 851 humiliter
540 820 771 859 supplicatum,
790 824 834 855 ut,
849 829 923 849 cum
940 819 1080 849 dilectus
1097 819 1186 848 iilius
1202 819 1240 848 G.

239 876 277 905 dc
293 874 512 911 Montelongo,
526 873 774 912 Aquilegiensis
791 873 925 904 electus,
938 877 1015 902 tunc
1033 872 1066 901 in
1083 871 1150 901 illis
1169 880 1243 909 par-

239 929 328 959 tibus
353 927 531 965 apostolice
554 926 648 956 Sedis
670 926 812 963 legatus.
837 926 1032 955 auctoritato
1056 925 1242 954 litterarum

240 982 347 1012 felicis
365 980 603 1010 recordationis
622 981 645 1009 1.
663 988 742 1017 pape
762 979 1003 1016 predecessoris
1021 979 1136 1009 nostriv
1148 978 1244 1007 duxe-

239 1035 282 1063 rit
304 1033 540 1067 inhibendum,
566 1041 605 1061 ne
630 1031 783 1067 collegia,
807 1036 988 1061 conventus
1015 1040 1072 1061 seu
1101 1031 1245 1070 capitula

240 1086 515 1116 monasteriorum
533 1085 582 1113 vel
600 1084 826 1115 ecclesiarum,
844 1084 1015 1113 civitatum
1032 1084 1082 1113 vel
1099 1084 1245 1113 locorum

240 1138 371 1169 illorum
394 1138 450 1176 qui
471 1137 635 1176 quondam
654 1136 828 1166 Frederico
850 1136 929 1165 olim
948 1137 1138 1175 imperatori
1154 1137 1245 1166 fave—

240 1192 333 1225 bant,
355 1190 498 1228 aliquem
523 1189 556 1218 in
580 1189 759 1227 prelatum,
784 1189 979 1218 canonicum
1004 1188 1053 1218 vel
1075 1189 1243 1224 clericum,

239 1243 437 1273 monachum
451 1252 507 1272 seu
523 1251 718 1271 conversum
731 1241 853 1278 eligere
866 1242 935 1271 sive
953 1242 1097 1280 recipere
1111 1246 1246 1280 attemp-

239 1300 357 1326 tarent.
376 1296 500 1334 absque
525 1295 630 1332 ipsius
649 1294 743 1324 Sedis
760 1294 895 1323 licentia
914 1294 1061 1332 speciali,
1081 1294 1246 1332 provideri

241 1348 473 1377 mandaremus
509 1347 614 1377 eidem
651 1347 852 1376 monasterio
885 1347 1051 1377 abbatisse
1084 1347 1247 1383 regimine

240 1401 409 1431 destituto⁴
426 1400 511 1436 Quia
525 1409 600 1430 vero
616 1404 726 1429 nostre
743 1399 979 1429 sollicitudinis
997 1400 1133 1429 interest
1149 1399 1248 1429 eccle-

241 1454 301 1484 siis
318 1453 472 1487 viduatis,
493 1462 543 1487 ne,
559 1458 690 1491 propter
711 1453 914 1483 vacationem
932 1453 1107 1487 diutinam,
1121 1453 1249 1491 possint

243 1507 278 1536 in
295 1506 526 1545 spiritualibus
543 1510 573 1535 et
591 1505 826 1544 temporalibus
840 1505 953 1543 gravia
965 1506 1135 1535 incurrere
1152 1505 1248 1535 detri-

241 1563 362 1594 menta,
384 1563 419 1589 ut
435 1559 473 1588 de
491 1559 612 1589 talibus
631 1558 842 1596 provideatur
858 1558 1020 1596 personis.
1038 1567 1096 1597 per
1113 1567 1194 1596 quas
1213 1558 1247 1587 in

242 1612 393 1651 utrisque
407 1611 535 1650 possint
549 1612 617 1641 Deo
630 1611 770 1649 propitio
786 1611 946 1640 salutaria
960 1611 1128 1649 suscipere
1145 1611 1249 1640 incre-

244 1669 366 1699 menta,
385 1664 579 1694 mandamus
597 1663 754 1702 quatinus
772 1664 945 1699 Savinam,
967 1663 1145 1693 monialem
1161 1663 1250 1702 ejus-

244 1717 317 1746 dem
336 1717 542 1751 monasterii,
562 1717 656 1745 nobis
671 1716 708 1745 de
727 1717 790 1745 vita
809 1721 839 1745 et
856 1716 1003 1746 moribus
1020 1716 1250 1754 multipliciter

245 1769 517 1804 commendatam,
532 1770 560 1799 si
575 1773 665 1799 tanto
681 1774 839 1805 congruat
855 1770 947 1799 oncri
963 1779 998 1798 ac
1014 1769 1143 1798 honori.
1157 1769 1249 1807 perfi-

246 1823 314 1852 cias
335 1822 529 1852 auctoritate
553 1827 665 1851 nostra
689 1822 723 1850 111
747 1822 949 1851 abbatissam
971 1822 1172 1851 monasterio
1195 1832 1250 1851 su-

246 1875 404 1913 pradicto,
424 1883 459 1903 ac
477 1874 541 1903 sibi
560 1874 662 1903 facias
684 1884 804 1903 munus
828 1874 1068 1903 benedictionis
1092 1874 1249 1912 impendi,

247 1932 278 1957 et
295 1937 313 1957 a
330 1927 400 1957 suis
417 1927 559 1956 subditis
582 1927 805 1956 obedientiam
826 1932 855 1956 et
876 1927 1094 1956 reverentiam
1115 1927 1180 1956 sibi
1196 1927 1252 1956 ‹le-

248 1980 350 2010 bitam
367 1979 527 2010 exbiberi.
545 1980 822 2009 Contradictores.
841 1981 1045 2018 Recepturus
1062 1980 1102 2009 ab
1119 1990 1156 2009 ea
1170 1984 1253 2018 post-

248 2033 391 2066 modum,
410 2037 522 2062 nostro
541 2037 571 2061 et
589 2032 733 2061 Ecclesie
752 2033 898 2062 Romane
918 2033 1062 2066 nomine,
1084 2033 1253 2062 fidelitatis

247 2085 578 2124 solitejuramentum
592 2085 685 2124 juxta
704 2086 843 2114 sormam
865 2089 924 2115 ete.
944 2094 1048 2123 usque
1067 2095 1072 2114 :
1094 2085 1253 2115 interclu-

248 2148 329 2168 sam.
346 2139 497 2167 Formam
510 2138 852 2176 autemjuramentum
866 2142 926 2167 etc.
943 2147 1067 2176 usquc:
1086 2138 1252 2168 destinare

250 2200 416 2229 procures.
449 2192 521 2220 Dat.
553 2192 723 2222 Laterani.
756 2192 787 2221 II
817 2191 974 2221 kalendas
1007 2192 1134 2223 martii,
1167 2201 1253 2222 anno

250 2244 404 2273 secundo.
427 2256 439 2269 »

323 2427 442 2455 1190

808 2429 918 2461 Lati-an,
935 2429 968 2455 <23
986 2430 1088 2456 fevi-ici·
1108 2430 1183 2457 1256.

290 2490 453 2524 Philippum
468 2489 582 2516 Petrum
596 2491 629 2515 de
645 2490 788 2517 Bellosorti
804 2500 836 2517 :tc
851 2493 915 2526 ejus
932 2500 1083 2526 sequaces,
1101 2494 1257 2519 monachos

251 2538 453 2565 cluniacensis
463 2538 582 2569 ordinis,
595 2539 642 2573 qui
656 2540 808 2573 incestum,
827 2541 1066 2575 dilapidationem,
1087 2543 1144 2576 perj
1153 2543 1256 2570 urium.

252 2586 434 2617 adulterium,
457 2587 620 2620 simoniam,
647 2588 848 2621 homicidium,
875 2590 1126 2621 incontinentiam,
1152 2590 1258 2616 venefi-

252 2635 328 2661 cium
346 2638 445 2661 contra
462 2634 646 2661 Guillelmum
659 2636 789 2661 abbatem
807 2641 948 2670 repetunt,
962 2639 1021 2671 jam
1039 2638 1072 2664 ab
1091 2638 1258 2665 Innocentio

253 2691 326 2718 papa
343 2691 398 2709 uon
416 2683 576 2715 admissos,
596 2692 650 2709 non
671 2684 802 2710 admittit.
820 2684 902 2717 (Rae.
920 2686 966 2716 ⁴24,
986 2686 1033 2713 fol.
1054 2687 1118 2719 1:30,
1136 2695 1201 2713 ann.
1221 2687 1256 2720 ΙΙ,

252 2738 279 2756 c.
297 2731 368 2762 156.)

296 2850 308 2864 «
328 2839 495 2874 Gttillelmo,
516 2840 616 2868 abbati
629 2841 835 2869 Cluniaemsi.
856 2842 904 2870 Ne
921 2842 959 2871 de
979 2851 1133 2879 processu
1150 2852 1259 2873 coram

256 2890 350 2919 nobis
373 2900 470 2928 super
490 2892 666 2929 propositis
685 2897 798 2922 contra
817 2898 844 2923 te
863 2893 974 2923 habito
992 2895 1097 2924 valeat
1114 2896 1260 2934 inposte-

1321 311 1393 332 rum
1413 303 1572 341 dubitari,
1590 308 1702 335 nostre
1721 304 1957 334 sollicitudinis
1977 304 2115 333 interest
2130 307 2165 333 ut
2181 302 2277 333 illum
2292 303 2328 333 in

1321 356 1519 394 scripturam
1540 357 1630 387 bulla
1649 362 1761 387 nostra
1778 357 1940 387 munitam
1959 356 2063 393 redigi
2080 356 2120 385 ad
2137 360 2329 395 perpetuam

1322 409 1514 438 memoriam
1538 410 1712 440 faciamus.
1735 410 1779 440 Te
1800 410 1903 447 igitur
1926 418 2030 447 nuper
2053 408 2093 438 ad
2115 408 2327 447 apostolicam

1322 462 1440 492 Sedcm
1457 466 1613 501 tanquam
1631 462 1747 493 devoto
1766 462 1835 492 filio
1857 462 2047 496 accedente,
2067 461 2251 500 Pbylippus
2267 462 2331 492 Pe-

1322 518 1393 543 trus
1413 514 1452 544 de
1472 513 1655 549 Bellosorti,
1673 514 1873 545 Guillelmus
1892 514 1931 543 de
1949 514 2069 543 Sancto
2086 513 2252 549 Marcello,
2270 513 2331 544 Ni-

1323 567 1435 597 colaus
1464 567 1503 597 de
1534 567 1654 597 Sancto
1683 568 1790 606 Lupo,
1816 567 1988 599 Johannes
2015 567 2054 597 de
2080 568 2191 597 Monte
2217 566 2331 597 Sancti

1323 621 1509 655 Vincentii,
1534 621 1678 659 Haymo,
1707 621 1895 659 Stephanus
1917 621 2036 655 Rufus,
2061 630 2118 658 pro
2141 629 2176 650 se
2199 629 2235 650 ac
2259 620 2330 650 suis

1324 674 1538 712 sequacibus,
1562 674 1728 712 prioribus
1749 682 1807 703 seu
1830 673 2018 707 monacbis.
2037 673 2085 703 tui
2110 672 2253 708 ordinis,
2273 672 2331 712 qui

1324 730 1400 755 ante
1423 730 1516 755 tuum
1542 726 1582 756 ad
1608 726 1725 756 Sedem
1750 727 1855 764 ipsam
1879 726 2056 756 adventum
2083 730 2113 756 et
2138 730 2251 764 postea
2273 733 2333 755 nos

1325 778 1449 817 pluries
1466 779 1664 817 importune,
1681 783 1715 808 ut
1731 779 1779 809 eis
1796 779 2010 817 preberemus
2027 778 2241 814 audientiam,
2257 786 2334 816 pro-

1325 832 1507 870 pulsarant,
1526 841 1665 871 quorum
1687 832 1792 871 aliqui
1808 832 1931 861 dudum
1947 836 2061 861 contra
2079 836 2109 861 te
2128 839 2238 860 coram
2258 829 2335 861 feli-

1325 885 1372 915 cis
1391 885 1630 915 recordationis
1650 886 1673 915 Ι.
1694 894 1792 924 papa,
1814 885 2046 924 predecessore
2069 888 2198 919 nostro,
2217 892 2335 922 propo-

1326 942 1464 968 suerunt
1485 938 1588 968 multa
1610 939 1762 969 crimina.
1781 938 1838 968 sed
1861 938 1998 968 admissi
2021 938 2060 967 ab
2081 938 2153 976 ipso
2173 946 2239 967 non
2261 937 2334 967 fue-

1326 995 1411 1025 rant,
1425 991 1538 1021 eadem
1556 992 1696 1021 crimina
1713 995 1899 1029 repetentes
1912 995 2026 1020 contra
2042 998 2216 1029 personam
2232 993 2334 1024 tuam,

1325 1044 1501 1079 incestum,
1510 1044 1793 1082 dilapidationem.
1803 1044 1997 1083 perjurium,
2007 1043 2219 1078 adulterium,
2229 1050 2337 1081 symo-

1328 1097 1429 1132 niam,
1443 1096 1671 1132 homicidium,
1687 1097 1977 1131 incontinentiam,
1989 1096 2188 1126 veneficium
2204 1099 2235 1125 et
2250 1094 2339 1134 quod
2367 1128 2372 1132 ,

1328 1159 1393 1179 non
1412 1150 1458 1179 sis
1478 1150 1662 1188 presbyter,
1681 1154 1711 1180 et
1728 1149 1794 1179 alia
1810 1150 1901 1179 varia
1919 1154 1950 1179 et
1967 1149 2099 1178 diversa
2119 1148 2261 1178 crimina
2279 1155 2338 1186 pro

1329 1212 1363 1232 se
1380 1211 1417 1232 ac
1433 1202 1530 1232 dictis
1546 1202 1745 1241 sequacibus
1762 1206 2006 1240 proposuerunt
2021 1202 2055 1231 in
2072 1205 2185 1231 nostra
2200 1208 2338 1239 presen-

1330 1255 1375 1284 tia
1388 1255 1572 1287 constituti.
1585 1259 1733 1293 petentes
1745 1255 1910 1285 instanter
1922 1254 1961 1283 ad
1974 1254 2227 1293 inquisitionem
2239 1261 2340 1292 super

1329 1307 1396 1337 hiis
1418 1316 1455 1338 ex
1476 1307 1582 1337 officio
1604 1312 1716 1338 nostro
1740 1307 1883 1346 procedi,
1902 1307 1942 1336 ad
1959 1316 2031 1337 eam
2054 1306 2336 1345 prosequendam,

1329 1365 1361 1390 et
1383 1361 1530 1395 demum,
1548 1361 1610 1391 hac
1627 1361 1680 1390 via
1698 1361 1836 1396 omissa,
1858 1370 1892 1390 se
1912 1370 1948 1390 ac
1968 1369 2128 1399 sequaces
2147 1359 2279 1390 eosdem
2299 1358 2340 1389 ad

1330 1413 1575 1443 accusationem
1601 1418 1716 1443 contra
1739 1417 1768 1443 te
1792 1413 1922 1443 admitti
1946 1406 2021 1442 cum
2042 1412 2204 1443 instantia
2225 1415 2340 1451 postu-

1329 1466 1452 1501 larunt,
1471 1466 1538 1496 hiis
1561 1466 1673 1505 itaque
1694 1475 1731 1496 ac
1752 1466 1828 1496 aliis
1849 1466 1907 1504 qui
1926 1474 2034 1496 coram
2052 1465 2148 1495 nobis
2163 1464 2342 1495 voluerunt

1329 1528 1512 1558 proponere
1524 1528 1561 1548 ac
1573 1519 1816 1549 sufficientibus
1829 1518 2100 1549 excusationibus
2111 1522 2142 1548 et
2153 1517 2340 1548 rationibus

1331 1572 1397 1602 tuis
1411 1571 1546 1607 auditis,
1562 1580 1621 1602 nos
1634 1571 1895 1610 pronunciantes
1909 1580 2008 1609 super
2022 1571 2081 1606 eis,
2095 1571 2240 1609 prefatos
2254 1569 2341 1610 Phy-

1330 1625 1456 1664 lippum
1481 1630 1512 1655 et
1535 1625 1617 1655 alios
1644 1634 1757 1655 eorum
1781 1633 1940 1663 sequaces
1963 1624 2004 1654 ad
2026 1624 2128 1662 petita
2152 1623 2204 1654 vel
2227 1631 2342 1653 eorum

1332 1678 1476 1717 aliquod,
1495 1678 1534 1708 de
1556 1679 1697 1708 fratrum
1721 1682 1909 1708 nostrorum
1932 1677 2084 1712 consilio,
2103 1685 2168 1707 non
2187 1676 2342 1706 duximus

1332 1731 1570 1766 admittendos,
1600 1731 1782 1761 adicientes
1808 1731 1894 1769 quod
1925 1731 2012 1760 circa
2041 1734 2165 1760 statum
2194 1728 2343 1768 ejusdem

1333 1784 1528 1813 monasterii
1565 1784 1651 1822 quod
1689 1788 1838 1813 nostrum
1876 1788 1925 1813 est
1962 1782 2122 1821 speciale.
2156 1782 2342 1812 faceremus

1334 1837 1420 1875 quod
1438 1837 1619 1866 viderimus
1636 1837 1798 1875 expedire.
1819 1837 1892 1866 Dat.
1912 1836 2084 1871 Laterani,
2104 1836 2167 1866 VII
2183 1834 2343 1865 kalendas

1334 1890 1457 1925 martii,
1476 1899 1562 1920 anno
1580 1890 1736 1920 secundo.
1757 1902 1769 1916 »

1410 2062 1525 2089 1191

1372 2124 1469 2150 Electo
1488 2123 1638 2150 Laoniensi
1656 2122 1798 2154 concedit,
1819 2127 1846 2149 ut
1863 2122 1977 2148 clericis
1993 2126 2021 2148 ct
2038 2121 2119 2148 laicis
2134 2129 2204 2148 suae
2219 2120 2347 2147 diocesis

1337 2176 1452 2208 propter
1470 2172 1622 2198 violentam
1641 2171 1826 2205 injectionem
1845 2179 1980 2196 manuum
2002 2171 2027 2196 in
2053 2170 2129 2196 viros
2151 2169 2304 2203 religiosos
2318 2171 2348 2195 et

1336 2221 1458 2247 elexicos
1479 2221 1642 2246 saeculares
1665 2219 1941 2249 excommunicatis,
1963 2220 2011 2253 qui
2035 2222 2151 2253 propter
2166 2221 2346 2244 senectutem

1336 2272 1364 2295 et
1379 2269 1554 2295 debilitatem
1572 2268 1676 2295 Sedem
1689 2269 1876 2302 apostolicam
1889 2268 1967 2294 adire
1986 2270 2137 2302 nequeant,
2155 2265 2348 2293 absolutionis

1336 2317 1507 2343 beneficium
1536 2316 1724 2350 impertiatur.
1752 2316 1834 2348 (Rae.
1862 2316 1906 2347 Ἡ,
1934 2315 1952 2342 s.
1982 2316 2039 2346 ¹50,
2065 2323 2132 2341 ann.
2160 2313 2198 2348 ΙΙ,
2224 2322 2250 2340 e.
2278 2314 2346 2344 ¹57;

1338 2365 1484 2391 Formas-r
1502 2364 1610 2397 16256.)

1890 2061 2006 2088 Latrnn.
2029 2062 2056 2086 Π
2075 2060 2178 2087 sevriet·
2197 2058 2272 2086 1256.

1380 2478 1392 2491 «
1413 2488 1446 2499 ..,
1464 2466 1551 2494 electo
1566 2466 1739 2494 Laoniensi.
1762 2466 1806 2495 Ex
1824 2470 1915 2503 parte
1939 2469 1994 2494 tua
2010 2482 2057 2493 —.
2080 2465 2153 2494 Dat.
2173 2463 2346 2499 Laterani,

1338 2519 1422 2548 XIII
1438 2517 1597 2548 kalendas
1614 2518 1736 2554 martii,
1752 2527 1838 2548 anno
1855 2518 2012 2548 secundo.
2033 2530 2045 2544 »

1415 2696 1528 2725 1192

1377 2757 1515 2790 Magistro
1541 2757 1668 2792 Habrae,
1698 2759 1949 2794 archipresbytero
1981 2758 2176 2788 Armachauo,
2204 2755 2352 2791 capellano

1341 2805 1552 2840 archicpiscopi
1574 2806 1768 2837 Armachani,
1792 2807 1892 2833 eodem
1920 2806 2139 2840 archiepiscopo
2163 2804 2352 2839 apostolicam

1942 2696 2057 2730 Lati-an,
2075 2696 2089 2722 lt
2107 2703 2183 2722 mars
2201 2694 2277 2722 1256.

1343 2855 1462 2889 gratiam
1488 2857 1675 2890 personaliter
1698 2858 1882 2892 implora-inte,
1908 2857 2072 2891 dispensat,
2098 2860 2144 2886 ut,
2168 2858 2279 2890 practer
2294 2853 2352 2880 duo

1343 2903 1480 2930 beneficia
1497 2905 1694 2932 ecclesiastica
1707 2907 1766 2940 jam
1784 2906 1899 2932 obtenta
1915 2914 2036 2940 quorum
2055 2908 2211 2939 proventus
2227 2910 2353 2929 annuam
