2498 3325
930 227 1161 265 DEUXIEME
1182 226 1342 263 ANNEE.
2133 235 2191 266 313

164 305 282 333 1035
655 303 770 336 Latran,
789 300 931 335 3janvio1·
949 300 1025 326 1‘256.

127 367 270 393 Diocesim
292 365 528 397 Cracoviensem,
550 365 733 391 Tartaron-um
756 372 790 390 ac
810 363 895 389 etiam
920 369 1097 396 paganorum

90 414 257 441 incursibus
272 414 354 448 quasi
370 414 494 439 totaliter
510 413 701 442 devastatam,
721 410 973 446 procurationibus
989 409 1098 442 legato-

89 471 153 489 rum
171 463 202 490 S.
219 462 302 488 Sedis
317 462 427 488 eximit.
443 462 526 494 (Rau.
544 462 588 495 94,
606 461 623 488 f.
645 461 716 493 1282
733 469 799 486 aun.
816 459 859 491 Π,
877 467 903 486 0.
919 459 974 489 ⁵26.)

134 576 147 589 «
175 586 212 597 ..,
239 564 372 600 episcopo
395 567 420 590 et
444 563 579 599 capitulo
600 561 859 591 Cracoriensibus.
882 558 1099 597 Exigentibus

92 619 200 645 vestre
218 614 403 644 devotionis
420 614 548 643 meritis
566 618 627 643 etc.
645 622 751 651 usque
769 622 775 641 z
794 612 999 642 exaudimus.
1017 611 1100 641 Cum

92 667 207 705 igitur,
224 667 310 696 sicut
327 676 365 696 cx
382 670 493 696 tenore
508 670 616 696 vestre
633 664 804 703 petitionis
821 664 1020 702 accepimus,
1035 663 1102 692 dio-

93 719 179 749 cesis
207 718 439 750 Cracoviensis
468 719 681 748 Tartar-orum
707 727 744 747 ac
771 717 871 747 etiam
897 725 1101 755 paganorum

92 772 285 801 incursibus
308 771 403 809 quasi
428 770 573 800 totaliter
592 770 694 800 fuerit
716 770 899 804 devastata,
922 778 999 803 nos,
1019 777 1100 806 pau-

92 824 211 862 pertati
233 827 339 853 vestre
360 823 413 861 pio
432 823 669 860 compatientes
687 823 806 852 affectu
827 831 862 851 ac
881 830 939 859 per
960 820 1021 850 hoc
1040 820 1101 849 ali-

92 877 186 915 cujus
204 875 417 906 relevationis
435 875 552 905 solatio
566 884 622 905 vos
637 875 779 912 gaudere
796 874 954 908 volentes,
967 877 1003 903 ut
1016 872 1101 902 nulli

92 929 215 958 nuncio
235 929 285 958 vel
307 928 413 965 legato
436 928 530 957 Sedis
551 927 743 966 apostolice,
767 927 833 956 nisi
853 927 955 956 fuerit
976 926 1014 955 de
1034 926 1101 955 sra-

93 982 200 1012 tribus
221 981 346 1023 nostris
366 985 575 1010 sacrosancte
591 981 739 1010 Romane
756 980 903 1009 Ecclesie
922 978 1101 1009 cardinali-

90 1035 164 1069 bus,
182 1034 431 1073 procurationes
448 1033 659 1071 pecuniarias
676 1033 802 1063 solvere
818 1032 1011 1067 teneamini,
1028 1041 1100 1062 auc-

94 1088 224 1118 toritate
241 1087 334 1117 vobis
348 1087 553 1125 presentium
568 1086 791 1123 indulgemus.
806 1086 898 1116 Nulli
913 1091 973 1116 etc.
990 1090 1101 1116 nostre

93 1139 320 1170 concessionis
345 1144 406 1169 etc.
433 1140 507 1169 Dat.
534 1139 708 1174 Laterani,
735 1139 786 1168 ΙΙΙ
813 1148 918 1168 nonas
939 1138 1099 1182 japuarii,

94 1201 182 1223 anno
197 1192 352 1222 secundo.
370 1204 382 1218 »

167 1378 185 1404 1
193 1377 281 1405 036

130 1437 326 1472 Iasi-ascriptis
347 1438 475 1469 mandat,
493 1438 640 1464 inhibeant
655 1438 688 1464 ad
705 1438 874 1464 eiectionem
891 1438 1102 1471 cujuscumque

92 1487 206 1513 abbatis
232 1486 398 1513 monasterii
423 1495 448 1513 s.
480 1486 620 1513 phaz-onis
650 1486 807 1512 Meldensis
837 1485 967 1520 procedi,
993 1486 1102 1520 absque

93 1535 214 1566 Alei-mi,
234 1535 390 1561 Meidensis
406 1535 546 1569 episcopi,
561 1543 694 1562 assensu.
710 1534 791 1567 (nm.
805 1534 848 1565 ⁶24,
864 1535 884 1562 s.
898 1534 970 1568 '1⁶28ss
983 1543 1049 1560 ann.
1063 1534 1100 1565 ΙΙ,

92 1592 119 1610 0.
136 1583 192 1616 c27.)

604 1375 717 1406 Lau-an,
736 1375 768 1401 30
785 1375 936 1401 decembre
955 1375 1030 1401 1255.

135 1696 148 1710 α
169 1706 201 1719 ..,
217 1684 317 1713 abbati
333 1684 366 1712 de
381 1685 548 1719 Liueriaco,
565 1685 749 1713 Parisiensz‘s
762 1684 897 1719 diocesis,
913 1688 938 1712 et
954 1685 1102 1721 mayistro

93 1737 254 1766 Guillelmo
274 1737 307 1765 de
329 1737 578 1773 li'auyreneuise,
597 1737 745 1766 canonico
760 1737 941 1765 Parisiensi.
959 1737 1102 1766 Presen-

92 1789 176 1818 tium
198 1788 292 1818 vobis
316 1789 529 1820 auctoritate.
554 1789 595 1818 ad
614 1788 721 1818 instar
735 1788 845 1819 felicis
861 1789 1101 1819 recordationis

92 1842 118 1871 Ι.
145 1851 227 1880 pape
252 1841 496 1880 predecessoris
523 1841 640 1877 nostri,
663 1842 860 1871 mandamus
883 1842 1041 1880 quatinus
1064 1865 1099 1877 ..,

91 1894 205 1932 priori,
230 1898 261 1924 et
284 1894 462 1924 conventui
485 1895 681 1924 monasterii
702 1895 808 1925 sancti
831 1895 996 1925 Pharonis
1019 1894 1102 1924 Mel-

91 1947 215 1976 densis.
234 1947 362 1976 ordinis
381 1947 487 1976 sancti
506 1947 690 1980 Benedicti,
710 1948 905 1977 auctoritate
925 1952 1038 1977 nostra
1053 1947 1101 1976 in-

90 1998 235 2029 hibeatis
260 2008 431 2037 expresse,
457 2003 506 2035 ut,
535 2000 562 2029 si
586 2000 826 2030 monasterium
849 2000 958 2038 ipsum
983 1999 1100 2029 abbate

90 2060 207 2081 vacare
226 2051 419 2089 contigerit,
437 2051 543 2089 ipsius
565 2051 682 2081 abbate
704 2052 839 2082 cedente
856 2052 906 2082 vel
926 2052 1025 2082 etiam
1044 2052 1101 2082 de-

89 2103 237 2138 cedente,
256 2103 296 2133 ad
309 2103 505 2134 electionem
520 2104 569 2134 vel
582 2104 840 2142 postulationem
854 2105 958 2134 futuri
971 2104 1100 2134 abbatis

89 2155 302 2194 aliquatenus
324 2164 388 2185 non
405 2156 600 2194 procedant,
624 2157 749 2195 absque
767 2156 969 2186 venerabilis
985 2157 1100 2186 fratris

91 2208 196 2237 nostri
219 2207 361 2243 Alermi‚
389 2208 534 2246 episcopi
559 2208 756 2244 Meldensis,
781 2209 950 2239 diocesani
973 2218 1097 2244 eorum,

91 2261 231 2291 consilio
257 2266 288 2291 et
308 2270 459 2296 assensu,
487 2262 703 2292 decernentes
727 2262 862 2292 irritum
885 2266 915 2292 et
937 2262 1049 2297 inane,
1071 2262 1100 2292 si

91 2313 171 2352 quid
188 2322 286 2351 super
302 2313 363 2343 hoc
379 2318 491 2343 contra
510 2314 748 2345 inhibitionem
766 2315 958 2354 hujusmodi
977 2314 1017 2344 ab
1034 2306 1100 2344 eis-

90 2366 164 2396 dem
185 2366 293 2404 priore
315 2370 345 2395 et
364 2371 528 2396 conventu
548 2367 650 2397 fuerit
671 2371 913 2405 attemptatum.
936 2367 1099 2397 Nolumus

90 2423 201 2448 tamen
232 2422 305 2456 post
337 2419 580 2449 ordinationem
608 2419 800 2458 hujusmodi
828 2420 912 2458 ipsis
938 2420 1042 2458 priori
1069 2424 1100 2450 et

91 2471 268 2501 conventui
286 2480 322 2500 ac
341 2471 590 2501 successoribus
607 2472 677 2501 suis
694 2472 866 2511 quo-adjus
883 2472 1028 2510 eligendi
1042 2472 1100 2502 ab-

91 2523 212 2558 batem,
233 2523 318 2553 sicut
335 2523 382 2553 eis
399 2523 584 2553 dinoscitur
600 2523 639 2553 de
653 2524 728 2563 jure
744 2529 940 2562 competere,
957 2524 1100 2563 prejudi-

90 2576 178 2605 cium
191 2576 225 2605 in
240 2580 408 2614 posterum
424 2576 588 2613 generari.
605 2577 679 2606 Dat.
695 2577 862 2613 Laterani,
876 2577 926 2607 III
940 2576 1100 2607 kalendas

85 2628 247 2667 januarii,
268 2637 354 2658 anno
371 2628 526 2658 secundo.
548 2641 561 2655 »

162 2820 275 2848 1037

127 2881 310 2916 [darien-iuml,
323 2881 572 2916 archiepiscopum
590 2880 792 2916 Upsaiensem,
809 2881 1012 2915 [Laurentium]
1032 2881 1100 2907 Lin-

212 2943 435 2967 ALEXANDRE
455 2942 505 2972 tv,
525 2945 543 2966 t.
564 2942 583 2966 1.

597 2819 711 2853 Latran‚
730 2819 763 2847 30
780 2819 931 2846 decembre
953 2820 1027 2846 1255.

1182 305 1337 332 copensem
1361 300 1388 324 et
1415 297 1619 332 {Laurentium}
1644 299 1815 325 Sem-ensem
1838 300 1990 334 episcopos
2014 303 2123 331 monet,
2149 300 2191 326 fa-

1181 346 1258 371 ciant
1278 349 1308 371 ut
1327 345 1480 372 consilium
1503 346 1630 380 [Birgeri]
1656 346 1739 373 ducis
1761 346 1966 379 Suwenorum,
1991 349 2038 382 qui
2063 348 2192 375 intendat

1181 398 1275 420 certas
1291 394 1318 419 111
1341 402 1429 428 reguo
1452 395 1516 428 ip÷0
1535 395 1683 428 assignare
1701 396 1763 421 suis
1780 396 1845 421 filiis
1866 396 2012 429 portiones
2032 397 2065 422 ad
2082 398 2191 422 evitan-

1181 441 1251 468 dum
1269 442 1396 468 fidelium
1415 446 1540 476 stragem
1559 446 1623 476 post
1639 443 1732 477 ipsius
1748 443 1868 476 obitum,
1881 444 2080 470 inviolabiliter
2095 445 2192 471 obser-

1182 495 1276 517 vetur.
1295 490 1378 524 (Res.
1395 491 1440 523 ⁶24,
1459 491 1477 518 f.
1497 490 1568 522 1‘28',
1585 499 1651 517 ann.
1668 491 1706 525 ΙΙ,
1723 499 1749 517 e.
1767 491 1815 525 ‘283
1834 492 1979 519 Porri-msa*
1996 493 2103 526 16151.)

1226 604 1239 618 (ι
1269 615 1299 627 ..,
1325 593 1549 630 archiepiscopo
1574 593 1738 630 Fpmlrmi,
1818 594 1995 630 Lincopeozsi
2018 599 2043 623 et
2065 617 2095 629 ..,
2119 595 2192 624 Sca-

1184 646 1269 674 rensi
1284 646 1440 682 episeopis.
1461 645 1506 674 Ex
1522 649 1614 682 parte
1632 645 1743 674 dilecti
1755 662 1803 673 —.
1821 646 1894 674 Dat.
1912 649 1947 674 111
1965 655 2074 683 supra.
2094 658 2106 672 »

1257 841 1374 870 ¹038

1221 903 1353 930 Formam
1372 904 1563 930 institutionis
1578 907 1633 930 etc.
1650 903 1779 937 magistri
1796 903 1899 929 domus
1914 903 1948 929 de
1963 903 2123 935 Calan-ava,
2141 904 2193 930 do-

1184 953 1244 978 mui
1260 951 1450 978 Morismundi
1465 953 1624 986 subjectae,
1641 952 1748 978 servari
1762 952 1902 985 indulget.
1918 951 1999 985 (Rea.
2016 952 2063 983 24,
2083 952 2100 978 f.
2119 952 2192 986 '1282

1183 1009 1250 1026 ann.
1267 1000 1304 1032 ΙΙ,
1323 1008 1348 1026 c.
1366 1000 1419 1029 29.)

1755 841 1869 874 Latran,
1887 841 1900 868 3
1913 842 2026 875 janvier
2044 842 2120 869 1‘256.

1227 1113 1240 1127 «
1259 1124 1291 1136 ..,
1309 1102 1420 1136 abbati,
1440 1106 1466 1130 et
1482 1103 1646 1130 conventui
1660 1102 1840 1130 monasterii
1855 1102 2071 1135 Δίον-1301071111,
2089 1106 2114 1130 et
2130 1110 2193 1130 ma-

1185 1155 1280 1192 yistro
1305 1159 1331 1183 et
1352 1155 1505 1191 fratribus
1529 1155 1635 1183 domus
1660 1155 1820 1184 Galam-ave
1843 1155 2058 1189 cisterciensis,
2084 1155 2194 1191 [ληρο-

1186 1208 1289 1236 nensis
1314 1212 1339 1236 et
1364 1208 1501 1236 Toletane
1524 1207 1700 1236 diocesium.
1725 1207 1807 1237 Cum
1834 1216 1851 1236 a
1872 1207 1966 1236 nobis
1987 1207 2110 1245 petitur
2131 1210 2190 1236 etc.

1185 1269 1292 1298 usque
1311 1269 1317 1288 ε
1338 1260 1502 1289 effectum.
1521 1260 1649 1290 Vestris
1666 1259 1769 1297 igitur
1785 1259 2084 1298 supplicationibus
2100 1259 2193 1289 incli-

1187 1312 1267 1347 nati,
1291 1316 1327 1342 ut
1349 1312 1407 1342 illa
1429 1313 1534 1342 forma
1557 1312 1644 1342 circa
1664 1312 1921 1347 institutionem,
1944 1312 2194 1342 destitutionem

1188 1369 1218 1395 et
1235 1365 1420 1395 cessionem
1436 1365 1588 1402 magistri
1605 1365 1720 1395 domus
1737 1365 1775 1394 de
1792 1365 1977 1400 Calatrava,
1996 1365 2107 1394 domui
2124 1366 2194 1395 Mo-

1186 1417 1333 1447 rimundi
1352 1417 1542 1447 immediate
1559 1417 1716 1455 subjecte,
1735 1426 1797 1455 quo
1814 1417 1902 1446 circa
1918 1417 2052 1446 abbates
2069 1417 2194 1447 Cister-

1187 1470 1310 1500 ciensis
1339 1470 1484 1505 ordinis,
1517 1470 1624 1508 quoad
1648 1469 1795 1507 predicta
1815 1469 1910 1508 juxta
1936 1469 2042 1507 ipsius
2067 1469 2194 1499 ordinis

1186 1522 1341 1551 instituta
1357 1525 1520 1556 servatur,
1538 1521 1572 1550 in
1588 1526 1757 1559 posterum
1776 1521 1986 1556 observetur,
2007 1521 2099 1551 vobis
2117 1530 2194 1551 auc-

1186 1574 1317 1604 toritate
1337 1574 1544 1612 presentium
1568 1574 1791 1612 indulgemus.
1814 1575 2038 1604 Decernentes
2061 1574 2194 1603 irritum

1186 1630 1217 1657 et
1242 1627 1359 1661 inane,
1387 1626 1415 1656 si
1442 1635 1538 1656 secus
1564 1626 1600 1655 in
1629 1631 1799 1664 posterum
1823 1626 1924 1656 fuerit
1950 1630 2190 1664 attemptatum.

1185 1679 1279 1710 Nulli
1304 1683 1364 1709 etc.
1393 1683 1504 1709 nostre
1534 1679 1760 1709 concessionis
1788 1683 1819 1710 et
1849 1680 2097 1709 constitutionis
2131 1684 2192 1709 etc.

1185 1734 1259 1763 Dat.
1279 1733 1446 1768 Laterani,
1465 1734 1514 1763 III
1532 1742 1636 1763 nonas
1649 1733 1808 1772 januarii,
1828 1741 1914 1762 anno
1931 1733 2087 1762 seeundo.
2107 1745 2120 1759 »

1258 1933 1276 1959 1
1285 1931 1375 1959 030

1219 1993 1326 2020 Abbati
1342 1993 1533 2020 Morismundi
1546 1993 1678 2020 concedit
1695 1993 1823 2019 eamdem
1841 1997 2009 2028 potestatem
2027 1992 2195 2019 absolvendi

1184 2051 1235 2069 seu
1252 2042 1440 2076 dispensandi
1457 2042 1558 2068 fratres
1574 2042 1677 2068 domus
1689 2041 1900 2068 calatravensis
1915 2043 1991 2068 sicut
2008 2042 2109 2068 fratres
2125 2042 2194 2067 alio-

1183 2099 1246 2117 rum
1264 2091 1410 2117 domuum.
1434 2090 1514 2122 (Res.
1532 2091 1576 2121 ²24,
1594 2091 1612 2117 f.
1632 2091 1705 2124 1⁶28„
1721 2099 1787 2117 ann.
1805 2091 1842 2122 ΙΙ,
1860 2100 1885 2117 c.
1904 2092 1960 2124 30.)

1754 1931 1867 1965 Lati-an,
1885 1931 2024 1965 3janvi01-
2047 1931 2122 1958 1256.

1225 2204 1237 2219 «
1257 2193 1364 2221 Abbati
1384 2193 1565 2221 monasterii
1582 2192 1801 2226 411ονιζς7711ι1η111,
1825 2193 2032 2222 cisterciensis
2057 2192 2191 2226 ordinis,

1183 2246 1382 2282 Lirzqonensis
1398 2245 1532 2274 diocesis.
1555 2245 1653 2276 Cum,
1679 2245 1764 2273 sicut
1787 2254 1824 2273 ex
1846 2248 1937 2282 parte
1958 2248 2012 2273 tua
2036 2244 2099 2273 fnit
2119 2253 2194 2281 pro-

1182 2298 1327 2336 positum
1344 2306 1453 2327 coram
1470 2297 1575 2333 nobis,
1596 2297 1655 2325 tibi
1670 2306 1768 2335 super
1784 2296 1990 2326 absolutione
2009 2306 2045 2325 ac
2060 2296 2194 2334 dispen-

1183 2350 1310 2380 satione
1328 2350 1482 2379 abbatum
1501 2353 1531 2379 et
1547 2349 1785 2378 monachorum
1799 2349 1859 2378 tibi
1874 2349 2097 2388 subjectorum
2113 2357 2194 2386 que-

1183 2403 1257 2433 dam
1276 2403 1315 2432 ab
1338 2402 1518 2440 apostolica
1539 2402 1621 2432 Sede
1645 2402 1705 2431 sub
1729 2406 1819 2432 certa
1842 2402 1949 2431 forma
1972 2402 2015 2431 sit
2038 2410 2195 2431 concessa

1182 2459 1338 2493 potestas,
1356 2459 1386 2485 et
1403 2455 1518 2484 domus
1533 2454 1790 2489 Calatravensis,
1804 2454 2039 2484 Cisterciensis
2053 2453 2192 2485 ordinis,

1182 2508 1352 2538 Tolletane
1368 2507 1521 2542 diocesis,
1536 2507 1726 2537 immediate
1740 2506 1941 2536 monasterio
1959 2510 2012 2535 tuo
2029 2506 2194 2535 5101111110-

1185 2560 1226 2590 tri
1243 2560 1311 2589 lilia
1331 2560 1374 2589 sit
1396 2560 1560 2598 subiecta,
1586 2559 1780 2589 discretioni
1799 2563 1863 2594 tue,
1882 2562 1917 2588 ut
1933 2558 2124 2597 hujusmodi
2142 2567 2193 2596 po-

1184 2616 1302 2643 testate
1322 2612 1410 2642 circa
1429 2611 1672 2641 absolutionem
1695 2615 1726 2641 et
1749 2611 2031 2649 dispensationem
2053 2611 2194 2639 fratrum

1183 2665 1328 2704 predicte
1345 2665 1461 2694 domus
1478 2665 1571 2703 juxta
1588 2664 1769 2702 predictam
1792 2664 1931 2693 sormam
1949 2663 1997 2693 uti
2018 2663 2120 2692 libere
2138 2672 2194 2691 va-

1182 2718 1263 2753 leas,
1282 2727 1319 2747 ac
1336 2717 1439 2756 priori
1456 2717 1513 2756 qui
1529 2717 1652 2747 ibidem
1666 2726 1724 2755 pro
1744 2721 1888 2754 tempore
1905 2716 2016 2751 suerit,
2036 2720 2066 2745 et
2083 2715 2193 2744 visita-

1185 2770 1311 2800 toribus
1327 2774 1431 2808 perte
1451 2770 1487 2799 111
1509 2773 1677 2808 posterum
1701 2769 1908 2799 destinandis
1932 2769 1971 2798 ad
1994 2769 2082 2806 ipsos
2105 2768 2194 2797 vices

1185 2826 1257 2852 tuas
1274 2822 1479 2852 committere
1496 2830 1595 2859 super
1613 2821 1674 2851 1100
1695 2821 1820 2855 valcas,
1842 2821 2036 2850 auctoritate
2057 2828 2194 2858 presen-

1184 2874 1266 2904 tium
1285 2874 1438 2904 duximus
1456 2873 1714 2903 concedendum.
1732 2874 1806 2902 Dat.
1823 2873 1905 2901 utin
1923 2872 1998 2901 alia.
2020 2884 2031 2897 »

2042 2937 2071 2961 40
