2498 3325
166 256 224 284 240
894 251 1133 283 REGISTRES
1155 249 1462 280 D’ALEXANDRE
1485 251 1538 280 IV.

169 325 216 349 tre
241 319 360 350 merita
389 320 525 358 exigunt
548 324 579 350 et
605 319 816 359 hospitalitas
846 328 946 358 quam
974 317 1114 349 servatis
1140 317 1174 346 in

167 372 369 403 monasterio
382 377 491 403 vestro
506 373 658 412 requirit,
672 377 708 403 ut
721 373 806 403 votis
818 372 937 403 vestris
949 370 1176 402 favorabiliter

169 429 370 461 annuentes,
399 425 562 456 faciamus
591 425 684 456 vobis
713 425 853 464 gratiam
877 423 1065 463 specialem.
1093 423 1174 454 Cum

168 479 270 514 igitur
291 477 400 508 felicis
417 478 655 509 recordationis
671 479 710 509 G.
732 487 815 517 papa
836 477 1048 516 predecessor
1065 480 1177 506 noster

169 539 267 568 super
283 530 470 569 deputanda
486 531 521 560 in
537 540 618 561 usus
634 540 815 569 pauperum
835 534 866 560 et
887 529 1056 568 hospitum
1072 528 1176 559 eccle-

170 583 254 613 siam
270 583 308 613 de
326 582 516 619 Plumsted,
535 583 702 614 Roll'ensis
719 583 877 618 diocesis,
900 583 934 612 in
957 592 1020 621 qua
1041 582 1096 621 jus
1119 590 1176 620 pa—

169 640 319 666 tronatus
337 635 482 672 habetis,
502 636 594 666 vobis
610 645 687 666 suas
704 636 832 666 litteras
849 635 979 666 duxerit
994 634 1177 665 conceden-

169 688 238 724 das,
265 697 336 724 nos,
364 688 511 719 volentes
533 689 568 718 in
590 689 651 718 hac
676 693 768 727 parte
794 688 886 718 vobis
906 689 1016 718 facere
1037 687 1177 725 gratiam

170 740 381 778 ampliorem,
403 741 577 771 ecclesiam
593 741 700 779 ipsam
721 750 795 771 cum
811 741 945 780 juribus
961 744 992 770 et
1006 740 1178 779 pertinen-

170 793 226 823 tiis
245 794 315 824 suis
336 793 429 824 vobis
453 794 488 823 in
509 794 654 832 prefatos
676 803 757 824 usus
779 793 958 832 apostolica
983 793 1178 823 auctoritate

171 846 382 877 concedimus
398 846 437 877 de
454 847 560 885 gratia
575 847 724 885 speciali,
739 847 979 877 nichilominus
996 846 1088 876 vobis
1105 854 1178 875 auc-

172 899 303 930 toritate
331 899 538 938 presentium
559 899 783 938 indulgemus,
807 903 843 929 ut
869 899 1016 939 ejusdem
1039 898 1178 929 ecclesie

170 953 417 992 possessionem
433 952 635 991 corporalem
652 962 726 983 cum
740 953 876 983 cedente
893 957 952 983 etc.
971 956 1008 982 ut
1023 952 1057 982 in
1071 952 1177 990 prima

172 1015 278 1045 usque
292 1016 298 1035 ε
312 1007 385 1036 Dat.
398 1005 549 1045 Neapoli,
560 1007 642 1036 VIII
652 1005 921 1046 kalendasjunii,
933 1014 1020 1036 anno
1031 1005 1148 1044 primo.
1164 1017 1176 1031 »

245 1184 330 1212 '28ss
771 1183 889 1218 Naples,
909 1183 941 1210 30
957 1183 1012 1210 mai
1031 1184 1109 1211 1255.

208 1245 314 1272 Abbati
337 1250 365 1272 et
381 1245 467 1280 priori
484 1245 514 1272 S.
532 1244 692 1272 Eadmundi
709 1246 833 1279 mandat,
852 1250 882 1272 ut
897 1246 1040 1281 praefatos
1056 1247 1082 1272 in
1099 1254 1181 1280 prae-

172 1294 245 1320 fatae
269 1294 409 1321 ecclesiae
430 1294 646 1329 possessionem
669 1294 822 1321 defendere
844 1299 1008 1329 procurent.
1031 1294 1114 1328 (Rau.
1136 1294 1180 1327 24,

172 1351 199 1369 c.
218 1342 295 1376 523⁸,
311 1343 331 1370 f.
348 1343 417 1376 94'.)

215 1457 228 1471 ι(
247 1467 282 1480 ..,
299 1445 411 1479 abbati,
429 1450 455 1474 et
471 1468 505 1479 ..,
520 1446 623 1483 priori
637 1447 738 1475 sancti
753 1446 941 1481 Eadmundz',
954 1446 1073 1476 ordinis
1083 1448 1184 1476 sancti

174 1498 342 1534 Benedicti,
372 1499 575 1528 Norwieensis
599 1499 733 1528 diocesis.
762 1499 956 1529 Devotionis
987 1498 1183 1529 dilectorum

174 1550 320 1580 liliorum
348 1568 394 1580 —.
425 1552 498 1581 Dat.
526 1551 676 1590 Neapoli.
704 1552 754 1582 III
780 1551 940 1582 kalendas
959 1552 1066 1591 junii,
1097 1560 1184 1582 anno

174 1612 291 1641 pr1m0.
313 1616 326 1630 »

247 1774 332 1803 *282
771 1775 893 1810 Names,
908 1775 943 1802 28
961 1777 1015 1803 mai
1033 1776 1111 1803 1255.

212 1836 318 1863 Abbati
338 1840 367 1863 et
387 1837 541 1863 conventui
558 1837 764 1863 monasteriis.
787 1837 946 1871 Augustini
967 1837 1184 1864 Cantuariensis

176 1885 328 1913 ecclesiam
351 1885 386 1912 de
405 1885 611 1920 Tentwarden‚
635 1885 853 1913 Cantuariensis
874 1885 1014 1917 diocesis.
1039 1895 1105 1913 cum
1122 1895 1184 1913 om-

177 1935 262 1961 nibus
284 1935 401 1969 juribus
425 1935 452 1961 in
479 1942 550 1961 usus
577 1935 708 1969 proprios
733 1934 876 1961 concedit.
900 1934 984 1968 (Rae.
1000 1935 1049 1969 24,
1065 1943 1091 1962 c.
1110 1935 1183 1967 523⁷,

177 1984 195 2010 f.
211 1983 274 2014 94ss
293 1983 439 2010 Porrnssr
454 1983 562 2016 15889.)

219 2097 231 2111 ι(
250 2108 282 2120 ..,
300 2086 410 2120 abbati,
426 2090 451 2114 et
465 2087 640 2120 conventui,
658 2091 812 2123 utsupra.
829 2086 900 2115 Etsi
917 2094 954 2116 ex
970 2086 1121 2125 injuncto
1134 2103 1183 2115 —.

177 2139 250 2167 Dat.
271 2137 421 2176 Neapoli,
438 2138 467 2168 V
482 2137 642 2168 kalendas
655 2138 755 2177 junii,
774 2147 860 2168 anno
876 2138 994 2176 primo.
1017 2151 1029 2165 ῃ

249 2309 337 2338 '⁷88
778 2310 896 2345 Naples,
914 2310 944 2338 31
964 2312 1019 2338 mai
1036 2311 1112 2339 1255.

214 2371 320 2398 Abbati
337 2375 364 2397 et
380 2372 468 2406 priori
483 2379 508 2398 s.
526 2371 687 2398 Eadmundi
705 2372 832 2406 mandat,
851 2377 881 2399 ut
898 2373 1039 2408 praefatos
1056 2375 1083 2400 in
1103 2382 1185 2409 prae-

178 2420 250 2447 fatae
273 2420 413 2447 ecclesiae
436 2421 652 2454 possessionem
675 2421 828 2448 defendere
852 2426 1015 2457 procurent.
1036 2422 1116 2455 (Rau.
1135 2423 1183 2456 24,

177 2477 204 2496 c.
222 2469 294 2502 5238,
313 2470 331 2497 s.
348 2469 416 2502 94¹.)

220 2583 233 2597 «
255 2594 287 2606 ..,
305 2572 416 2606 abbati,
435 2577 461 2600 et
477 2594 509 2606 ..,
528 2573 640 2609 priori,
659 2577 693 2601 ut
708 2581 814 2609 supra.
828 2572 898 2602 Etsi
915 2582 953 2603 ex
969 2573 1119 2612 injuncto
1135 2591 1181 2603 —.

178 2624 252 2653 Dat.
271 2623 422 2662 Neapoli,
441 2624 473 2653 II
489 2623 648 2654 kalendas
661 2625 761 2663 junii,
778 2633 865 2655 anno
880 2626 998 2664 primo.
1019 2639 1031 2652 »

252 2794 338 2823 ’289

216 2855 376 2883 Priorissae
393 2860 421 2882 et
439 2857 613 2883 monialibus
633 2857 736 2883 domus
757 2865 780 2884 s.
799 2857 906 2885 Mariae
924 2857 1110 2893 Magdalenae
1125 2859 1187 2885 Me-

181 2905 283 2936 tensis,
302 2904 411 2932 ordinis
427 2913 451 2932 s.
469 2905 639 2940 Augustini,
656 2914 728 2940 quae
744 2909 888 2941 tenentur,
906 2908 1066 2934 secuudum
1077 2907 1187 2934 ordinis

663 2795 788 2830 Anagni,
810 2796 839 2822 18
855 2797 1019 2831 septembre
1037 2797 1115 2824 1255.

1259 315 1306 342 sui
1319 319 1435 347 statuta,
1451 316 1580 351 pellicias
1593 316 1704 343 deferre
1717 315 1840 350 agninas
1851 315 2004 351 praecipue
2015 318 2141 350 tempore
2152 315 2267 343 hiemali

1260 372 1313 391 nec
1338 369 1460 399 possunt
1483 365 1554 391 tales
1576 365 1682 391 habere
1700 364 1828 400 pellicias
1851 368 1968 399 propter
1983 364 2099 390 nimiam
2116 367 2267 398 pauperta-

1259 416 1327 446 tem,
1352 413 1491 448 indulget,
1514 413 1589 448 quod
1610 413 1675 440 aliis
1701 413 1822 448 pelliciis
1845 412 1954 439 vilioris
1979 412 2072 447 pretii,
2095 420 2150 439 non
2171 416 2266 438 tamen

1261 462 1480 496 praetendentes
1498 463 1617 489 minoris
1637 462 1763 489 habitum
1782 462 1956 492 honestatis,
1980 461 2020 488 uti
2034 461 2123 488 libere
2144 461 2267 488 valeant.

1259 510 1343 544 (Rau.
1357 510 1402 542 24,
1419 518 1444 537 c.
1462 510 1523 542 624,
1540 511 1560 538 f.
1577 511 1646 545 94'.)

1302 624 1314 639 α
1338 635 1370 645 ..,
1385 613 1541 650 priorisse,
1564 617 1590 641 et
1605 613 1770 641 conventui
1790 612 1896 641 domus
1915 617 2017 641 sancte
2034 612 2129 641 Marie
2143 611 2268 648 Magda-

1260 666 1324 694 lene
1339 665 1486 695 Metensis.
1505 665 1624 694 ordinis
1636 666 1736 694 sancti
1746 665 1923 702 Augustini,
1938 664 1978 693 ad
1993 665 2159 694 Romanam
2172 664 2268 693 Eccle-

1259 713 1339 747 siam
1355 722 1389 746 ut
1405 718 1522 747 dicitur
1541 718 1627 746 nullo
1647 717 1744 746 medio
1761 718 1956 755 pertinentis.
1982 716 2066 747 Cum
2088 716 2200 755 itaque
2221 715 2269 746 si-

1261 775 1315 801 cut
1337 788 1386 800 —.
1411 771 1484 801 Dat.
1509 771 1677 809 Anagnie,
1702 770 1802 800 XIIII
1820 769 1980 800 kalendas
2003 769 2162 803 octobris,
2182 777 2270 799 anno

1260 833 1378 862 primo.
1399 836 1411 850 »

1334 1009 1422 1038 ¹290

1297 1071 1458 1098 Conventui
1474 1071 1640 1097 monasterii
1659 1079 1684 1097 s.
1700 1070 1850 1097 Trinitatis
1871 1069 2059 1097 Cadomensis
2076 1070 2223 1105 indulget,
2241 1074 2274 1097 ut

1264 1121 1338 1147 nulla
1354 1129 1409 1147 nou
1425 1120 1460 1146 de
1476 1119 1604 1154 legitimo
1625 1119 1806 1146 matrimonio
1829 1123 1976 1154 procreata
1998 1120 2023 1146 ei
2046 1120 2072 1146 in
2095 1119 2271 1146 abbatissam

1264 1172 1378 1207 praefici
1397 1171 1498 1206 possit.
1519 1171 1601 1204 (Rea.
1618 1171 1666 1205 24,
1682 1179 1708 1197 c.
1725 1170 1792 1202 625,
1809 1170 1827 1198 f.
1845 1170 1901 1204 95.)

1741 1008 1870 1043 Anagni,
1892 1008 1921 1035 16
1937 1008 2102 1043 septembre
2120 1008 2198 1036 1255.

1306 1285 1319 1299 α
1340 1296 1372 1308 ..,
1390 1273 1550 1307 abbatisse,
1568 1277 1594 1302 et
1611 1273 1776 1302 conventui
1793 1272 1974 1301 monasterii
1991 1277 2092 1301 sancte
2109 1272 2274 1301 Trinitatis

1264 1326 1468 1361 Cadomensis,
1493 1325 1613 1354 ordinis
1633 1326 1734 1354 sancti
1752 1324 1916 1360 Benedicti,
1943 1325 2115 1354 Baiocensis
2135 1324 2271 1354 diocesis.

1265 1377 1482 1416 Exigentibus
1499 1381 1607 1407 vestre
1623 1377 1808 1407 devotionis
1824 1394 1873 1405 -.
1893 1377 2084 1415 Eapropter,
2102 1376 2221 1407 dilecte
2237 1377 2273 1407 in

1265 1431 1407 1461 Domino
1429 1430 1508 1466 filie,
1531 1430 1652 1460 vestris
1675 1429 1975 1468 supplicationibus
1997 1429 2161 1465 inclinati,
2179 1429 2273 1461 vobis

1266 1483 1461 1514 auctoritate
1483 1482 1689 1522 presentium
1707 1482 1937 1520 indulgemus,
1955 1485 1991 1512 ut
2013 1482 2047 1511 in
2070 1482 2274 1513 monasterio

1266 1540 1375 1567 vestro
1386 1535 1478 1565 nulla
1493 1535 1607 1574 prefici
1620 1535 1728 1565 valeat
1740 1535 1776 1564 in
1793 1534 2007 1569 abbatissam,
2021 1543 2085 1573 que
2099 1543 2164 1565 non
2181 1535 2224 1566 sit
2235 1534 2274 1566 de

1265 1589 1415 1628 legitimo
1430 1588 1644 1619 matrimonio
1660 1592 1840 1626 procreata.
1865 1587 1958 1618 Nulli
1979 1592 2038 1618 etc.
2064 1591 2176 1618 nostre
2196 1596 2275 1618 con-

1267 1642 1430 1672 cessionis
1452 1646 1513 1671 etc.
1537 1642 1608 1672 Dat.
1638 1641 1809 1679 Anagnie,
1833 1641 1912 1671 XVI
1936 1640 2096 1671 kalendas
2118 1640 2274 1676 octobris,

1267 1704 1354 1725 anno
1369 1695 1487 1733 primo.
1508 1707 1520 1721 n

1339 1881 1421 1909 '231

1304 1942 1408 1969 Abbati
1425 1943 1591 1969 monasterii
1607 1951 1632 1970 s.
1648 1941 1774 1968 Thomae
1789 1941 1980 1968 Dublinensis
1997 1941 2136 1976 indulget,
2149 1945 2180 1969 ut
2196 1942 2276 1978 capis

1267 1991 1370 2018 sericis
1387 1992 1427 2018 uti
1444 1992 1547 2026 possit.
1564 1991 1648 2024 (Rea.
1665 1990 1708 2023 24,
1725 1999 1751 2018 c.
1767 1991 1829 2023 626,
1849 1991 1868 2017 1“.
1887 1991 1943 2023 95.)

1748 1880 1878 1914 Anagni‚
1899 1880 1929 1906 13
1943 1879 2107 1914 septembre
2126 1879 2202 1907 1255.

1311 2105 1323 2119 «
1341 2116 1373 2128 ..,
1391 2094 1511 2128 abbati,
1537 2099 1562 2122 et
1584 2095 1748 2123 conventui
1766 2094 1947 2122 monasterii
1968 2095 2068 2123 sancti
2086 2094 2194 2123 Thome
2213 2094 2277 2122 Du-

1268 2147 1430 2181 blinensis,
1449 2147 1568 2175 ordinis
1590 2148 1690 2176 sancti
1710 2148 1886 2184 Auqustini.
1908 2146 2038 2176 Vestris
2055 2146 2181 2176 devotis
2202 2155 2277 2185 pre-

1268 2198 1362 2228 cibus
1383 2198 1563 2236 benignum
1582 2199 1811 2237 impertientes
1828 2207 2022 2234 assensum,
2041 2203 2076 2228 ut
2094 2199 2129 2228 in
2146 2198 2278 2238 duppli-

1268 2251 1362 2281 eibus
1381 2252 1621 2282 festivitatibus
1637 2252 1671 2281 in
1688 2252 1812 2282 divinis
1834 2252 1952 2282 officiis
1976 2252 2067 2290 capis
2089 2252 2206 2283 sericis
2227 2252 2278 2282 uti

1267 2304 1419 2342 possitis,
1454 2305 1649 2335 auctoritate
1684 2304 1777 2334 vobis
1813 2305 2019 2342 presentium
2050 2304 2274 2343 indulgemus.

1268 2357 1362 2387 Nulli
1377 2362 1435 2387 etc.
1451 2361 1562 2387 nostre
1579 2357 1805 2387 concessionis
1819 2361 1880 2387 etc.
1899 2358 1972 2387 Dat.
1985 2357 2149 2395 Anagnie,
2164 2356 2277 2387 idibus

1268 2410 1476 2449 septembris,
1495 2419 1582 2440 anno
1598 2410 1715 2448 primo.
1736 2422 1748 2436 n

1341 2595 1426 2623 292

1304 2656 1533 2692 Archiepiscopo
1551 2656 1735 2688 Bituricensi,
1748 2657 1913 2684 consiliario
1927 2657 2004 2691 regis
2019 2656 2164 2691 Franciae,
2176 2660 2278 2692 quater

1270 2707 1297 2732 in
1313 2713 1387 2732 anno
1403 2705 1430 2731 in
1447 2704 1561 2731 Curiam
1579 2706 1686 2740 regiam
1703 2714 1753 2741 pro
1767 2705 1957 2740 disponendis
1969 2705 2068 2732 arduis
2077 2704 2208 2740 ejusdem
2227 2712 2277 2731 ne-

1270 2754 1357 2789 gotiis
1371 2754 1461 2787 eunti,
1479 2754 1617 2789 indulget,
1635 2758 1666 2781 ut
1681 2754 1820 2781 diocesim
1838 2762 1919 2781 suam
1937 2762 1988 2789 per
2004 2761 2143 2788 personas
2156 2753 2278 2780 idoneas

1269 2803 1386 2829 visitare
1403 2803 1496 2829 faciat.
1511 2802 1593 2837 (Rae.
1610 2803 1654 2835 24,
1671 2811 1697 2830 c.
1714 2803 1776 2835 627,
1792 2803 1811 2830 f.
1828 2803 1883 2834 95.)

1751 2595 1875 2629 Anagni,
1897 2594 1926 2621 16
1942 2595 2106 2629 septembre
2124 2595 2203 2622 1255.

1312 2917 1324 2930 (t
1342 2927 1376 2939 ..,
1394 2905 1617 2943 archiepiscopo
1632 2905 1830 2934 Biturieensi.
1848 2904 1942 2940 Cum,
1958 2903 2045 2934 sicut
2060 2912 2098 2934 ex
2113 2907 2205 2942 parte
2218 2906 2277 2933 tua.
