2498 3325
175 336 188 351 ³)

175 389 188 403 ))

174 441 188 456 ))

174 494 187 509 ))

175 599 188 614 >)

174 653 188 667 ((

176 705 189 719 ))

175 915 189 930 D

177 1021 191 1035 ))

177 1074 191 1088 ))

178 1232 192 1247 ))

179 1337 193 1352 ))

179 1391 193 1406 ))

1013 198 1242 235 DEUXIEME
1264 197 1424 234 ANNEE.

215 284 227 298 ))
249 273 330 309 (Art.
343 273 429 308 VH).
449 272 486 300 In
504 271 642 309 septimo
661 270 810 305 articulo,
826 271 881 309 qui
895 271 1032 309 incipit:
1054 284 1065 296 ε(
1081 272 1175 300 Man-

213 324 328 354 damus
346 329 381 353 ut
400 333 511 354 omnes
526 324 677 353 canonici
696 324 828 352 statutis
847 323 950 353 horis.
971 336 982 349 >³
999 323 1176 361 etc.,juxta

212 377 296 406 illud
314 377 450 406 verbum
469 387 474 405 :
495 390 507 403 «
526 377 561 405 in
578 376 708 413 magnis
725 376 1026 414 sollempnitatibus
1044 376 1176 405 ordine-

213 434 276 464 tur,
298 442 310 455 »
331 430 462 468 scripsit
484 429 632 459 addendo
654 434 683 459 ct
704 434 816 467 postea
835 439 841 457 2
862 442 874 455 α
895 429 930 458 111
955 428 1098 466 capitulo
1117 438 1177 466 pu-

212 482 364 512 blicetur.
385 496 396 508 ‚1

215 547 228 561 »
252 535 336 572 (Art.
354 536 457 573 YHI).
478 536 515 564 In
531 539 644 564 octavo
657 534 807 569 articulo,
826 535 882 572 qui
898 534 1035 572 incipit:
1057 546 1068 560 ιι
1085 534 1177 562 Man-

214 588 340 624 damus,
353 598 392 617 ne
403 588 553 617 canonici
565 588 599 617 in
610 587 727 626 platea,
746 600 757 613 »
772 592 844 623 etc.,
862 587 995 625 scripsit
1009 586 1176 616 addendo:

214 645 244 670 et
260 641 295 669 in
316 641 457 678 plateam
481 650 546 670 non
572 640 668 670 aliter
688 644 815 673 exeant,
839 639 905 669 nisi
926 639 1063 669 honeste
1088 648 1180 668 asso-

215 694 304 728 ciati,
323 694 361 723 de
377 693 512 723 licentia
528 693 644 723 decani
661 693 712 722 vel
728 693 820 722 1111115
834 693 891 731 qui
913 693 1055 722 tenuerit
1075 692 1180 722 vicem

215 746 297 784 ejus,
318 759 329 772 ι)
349 751 379 776 01
396 747 433 776 de
455 746 628 785 aper-sione
650 746 787 775 claustri
810 745 1003 775 intendebat
1026 745 1180 775 ordinare

215 799 363 828 addendo
382 809 387 827 :
409 812 421 825 «
444 799 509 828 nisi
528 808 566 828 ex
582 807 681 828 causa
699 798 773 827 utili
791 798 841 827 vel
856 798 1006 827 honesta.
1028 810 1039 823 »

216 863 229 877 »
254 851 337 889 (Art.
360 852 429 888 IX).
456 852 589 881 Nonum
612 851 801 885 articulum,
830 850 886 888 qui
909 850 1051 888 incipit:
1074 862 1087 875 «
1114 850 1182 878 Ha-

213 903 313 933 beant
333 903 485 933 canonici
502 903 679 941 genitores,
701 916 712 929 1)
732 907 790 932 etc.
810 902 895 941 (Art.
910 902 955 940 X)
973 905 1004 931 et
1018 902 1182 931 decimum

215 956 403 991 articulum,
419 956 476 994 qui
488 955 605 993 incipit
620 965 626 984 z
644 968 655 982 «
676 955 813 991 Quando
826 955 988 992 contingit
1005 954 1182 984 canonicos

216 1009 398 1038 claustrum
421 1008 473 1038 vel
495 1012 587 1046 septa
608 1007 746 1037 ecclesie
766 1020 778 1033 1)
797 1011 870 1041 010,
894 1016 959 1036 11011
982 1011 1110 1036 mutare
1130 1007 1183 1035 in-

215 1061 381 1091 tendebat.

217 1126 230 1141 ›>
247 1115 331 1153 (Art.
344 1115 416 1153 XI).
434 1116 471 1144 In
483 1114 658 1144 undecimo
671 1113 822 1149 articulo,
836 1113 894 1152 qui
906 1113 1024 1151 incipit
1040 1123 1046 1142 ε
1062 1125 1074 1139 «
1090 1114 1185 1142 Man-

217 1168 344 1202 damus,
362 1172 398 1197 ut
414 1176 528 1197 omnes
546 1167 698 1196 canonici
717 1167 752 1195 in
772 1166 946 1196 refectorio
963 1166 1147 1201 comedant,
1170 1178 1183 1192 1)

217 1224 292 1255 010,
317 1220 373 1249 11111
396 1220 517 1249 dicitur
535 1230 541 1248 :
564 1232 575 1246 «
594 1219 725 1258 prelati,
746 1231 757 1245 ))
776 1218 1017 1249 deliberaverat
1031 1219 1185 1248 ordinare

218 1273 331 1303 eodem
354 1273 450 1302 modo
474 1273 622 1302 addendo
648 1283 654 1301 :
675 1285 687 1299 κ
713 1272 971 1310 archiepiscopi,
997 1272 1025 1301 si
1048 1281 1185 1310 presens

217 1326 319 1355 fuerit
338 1326 371 1354 in
389 1325 565 1355 refectorio
580 1325 632 1355 vel
649 1325 765 1355 decani
783 1334 841 1355 seu
857 1324 950 1354 illius
969 1325 1026 1363 qui
1043 1324 1187 1354 tenuerit

217 1379 324 1409 vicem
341 1379 424 1418 ejus.
445 1391 457 1405 »

221 1444 233 1458 1)
260 1433 340 1468 (Art.
366 1432 456 1471 XII).
478 1431 718 1462 Duodecimum
746 1431 935 1467 articulum,
960 1431 1018 1470 qui
1041 1431 1185 1469 incipit:

218 1485 427 1519 Mandamus,
445 1489 480 1514 01
496 1484 648 1514 00000101
667 1484 706 1513 ad
722 1492 838 1514 cenam
854 1483 936 1513 hora
957 1483 1157 1514 conveniant
1172 1495 1186 1510 »

219 1542 293 1573 etc.,
313 1546 379 1567 non
397 1537 519 1567 mutari
535 1536 740 1566 intendebat.

219 1602 233 1616 1)
258 1590 341 1629 (Art.
359 1590 467 1629 XIII).
488 1591 526 1619 In
545 1589 642 1619 tertio
659 1589 786 1619 decimo
803 1589 954 1624 articulo,
973 1589 1031 1628 qui
1048 1589 1186 1627 incipit:

219 1643 426 1678 Mandamus,
440 1647 476 1672 ut
487 1651 601 1673 omnes
616 1641 947 1680 canonicijaceantin
957 1641 1162 1678 dormitorio,
1173 1654 1187 1668 »

219 1701 292 1731 etc.,
306 1697 363 1726 ubi
378 1697 519 1726 dicitur:
540 1709 552 1722 «
567 1695 696 1734 prelati,
713 1708 725 1721 ι)
739 1695 980 1725 deliberaverat
994 1699 1024 1726 et
1037 1695 1072 1725 in
1084 1696 1189 1734 scrip-

220 1750 262 1780 tis
279 1750 450 1787 redegerat
473 1749 680 1779 testificando
699 1759 704 1777 :
726 1761 738 1775 ιι
758 1748 885 1778 50111001
903 1748 1155 1787 archiepiscopi,
1174 1761 1186 1775 n

220 1806 250 1833 et
269 1803 395 1832 addidit
417 1803 451 1832 in
475 1803 589 1832 eodem
616 1812 622 1831 z
649 1814 661 1828 «
690 1801 741 1831 vel
764 1801 912 1839 capituli,
940 1801 1188 1840 archiepiscopo

219 1855 366 1891 absente,
388 1868 399 1882 n
419 1860 450 1885 et
466 1855 607 1885 eundem
625 1853 854 1884 111-1100101010
874 1853 949 1884 aliis
973 1862 1038 1883 non
1060 1858 1189 1884 mutare

220 1908 425 1938 intendebat.

221 1973 235 1988 1)
252 1961 335 2000 (Art.
356 1961 460 2000 XIV).
484 1961 645 1997 Quartum
669 1960 833 1990 decimum
856 1959 1043 1996 articulum,
1064 1959 1121 1998 qui
1137 1959 1190 1988 10-

221 2015 300 2053 cipit
318 2025 324 2043 :
345 2026 357 2041 1<
376 2014 535 2044 Habitum
552 2014 722 2044 decentem
741 2017 771 2043 et
794 2013 950 2051 religioni
971 2022 1154 2050 congruum
1175 2025 1187 2039 »

221 2072 296 2103 etc.,
314 2076 380 2097 non
397 2071 524 2097 mutare
538 2066 743 2097 intendebat.
1018 2095 1022 2097 ,

223 2133 236 2147 1)
255 2121 340 2159 (Art.
360 2120 444 2159 XV).
463 2121 502 2150 In
521 2119 638 2158 quinto
656 2119 782 2149 decimo
799 2118 949 2154 articulo,
973 2119 1030 2157 qui
1046 2118 1165 2156 incipit
1183 2128 1189 2147 z

223 2174 345 2205 Omnes
358 2173 415 2212 qui
432 2173 551 2203 debent
565 2176 595 2202 et
613 2172 745 2202 solent»
766 2176 839 2208 010,
855 2172 980 2202 addidit
996 2172 1032 2201 in
1049 2172 1163 2202 eodem
1183 2182 1189 2200 :

224 2228 315 2258 Inter
331 2231 439 2256 cetera
455 2225 623 2264 provideat
638 2225 892 2255 elemosinarius
905 2225 943 2255 de
960 2225 1078 2254 dandis
1092 2225 1192 2254 inter-

223 2280 300 2309 dum
316 2278 525 2309 vestimentis
546 2278 714 2308 veteribus
735 2282 766 2308 01
790 2277 1017 2307 calciamentis
1041 2277 1109 2307 illis
1126 2277 1192 2306 cle-

223 2332 302 2362 ricis
316 2331 529 2370 pauperibuS,
546 2330 603 2369 qui
618 2330 764 2368 predicte
779 2330 917 2360 ecclesie
935 2330 1047 2360 Sancti
1061 2330 1192 2360 Andree

224 2384 426 2419 deserviunt,
453 2383 503 2413 vel
527 2383 709 2418 canonicis,
735 2387 766 2413 et
789 2378 987 2421 capitulum,
1013 2387 1048 2412 111
1071 2383 1132 2412 1100
1148 2383 1194 2412 sa-

223 2437 322 2472 ciant,
343 2436 446 2474 possit
468 2436 497 2466 ei
520 2436 688 2471 mandare,
712 2444 786 2465 curn
810 2444 945 2465 necesse
967 2435 1098 2471 viderit,
1126 2448 1138 2462 »
1163 2441 1194 2465 et

225 2490 376 2519 addimus
391 2499 397 2517 :
414 2501 426 2515 κ
441 2493 475 2518 01
492 2488 529 2518 de
547 2488 681 2518 cellario
693 2492 792 2526 petat,
806 2488 834 2517 si
851 2488 1104 2518 distributiones
1116 2488 1194 2518 coti-

225 2543 323 2572 111000
339 2542 403 2572 51111
421 2551 486 2571 000
505 2541 681 2571 sufficiant.
701 2554 713 2567 1)

227 2608 240 2622 ))
261 2596 344 2634 (Art.
363 2596 465 2633 XVI).
490 2596 528 2624 In
549 2599 639 2624 sexto
657 2595 784 2624 decimo
801 2594 956 2630 articulo,
976 2595 1033 2633 qui
1050 2595 1168 2633 incipit
1186 2605 1192 2624 :

226 2649 433 2682 Mandamus,
450 2648 548 2686 quod,
565 2656 638 2677 cum
656 2647 795 2677 ecclesia
813 2648 925 2677 Sancti
942 2648 1084 2683 Andree,
1103 2660 1115 2674 »
1132 2653 1191 2678 etc.

227 2701 352 2731 addidit
368 2701 402 2730 in
420 2701 533 2730 eodem
552 2711 557 2729 :
578 2713 590 2726 «
610 2700 694 2729 sicut
713 2704 819 2738 potest
832 2700 926 2739 juxta
942 2700 1025 2730 illud
1042 2705 1073 2731 et
1092 2700 1196 2731 eccle-

226 2754 309 2784 siam
327 2758 452 2783 tantam
470 2753 574 2783 decet.
595 2766 606 2778 ))

229 2819 242 2833 1)
268 2807 351 2846 (Art.
369 2806 490 2845 XVII).
512 2807 548 2836 In
567 2806 706 2844 septimo
723 2805 849 2835 decimo
866 2805 1017 2842 articulo,
1036 2806 1093 2845 qui
1112 2806 1197 2836 11101-

227 2860 275 2898 pit
293 2870 298 2888 :
319 2872 332 2886 «
355 2860 565 2899 Injungimus
588 2859 710 2889 decano
728 2863 758 2889 et
772 2859 915 2898 capitulo
937 2872 949 2885 1)
969 2864 1042 2895 010,
1061 2860 1118 2889 ubi
1139 2869 1198 2898 po-

1260 282 1272 295 ))

1260 334 1273 348 ))

1261 387 1273 401 ὶ)

1262 439 1274 453 ))

1263 545 1275 558 ))

1263 597 1276 612 D

1264 651 1277 664 ))

1265 704 1277 717 ))

1273 1550 1286 1566 ὶ)

1274 1603 1286 1618 ))

1273 1655 1286 1670 ))

1274 1708 1286 1722 ))

1274 1760 1287 1775 ))

1274 1813 1288 1828 )>

1275 1867 1287 1881 ))

1275 1919 1288 1934 ))

1277 2183 1289 2197 1)

1277 2236 1289 2250 ))

1277 2289 1289 2304 >i

1278 2342 1290 2355 ))

1278 2394 1290 2408 ))

1278 2446 1291 2461 Ὠ

1279 2500 1285 2514 >

1279 2552 1292 2566 ))

1280 2658 1293 2672 ))

1281 2763 1294 2778 ))

1282 2869 1296 2884 ))

2212 204 2269 234 453

1299 270 1389 298 nitur
1407 279 1412 297 ς
1434 282 1445 296 1(
1466 273 1640 307 perpetuos
1662 269 1804 298 vicarios
1829 269 2030 303 sacerdotes,
2054 281 2065 294 u
2086 269 2210 298 addidit
2231 270 2267 299 in

1299 322 1411 352 eodem
1440 332 1445 350 :
1470 335 1482 348 «
1508 322 1559 352 vel
1584 322 1722 352 clericos
1749 322 1945 351 constitutos
1969 321 2004 349 in
2032 322 2135 350 sacris
2159 322 2269 360 quiin

1298 375 1457 412 proximis
1485 375 1688 413 temporibus
1714 375 1894 404 secundum
1924 375 1975 403 vix
2006 374 2040 402 111
2066 374 2270 411 presbiteros

1300 428 1507 457 ordinentur.
1528 440 1540 453 >)

1303 492 1314 505 n
1332 480 1416 518 (Art.
1434 480 1573 518 XVIII).
1598 481 1636 510 In
1657 485 1770 509 octavo
1787 480 1913 509 decimo
1935 480 2089 515 articulo,
2109 481 2165 518 qui
2184 481 2271 510 inci-

1300 533 1348 571 pit
1375 543 1380 561 :
1408 546 1419 559 1<
1450 533 1668 563 Prolnbenms
1690 542 1730 562 ne
1754 533 1910 562 mulieres
1939 546 1950 558 1)
1979 538 2053 568 010,
2079 534 2205 563 addidit
2235 534 2270 562 in

1302 586 1415 615 eodem
1437 596 1442 614 :
1468 600 1480 611 κ
1502 595 1541 615 110
1567 585 1724 615 mulieres
1749 591 1779 615 et
1802 585 1879 614 laici
1903 586 2087 623 prebendas
2112 586 2268 622 habeant,

1303 639 1385 673 nisi,
1410 639 1449 667 ob
1476 648 1609 668 causam
1633 638 1765 676 pietatis
1790 638 1839 668 vel
1865 639 2073 669 necessitatis
2098 643 2153 668 aut
2177 639 2272 668 utili-

1304 692 1396 726 tatis,
1416 691 1610 729 capitulum,
1636 700 1711 721 011111
1736 700 1900 721 consensu
1928 692 2184 730 archicpiscopi,
2210 693 2273 722 hoc

1304 744 1472 773 interdum
1488 744 1617 773 duxerit
1636 744 1838 774 faciendum.
1860 757 1871 770 »

1307 809 1319 822 1)
1344 797 1428 834 (Art.
1448 797 1554 834 XIX).
1578 797 1683 834 Super
1699 805 1786 825 nono
1805 796 1932 825 decimo
1951 797 2090 826 articulo
2113 807 2118 826 :
2139 811 2151 824 «
2177 798 2276 828 Circa

1305 849 1550 878 ordinationem
1569 849 1816 883 canonicorum,
1834 861 1846 874 1)
1867 848 1970 878 nichil
1990 849 2193 885 intendebat,
2214 859 2276 881 nec

1307 901 1547 930 deliberaverat
1562 901 1738 930 immutare
1753 910 1852 938 super
1864 902 2067 931 correctione
2080 911 2276 932 excessuum

1307 954 1554 988 canonicorum,
1569 954 1607 983 de
1620 962 1684 992 qua
1696 953 1730 982 in
1741 953 1854 983 eodem
1869 953 2007 983 articulo
2019 954 2208 984 continetur
2218 964 2277 993 per

1307 1005 1593 1043 archiepiscopum
1610 1006 1776 1035 facienda.

1310 1071 1322 1085 »
1347 1059 1443 1095 Quia,
1462 1067 1499 1088 ex
1516 1062 1607 1096 parte
1627 1058 1873 1094 canonicorum,
1893 1059 2065 1094 asseritur,
2082 1059 2169 1098 quod
2187 1060 2278 1098 capi-

1308 1111 1429 1146 tulum,
1450 1111 1485 1140 in
1509 1111 1660 1141 absentia
1682 1111 1940 1149 archiepiscopi,
1964 1113 2200 1142 canonicorum
2222 1122 2280 1143 ex-

1308 1173 1422 1194 cessus
1449 1164 1613 1202 corrigere
1646 1164 1829 1199 consuevit,
1858 1165 1887 1194 si
1914 1165 1951 1194 de
1981 1165 2171 1204 hujusmodi
2199 1175 2279 1196 con-

1309 1218 1486 1248 suetudine
1522 1217 1725 1253 constiterit,
1759 1217 1913 1247 ordinare
1948 1218 2157 1253 intendebat,
2192 1219 2280 1257 quod

1309 1271 1543 1301 canonicorum
1563 1279 1717 1300 excessus
1739 1270 1773 1299 in
1797 1270 1949 1300 absentia
1965 1270 2205 1309 archiepiscopi
2222 1280 2280 1309 per

1310 1323 1492 1362 capitulum
1522 1323 1741 1361 corrigantur.
1772 1323 1856 1353 Cum
1893 1332 1969 1353 vero
2009 1323 2279 1362 archiepiscopus

1309 1385 1446 1415 presens
1470 1380 1529 1411 est,
1554 1376 1642 1406 idem
1665 1375 1951 1414 archiepiscopus,
1970 1376 2056 1406 sicut
2076 1381 2125 1406 est
2148 1377 2186 1406 de
2203 1377 2280 1416 jure

1310 1430 1556 1465 canonicorum,
1574 1438 1728 1459 excessus
1745 1429 1888 1466 corrigat
1905 1429 2096 1459 eorundem.

1313 1496 1326 1510 »
1351 1483 1436 1520 Quia
1452 1492 1528 1512 vero
1544 1483 1651 1512 dictus
1668 1482 1822 1512 dominus
1839 1483 1872 1512 S.
1892 1482 2083 1518 cardinalis,
2102 1487 2281 1522 antequam

1310 1537 1547 1577 pronunciaret
1563 1546 1662 1575 super
1673 1537 1841 1575 predictis,
1853 1537 1940 1567 diem
1953 1537 2073 1567 clausit
2083 1542 2277 1574 extremum,

1311 1590 1465 1620 dominus
1482 1599 1565 1628 papa
1583 1599 1654 1625 005,
1669 1590 1852 1628 predictum
1866 1590 2077 1626 Riccardum,
2089 1591 2202 1621 Sancti
2215 1592 2280 1621 An-

1312 1643 1378 1681 geli
1396 1643 1572 1672 diaconum
1589 1642 1803 1678 cardinalem,
1818 1643 1853 1672 in
1870 1643 2027 1681 predictis
2046 1643 2132 1673 dicto
2149 1644 2282 1674 domino

1313 1696 1345 1726 S.
1358 1695 1560 1733 subrogavit,
1574 1695 1736 1725 mandans
1753 1696 1860 1730 nobis,
1874 1699 1920 1731 ut,
1932 1696 2130 1734 incipientes
2144 1697 2280 1733 ibidem,

1312 1748 1370 1778 ubi
1385 1749 1534 1786 prefatus
1550 1748 1704 1777 dominus
1718 1748 1906 1786 Stephanus
1919 1748 2099 1778 cardinalis
2111 1749 2285 1780 dimiserat

1313 1810 1448 1831 causam
1465 1801 1583 1839 ipsam,
1598 1809 1790 1830 curaremus
1808 1801 1872 1831 fine
1892 1801 2002 1831 debito
2016 1802 2207 1832 terminare.
2226 1803 2285 1832 Pe-

1313 1854 1461 1884 tentibus
1485 1863 1561 1892 ergo
1584 1858 1614 1884 et
1639 1854 1845 1884 instantibus
1868 1855 2138 1892 procuratoribus
2162 1855 2285 1885 Burde-

1315 1907 1461 1948 galensis
1486 1907 1743 1945 archiepiscopi,
1766 1911 1802 1936 ut
1826 1907 1861 1936 in
1884 1907 2016 1945 negotio
2032 1908 2285 1945 procederemus

1314 1960 1444 1995 eodem,
1469 1959 1566 1989 citari
1591 1959 1732 1989 fecimus
1760 1960 1794 1989 in
1821 1960 1992 1990 audientia
2014 1960 2162 1998 publica,
2184 1964 2286 1990 111051

1314 2013 1431 2048 moris,
1451 2016 1501 2047 ut,
1530 2013 1558 2042 si
1581 2016 1668 2042 esset
1691 2012 1813 2051 aliquis
1834 2021 1892 2050 pro
1916 2013 2059 2051 capitulo
2080 2013 2193 2043 Sancti
2215 2014 2286 2043 An-

1314 2065 1401 2101 dree,
1422 2068 1535 2095 nostro
1553 2073 1587 2095 se
1604 2065 1795 2102 conspectui
1813 2069 2030 2103 presentaret.

1316 2130 1329 2144 »
1355 2117 1570 2148 Postmodum
1587 2126 1663 2147 vero
1681 2118 1864 2155 comparuit
1881 2127 1991 2148 coram
2011 2119 2107 2149 nobis
2124 2128 2181 2157 pro
2199 2119 2287 2149 dicto

1315 2171 1459 2209 capitulo
1483 2171 1654 2201 Johannes
1680 2171 1883 2206 Christiani,
1905 2171 2106 2202 substitutus
2129 2182 2287 2210 procura-

1315 2228 1366 2254 tor
1384 2224 1418 2253 in
1435 2224 1508 2262 ipsa
1525 2232 1625 2253 causa
1640 2232 1698 2261 per
1716 2225 1754 2253 R.
1774 2224 1837 2253 deu
1856 2224 1967 2254 Trenh
1985 2229 2016 2254 et
2034 2225 2231 2263 magistrum
2249 2227 2283 2256 P.

1315 2277 1353 2306 de
1380 2276 1493 2311 Podio,
1512 2280 1741 2314 procuratores
1761 2276 1897 2315 capituli
1918 2277 2115 2315 supradicti,
2134 2279 2202 2317 qui,
2221 2287 2288 2308 una

1315 2338 1390 2359 cum
1405 2329 1676 2367 procuratoribus
1693 2329 1935 2368 archiepiscopi
1951 2331 2135 2366 memorati,
2154 2331 2289 2361 conclu-

1316 2386 1432 2411 serunt
1447 2381 1482 2411 in
1497 2390 1597 2411 causa
1614 2385 1643 2411 et
1662 2381 1841 2420 petierunt,
1856 2391 1930 2412 cum
1943 2383 2013 2422 jam
2027 2383 2150 2423 dejure
2165 2384 2289 2423 allega-

1317 2438 1385 2463 tum
1399 2438 1497 2470 esset,
1509 2434 1587 2464 hinc
1599 2434 1676 2464 inde
1689 2435 1890 2464 sententiam
1902 2436 1983 2466 ferri
1994 2445 2052 2466 seu
2065 2438 2287 2474 pronuntiari,

1313 2487 1446 2527 justitia
1462 2487 1640 2518 mediante.
1662 2488 1730 2518 Nos
1748 2497 1840 2525 ergo,
1861 2489 2024 2519 discussis
2044 2490 2126 2520 actis
2144 2491 2290 2529 partium

1318 2549 1380 2579 que
1397 2549 1507 2570 coram
1524 2540 1682 2578 predictis
1704 2540 1930 2571 cardinalibus
1949 2542 2079 2571 fuerant
2100 2543 2230 2573 attitata
2253 2552 2290 2573 ac

1319 2593 1457 2630 agitat-a,
1481 2602 1538 2630 per
1561 2592 1718 2622 dilectum
1741 2597 1892 2623 nostrum
1916 2594 1961 2629 S.,
1985 2595 2181 2625 canonicum
2200 2597 2291 2626 Ana-

1319 2646 1473 2683 gninum,
1503 2654 1591 2675 nunc
1619 2646 1825 2684 Nepesinum
1852 2646 2010 2684 electum,
2038 2652 2069 2677 et
2095 2649 2207 2685 agnita
2237 2649 2290 2678 in-

1321 2698 1467 2728 tentione
1487 2707 1586 2736 super
1602 2698 1669 2728 hiis
1685 2698 1764 2728 dicti
1781 2699 1907 2728 domini
1929 2700 2088 2738 Stephani
2110 2701 2290 2732 cardinalis

1320 2761 1434 2790 quam,
1455 2751 1694 2782 deliberatione
1711 2752 1825 2781 habita
1848 2761 1922 2781 cum
1947 2753 2031 2783 bone
2059 2754 2216 2784 memorie
2233 2755 2291 2784 do-

1320 2804 1410 2833 mino
1432 2804 1610 2834 Guillelmo
1635 2805 1747 2835 Sancti
1772 2805 1943 2834 Eustachii
1967 2806 2105 2836 diacono
2128 2807 2292 2837 cardinali

1322 2861 1352 2887 et
1369 2857 1553 2893 nobiscum,
1567 2857 1691 2896 pariter
1704 2857 1774 2896 jam
1789 2862 1995 2896 expresserat
2006 2868 2064 2897 per
2079 2859 2288 2898 scripturam,
