2498 3325
990 201 1219 238 DEUXIEME
1241 202 1401 238 ANNEE.
2191 212 2247 241 457

153 287 167 303 n
191 275 263 305 fieri
280 275 420 305 fecimus
440 284 496 313 per
512 284 648 304 manum
664 275 753 305 Petri
773 275 811 305 de
836 276 955 305 Sancto
979 275 1155 309 Germano,

153 340 167 355 »
192 328 324 361 notarii,
343 328 446 365 sigilli
463 327 567 357 nostri
586 328 701 357 robore
721 328 971 357 communitum.

193 392 207 407 »
232 381 298 417 Ego
323 382 440 410 Petrus
462 381 500 410 de
522 381 641 410 Sancto
660 382 841 412 Germano,
863 380 1039 418 apostolice
1063 380 1158 410 Sedis

153 445 167 459 »
192 433 387 462 auctoritate
411 433 572 467 notarius,
597 433 756 471 predictis
779 433 934 462 omnibus
956 433 1106 466 interfui,
1129 436 1159 462 et

155 498 167 513 n
192 486 230 515 de
250 485 404 515 mandato
421 490 451 516 et
470 486 664 515 auctoritate
689 486 834 525 ejusdem
859 486 1009 523 magistri
1033 485 1160 515 ,101160-

154 550 166 565 »
191 538 244 567 nis
261 538 300 567 de
318 538 437 568 Sancto
455 538 631 572 Germano,
651 539 768 576 scripsi
786 542 815 567 et
832 538 1011 576 publicavi.
1031 550 1044 565 n

194 603 206 617 ιι
233 591 404 621 Secundus
423 600 498 621 vero
518 596 566 621 est
584 591 659 621 talis
677 601 683 620 z

653 658 840 693 Cantorbery‚
861 659 889 684 tf,
902 658 995 692 juillet
1013 658 1088 685 1253.

196 732 208 745 ιι
235 719 453 749 Sanctissimo
470 720 554 758 patri
573 724 603 749 et
620 720 752 750 domino
767 721 805 755 1.,
822 720 932 749 divina
954 720 1161 758 providentia

153 784 165 797 ι
192 781 320 801 summo
336 772 500 810 pontifici,
521 781 578 802 sue
596 773 790 802 Sanctitatis
810 773 871 801 filii
891 772 1034 802 humiles
1056 777 1086 801 et
1103 772 1160 802 de-

155 836 167 851 »
192 824 258 853 voti
282 825 334 859 R„
353 825 507 854 minister
529 824 667 854 humilis
690 825 828 855 ecclesie
849 825 961 855 Sancti
980 825 1160 862 Augustini

154 888 167 903 n
192 877 464 911 Cantuariensis,
490 881 520 906 et
546 877 694 916 ejusdem
721 877 783 907 loci
815 881 1014 911 conventus,
1041 877 1160 914 pedum

154 941 167 956 »
191 929 363 959 beatorum
379 929 492 959 oscula
509 938 582 959 61110
600 929 707 959 6011115
725 934 755 959 61
776 930 922 967 60190115
942 929 1160 959 inclinatione

153 994 167 1010 5)

192 982 319 1012 devota.
340 982 477 1012 Noverit
496 987 610 1011 sancta
634 982 816 1020 paternitas
834 987 956 1017 vestra,
979 990 1038 1011 nos
1055 985 1159 1011 ratam

152 1046 166 1062 »
190 1035 313 1064 habere
339 1039 369 1064 et
389 1035 518 1064 firmam
537 1035 780 1065 ordinationem
806 1044 864 1065 seu
887 1034 1160 1072 compositionem

146 1100 167 1124 ,n
192 1088 313 1118 factam
335 1097 392 1126 per
421 1089 617 1125 magistrum
647 1088 835 1119 Johannem
864 1089 902 1118 de
938 1089 1058 1118 Sancto
1083 1088 1160 1117 Ger-

154 1153 166 1168 »
191 1149 300 1175 mano,
314 1140 553 1170 subdiaconum
571 1145 601 1171 et
617 1141 824 1179 capellanum
840 1145 997 1175 vestrum,
1012 1141 1046 1169 in
1061 1149 1161 1170 causa

154 1206 167 1221 »
191 1197 280 1223 mota
309 1193 344 1222 in
375 1193 476 1224 Curia
508 1194 703 1223 Sanctitatis
734 1198 841 1223 vestre
873 1194 960 1223 inter
990 1193 1161 1222 dominum

153 1258 168 1274 »
191 1246 380 1277 Johannem
409 1247 448 1276 de
478 1247 675 1277 Camezano.
707 1252 857 1285 nepotem
891 1251 921 1277 et
953 1246 1160 1285 capellanum

154 1312 168 1327 1>
193 1304 338 1329 vestrum
354 1308 390 1329 ac
407 1300 686 1329 contradictarum
708 1304 891 1329 vestrarum
909 1299 1105 1333 auditorem,
1124 1308 1161 1328 ex

154 1364 168 1378 »
192 1356 284 1390 parte
299 1360 375 1380 una.
387 1355 417 1381 et
430 1360 489 1381 nos
502 1360 538 1381 ex
551 1351 665 1383 altera,
678 1361 777 1389 super
791 1351 931 1381 ecclesia
948 1351 986 1380 de
1000 1350 1158 1386 Lenham,

155 1416 168 1431 x>
193 1404 227 1433 in
249 1413 313 1442 qua
339 1403 427 1433 idem
448 1404 606 1441 magister
626 1405 669 1439 J.,
691 1404 729 1433 de
752 1403 888 1442 speciali
913 1403 1067 1432 mandato
1089 1412 1162 1433 ves-

155 1469 167 1484 »
193 1461 262 1490 tro,
287 1457 382 1486 datus
412 1457 476 1485 fuit
506 1457 652 1491 auditor,
683 1457 768 1486 sicut
800 1457 833 1485 in
867 1461 974 1486 vestro
1003 1455 1162 1494 rescripto

155 1522 169 1537 »
194 1514 224 1539 et
254 1509 334 1538 dicti
360 1509 522 1538 auditoris
547 1509 770 1539 instrumento
798 1509 875 1539 inde
905 1509 1064 1538 confectis
1094 1508 1164 1546 ple-

155 1574 169 1590 »
194 1562 270 1591 nius
296 1562 494 1591 continetur.
528 1562 566 1591 In
600 1562 694 1600 cujus
730 1562 777 1591 rei
808 1562 1053 1597 testimonium,
1085 1561 1163 1591 111116

155 1627 170 1647 J>
194 1617 315 1655 scripto
338 1616 486 1654 sigillum
507 1616 644 1654 capituli
666 1617 771 1646 nostri
789 1617 1016 1655 apposuimus.
1043 1617 1163 1646 Datum

154 1682 167 1698 n
192 1670 387 1703 Cantuarie,
415 1678 502 1699 anno
534 1670 639 1707 gratie
668 1669 887 1705 M⁰CC0L11[0,
930 1669 1040 1699 idibus
1071 1669 1162 1708 julii.

155 1735 169 1751 »
193 1723 374 1754 Conservet
391 1722 585 1752 Altissimus
601 1722 817 1752 Sanctitatem
840 1726 983 1751 vestram
1002 1731 1060 1760 per
1081 1726 1164 1751 1601-

156 1789 170 1804 »
195 1785 273 1814 pora
287 1775 448 1813 longiora.
471 1787 484 1802 γ»

193 1829 286 1859 Nulli
302 1833 362 1859 etc.
383 1832 494 1858 nostre
514 1828 750 1866 suppletionis.
769 1829 1032 1858 confirmationis
1057 1832 1087 1858 et
1112 1837 1164 1858 ro-

154 1882 338 1912 borationis
355 1886 415 1911 etc.
434 1882 507 1911 Dat.
524 1881 690 1916 Laterani,
709 1882 759 1911 111
777 1881 851 1910 idus
868 1881 992 1916 martii,
1014 1889 1100 1910 anno
1118 1889 1165 1910 se—

156 1935 274 1965 cundo.
302 1948 314 1960 n

232 2095 250 2121 1
260 2094 347 2122 459

192 2157 355 2191 liudolpho,
376 2156 496 2190 plebano
517 2155 657 2181 ecclcsiae
673 2154 708 2180 (16
725 2153 918 2187 Algolsbeim,
941 2153 1168 2187 Arge-utinensis

157 2204 293 2234 (11066515,
310 2204 470 2235 confirmat,
483 2212 530 2229 eas
544 2202 707 2232 inserendo,
723 2202 830 2227 litteras
847 2201 1007 2227 Innocentii
1024 2210 1112 2235 papae
1128 2200 1167 2226 IV

158 2253 317 2288 (Laterani,
336 2252 404 2279 vlit
419 2252 552 2279 kalendas
567 2251 703 2277 februarii
720 2250 882 2283 MCCLIV),
895 2250 1000 2276 dictam
1017 2250 1168 2276 ecclesiam

158 2302 350 2332 conterentes,
376 2309 392 2327 a
417 2301 524 2336 quibus
549 2303 645 2326 autem
672 2299 758 2332 bulla,
786 2307 856 2325 casu
882 2299 1011 2330 foi-tuito,
1038 2302 1170 2333 separata

157 2351 260 2378 fuerat.
278 2350 361 2384 (Rae.
378 2350 423 2382 24,
440 2349 459 2375 f.
480 2349 538 2380 197,
557 2356 624 2374 ann.
643 2347 680 2382 II,
697 2355 722 2374 6.
742 2348 815 2380 377.)

642 2092 769 2126 Anagni,
790 2092 820 2118 10
836 2092 999 2126 septembre
1019 2091 1094 2118 1256.

200 2458 213 2472 «
244 2446 384 2482 liudolfo,
413 2445 541 2482 plebano
570 2444 689 2473 ecclesie
721 2443 753 2471 de
786 2443 996 2477 Arcolvcshen,
1024 2443 1170 2479 Aryenti-

159 2499 262 2528 nensis
289 2498 424 2527 diocesis.
455 2497 562 2527 Justis
591 2496 775 2535 petentium
806 2495 999 2529 desideriis,
1032 2495 1169 2532 dignum

160 2555 210 2582 est
241 2559 300 2580 nos
328 2549 462 2580 facilem
493 2549 631 2588 prebere
657 2557 879 2583 consensum,
911 2557 1017 2586 usque
1045 2557 1051 2576 z
1081 2556 1169 2577 com-

159 2604 261 2643 plere.
290 2604 335 2633 Ex
362 2607 454 2641 parte
478 2603 643 2641 siquidem
670 2606 725 2631 tua
748 2602 811 2631 suit
835 2601 1039 2639 propositum
1060 2610 1169 2630 coram

161 2657 275 2691 nobis,
305 2656 392 2695 quod
419 2655 559 2685 dilectus
587 2655 676 2684 filius
700 2654 895 2685 scolasticus
922 2653 1168 2688 Haselacensis,

161 2709 418 2747 Argentinensis
442 2708 596 2741 diocesis,
621 2708 674 2737 cui
695 2707 898 2737 venerabilis
920 2707 1022 2735 frater
1046 2711 1168 2741 noster,

162 2762 417 2801 Argentinensis
435 2762 619 2799 episcopus,
636 2765 731 2799 prout
749 2760 786 2789 ad
805 2769 890 2791 611111,
909 2769 945 2789 ex
959 2759 1168 2789 obtentarum

162 2815 270 2846 felicis
295 2814 534 2844 recordationis
552 2815 575 2843 Ι.
597 2822 690 2851 pape,
712 2813 955 2851 prmbfcrssoris
975 2812 1093 2847 nostri,
1116 2812 1170 2840 lit-

164 2873 307 2899 terarum
326 2867 504 2903 beneficio,
523 2871 667 2905 poterat,
687 2865 892 2895 commiserat
920 2874 1018 2903 super
1038 2864 1097 2894 boc
1122 2869 1169 2894 to-

286 2932 508 2957 ALEXANDRE
527 2932 577 2962 1¹6,
597 2935 615 2955 t.
636 2931 655 2955 1.

1242 273 1350 303 taliter
1367 274 1454 304 vices
1475 285 1567 311 51165,
1587 275 1761 306 ecclesiam
1783 275 1821 305 (16
1838 275 2058 307 Arcolvelhen
2075 277 2135 306 tibi
2155 277 2248 307 duxit

1240 327 1397 357 canonice
1415 329 1660 358 coi‘iferemlam.
1681 329 1824 359 Verum,
1852 338 1923 357 cum
1943 334 2014 367 post
2037 330 2247 359 collationem

1240 380 1432 416 predictam.
1450 381 1551 413 bulla,
1570 390 1647 410 casu
1666 381 1814 415 fortuito,
1833 390 1851 410 a
1867 381 2023 418 predictis
2040 382 2162 411 litteris
2179 383 2248 411 fuc-

1240 431 1283 460 rit
1299 437 1460 469 separata,
1481 433 1575 462 nobis
1593 433 1766 462 humiliter
1782 433 1992 471 supplicasti,
2012 439 2064 468 ut,
2085 444 2136 468 ne,
2155 444 2249 464 occa-

1241 484 1333 514 sione
1351 485 1552 524 hujusmodi,
1570 486 1786 524 imposterum
1811 487 1978 516 sustineas
2000 487 2246 522 detrimentum,

1240 537 1412 574 providere
1430 547 1528 575 super
1548 538 1607 567 lioc
1631 538 1691 567 11111
1713 542 1849 576 paterna
1873 539 2098 569 sollicitudine
2115 549 2249 569 curare-

1241 598 1325 618 mus.
1344 590 1411 619 Nos
1428 590 1540 627 igitur,
1557 590 1622 619 tuis
1639 590 1939 628 supplicationibus
1952 591 2117 627 inclinati,
2132 595 2176 626 ut,
2193 601 2249 629 per

1242 641 1482 679 separationem
1500 642 1704 680 hujusmodi,
1727 642 1855 671 nullum
1872 643 1932 671 tibi
1954 643 2173 682 prejudicium
2193 653 2250 681 ge-

1242 697 1387 727 neretur,
1415 694 1608 723 auctoritate
1634 694 1693 722 tibi
1716 695 1921 731 presentium
1948 695 2170 731 indulgemus,
2194 705 2250 725 ea-

1241 745 1379 774 rundem
1401 745 1587 774 litterarum
1611 750 1758 775 tenorem
1780 746 1991 783 presentibus
2014 747 2175 777 facientes
2197 748 2250 777 in-

1242 797 1319 832 seri,
1338 798 1395 836 qui
1415 802 1463 827 est
1481 798 1555 827 talis
1575 808 1580 826 :

1793 844 1905 875 Latran,
1922 845 2083 879 ‘25j21nvier
2103 847 2178 872 1:³53.

1285 917 1296 931 (ι
1316 905 1550 940 Innocentius,
1569 906 1743 943 episcopus
1762 910 1822 935 etc.
1838 906 2030 936 Venerabili
2048 907 2143 936 fratri
2162 909 2252 937 1160-

1245 970 1257 983 »
1283 957 1361 992 rico,
1380 958 1532 996 episcopo
1550 958 1800 996 largentinensi,
1819 958 1959 989 salutem
1977 964 2037 989 etc.
2056 961 2099 991 Ut
2112 961 2252 997 gratiam

1245 1022 1258 1036 »
1283 1020 1382 1049 quam
1402 1011 1488 1049 apud
1506 1011 1622 1041 ⁸sedem
1642 1011 1857 1049 apostolicam
1879 1012 2043 1047 meruisti,
2068 1013 2167 1043 ctiam
2187 1014 2251 1043 tuis

1246 1075 1258 1089 »
1283 1063 1479 1093 insistentes
1493 1064 1675 1102 obsequiis,
1690 1064 1754 1094 sibi
1771 1065 1892 1094 sentiat
1905 1065 2119 1101 fructuosam,
2139 1067 2253 1096 confe-

1246 1128 1258 1141 »
1283 1116 1378 1145 rendi
1395 1125 1451 1154 per
1468 1121 1497 1146 te
1515 1116 1565 1146 vel
1581 1116 1683 1146 alium
1705 1117 1824 1146 dilecto
1847 1117 1915 1147 filio
1940 1118 2094 1153 Redolfo,
2113 1118 2253 1156 plebano

1246 1181 1259 1194 »
1284 1168 1323 1198 de
1339 1168 1544 1206 Vegerllicn,
1567 1169 1688 1198 clerico
1706 1174 1776 1203 tuo,
1803 1169 1948 1208 aliquam
1966 1170 2182 1200 ecclesiarum
2200 1175 2254 1202 tue

1247 1233 1259 1247 ι)
1285 1221 1438 1255 (11066515,
1464 1221 1503 1250 ad
1527 1221 1657 1250 abbatis
1681 1225 1712 1250 61
1733 1226 1915 1251 conventus
1941 1222 2021 1260 Apri
2046 1223 2252 1256 monasterii,

1247 1286 1259 1299 »
1285 1273 1433 1312 ejusdem
1459 1273 1618 1308 diocesis,
1647 1273 1857 1303 collationem
1887 1283 1946 1303 seu
1974 1275 2254 1312 presentationem

1247 1339 1259 1352 »
1284 1326 1524 1364 pertinentium
1552 1336 1587 1355 ac
1617 1326 1790 1355 solitarum
1814 1326 1945 1355 clericis
1972 1327 2178 1357 secularibus
2202 1337 2255 1357 as·-

1248 1392 1260 1405 n
1287 1379 1431 1416 signari,
1459 1383 1489 1408 et
1515 1380 1614 1408 etiam
1642 1379 1670 1408 si
1698 1388 1812 1408 curam
1835 1379 1955 1409 habeat
1982 1380 2169 1409 animarum
2195 1390 2254 1410 an-

1248 1444 1260 1458 »
1287 1441 1421 1466 nexam,
1443 1436 1473 1461 et
1496 1432 1676 1461 inducendi
1701 1441 1775 1461 61101
1796 1432 1830 1460 10
1853 1432 2054 1470 corporalem
2072 1434 2255 1471 possessio-

1248 1498 1260 1512 »
1287 1494 1360 1514 nem
1379 1485 1543 1524 ejusdem,
1563 1485 1591 1514 si
1609 1489 1702 1514 vacat
1725 1485 1765 1514 ad
1786 1494 1923 1523 presens
1942 1485 1993 1515 vel
2010 1486 2256 1524 quamprimum

1249 1551 1261 1565 »
1287 1539 1327 1568 ad
1343 1539 1377 1567 id
1393 1538 1549 1567 obtulerit
1566 1547 1600 1568 se
1618 1538 1770 1573 facultas,
1790 1547 1849 1567 nec
1867 1547 1931 1568 non
1948 1539 1982 1567 in
1998 1540 2257 1572 contradictores

1249 1604 1261 1618 »ι
1287 1601 1343 1630 per
1369 1600 1543 1621 censuram
1571 1591 1831 1620 ecclesiasticam
1857 1596 1915 1621 etc.
1946 1601 2051 1630 usque
2076 1602 2082 1620 ε
2108 1601 2256 1630 compes-

1250 1658 1261 1671 n
1287 1645 1398 1679 cendi,
1420 1644 1550 1682 plenam
1575 1644 1635 1673 tibi
1659 1644 1885 1678 concedimus,
1909 1645 2103 1675 auctoritate
2120 1655 2257 1683 presen-

1250 1710 1262 1724 »
1289 1698 1389 1732 tium,
1420 1697 1622 1727 facultatem.
1651 1698 1724 1727 Nou
1753 1698 1962 1727 obstantibus
1991 1698 2256 1737 quibuscumque

1250 1763 1262 1776 »
1288 1750 1409 1780 litteris
1426 1750 1638 1787 generalibus
1658 1760 1675 1779 a
1693 1750 1787 1780 nobis
1809 1750 1858 1780 vel
1875 1750 1981 1787 legato
2003 1751 2181 1788 apostolice
2203 1752 2257 1782 Se-

1251 1815 1263 1829 »
1289 1803 1339 1832 dis
1357 1812 1455 1840 super
1472 1803 1612 1832 aliorum
1633 1803 1880 1841 provisionibus
1897 1803 1937 1832 ad
1955 1804 2086 1833 eosdem
2106 1804 2257 1834 abbatem

1251 1869 1263 1882 n
1288 1860 1319 1885 et
1329 1860 1527 1885 conventum
1537 1856 1692 1889 obtentis,
1702 1856 1823 1894 quibus
1837 1865 1922 1891 eum,
1935 1857 1982 1885 tui
1992 1857 2138 1891 obtentu,
2151 1857 2258 1896 quoad

1251 1921 1264 1936 »
1289 1909 1381 1938 illam
1403 1909 1441 1938 (16
1465 1909 1622 1946 predictis
1646 1909 1812 1943 ecclesiis,
1834 1909 1872 1938 de
1895 1918 1959 1947 qua
1980 1909 2044 1938 sibi
2060 1910 2257 1948 provideris,

1252 1974 1265 1988 »
1290 1961 1442 1991 volumus
1460 1962 1630 1995 anteferri,
1650 1970 1708 1991 seu
1730 1961 1816 2000 quod
1836 1961 1924 1991 idem
1943 1961 2083 1991 clericus
2105 1962 2185 1991 alibi
2202 1963 2259 1993 bc-

1253 2027 1266 2041 »
1291 2015 1466 2044 neficiatus
1483 2014 1612 2050 existat,
1632 2019 1686 2044 aut
1702 2015 1729 2043 si
1746 2024 1804 2044 nos
1819 2014 1901 2044 alias
1919 2015 2113 2053 scripsin‘ius
2130 2025 2187 2053 pro
2204 2024 2259 2045 eo-

1253 2080 1266 2094 »
1292 2068 1376 2102 dem,
1397 2067 1447 2097 vel
1464 2067 1491 2096 si
1515 2067 1639 2097 eisdem
1659 2067 1770 2096 abbati
1794 2072 1824 2096 et
1846 2068 2038 2103 conventui,
2060 2069 2167 2106 quoad
2186 2078 2260 2106 pro-

1253 2132 1266 2146 »
1293 2120 1455 2150 visionem
1482 2120 1678 2158 cujusquam
1703 2119 1854 2157 compelli
1877 2128 1941 2149 non
1966 2120 2111 2158 possint,
2134 2130 2193 2150 seu
2221 2121 2260 2151 (16

1254 2185 1266 2199 »
1291 2173 1440 2211 ipsorum
1465 2173 1638 2202 beneficiis
1663 2172 1715 2202 vel
1739 2172 1890 2202 ecclesiis
1916 2172 2028 2208 alicui,
2055 2173 2103 2203 eis
2130 2173 2257 2209 invitis,

1254 2239 1266 2253 »
1292 2230 1436 2265 nequeat
1458 2226 1640 2264 provideri,
1666 2229 1722 2254 aut
1745 2225 1773 2254 si
1798 2225 1881 2263 ipsis
1904 2225 1956 2255 vel
1976 2226 2163 2265 cuicunque
2185 2236 2260 2265 per-

1254 2292 1266 2306 »
1293 2288 1372 2309 sone
1396 2278 1446 2308 vel
1469 2278 1624 2316 dignitati
1651 2282 1707 2307 aut
1733 2277 1818 2313 loco,
1851 2278 1937 2316 quod
1967 2279 2257 2316 excommunicari,

1254 2345 1266 2359 »
1293 2332 1451 2370 suspendi
1467 2332 1518 2362 vel
1536 2331 1691 2362 interdici
1708 2340 1773 2361 non
1790 2331 1932 2367 valeant,
1950 2341 2007 2370 per
2023 2331 2151 2362 litteras
2169 2341 2260 2371 apos-

1254 2398 1267 2412 »
1293 2385 1420 2420 1011665,
1444 2394 1508 2415 non
1525 2386 1686 2415 facientes
1703 2384 1834 2423 plenam
1851 2389 1882 2414 et
1901 2394 2089 2423 expressam
2105 2385 2143 2415 (16
2160 2385 2260 2416 verbo

1254 2451 1267 2466 »
1293 2439 1333 2469 ad
1351 2439 1488 2468 verbum
1505 2438 1544 2468 de
1558 2438 1687 2467 indulto
1704 2438 1895 2477 hujusmodi
1911 2438 2125 2473 mentionem,
2143 2448 2160 2468 a
2177 2439 2260 2469 Sede

1254 2505 1266 2519 »
1293 2493 1335 2522 sit
1351 2492 1529 2527 indultum,
1554 2492 1623 2521 sive
1647 2491 1795 2530 qualibet
1815 2491 2025 2529 indulgentia
2043 2491 2129 2521 dicte
2151 2492 2257 2527 Sedis,

1254 2560 1266 2574 »
1292 2546 1529 2585 cujuscumque
1546 2545 1670 2575 tenoris
1688 2545 1824 2580 existat,
1845 2554 2017 2583 perquam
2038 2545 2073 2573 in
2094 2545 2260 2583 presenti-

1254 2613 1266 2626 »
1291 2599 1352 2629 bus
1370 2608 1434 2628 non
1455 2608 1643 2637 expressam
1667 2597 1718 2627 vel
1743 2597 1888 2627 totaliter
1911 2606 1975 2627 non
1998 2598 2167 2632 insertam,
2196 2597 2260 2628 liu-

1254 2666 1267 2679 »
1288 2652 1434 2692 jusmodi
1457 2652 1593 2681 effectus
1616 2651 1720 2687 gratie
1741 2651 1895 2688 impediri
1917 2650 2023 2679 valeat
2044 2650 2093 2679 vel
2117 2650 2256 2680 differri.

1255 2720 1266 2732 >i
1294 2708 1365 2735 I)at.
1386 2705 1550 2739 Laterani,
1569 2706 1648 2734 VIII
1666 2704 1823 2733 kalendas
1848 2703 2026 2737 februarii,
2051 2712 2137 2731 anno
2155 2704 2259 2733 1111116-

1255 2772 1267 2786 »
1293 2759 1390 2788 cinio.
1414 2771 1425 2783 n

1295 2825 1306 2837 »
1334 2811 1425 2840 Nulli
1452 2816 1512 2840 etc.
1538 2814 1647 2839 nostre
1671 2809 1896 2839 concessionis
1917 2813 1977 2837 etc.
2002 2810 2073 2837 Dat.
2095 2809 2259 2846 Anagnic,

1254 2866 1320 2895 IIII
1338 2864 1412 2893 idus
1430 2863 1638 2901 septembris,
1658 2871 1744 2891 anno
1762 2861 1917 2891 secundo.
1941 2874 1952 2886 >1

2099 2927 2128 2951 58
