2441 3330
943 201 1167 239 PREMIERE
1188 203 1347 241 ANNEE.
2152 219 2191 251 33

172 273 258 302 12⁸2
652 272 769 307 Naples‚
787 274 819 300 10
836 273 939 300 sevrier
958 273 1032 300 1255.

132 333 277 369 Episcopo
294 332 464 359 Prenestino
479 333 633 360 committit
648 341 747 360 curam
766 334 942 361 concedendi
963 335 1056 361 abbati
1077 339 1106 362 et

97 381 253 410 conventui
271 381 439 407 monasterii
454 389 479 408 s.
498 380 579 407 Pauli
596 381 631 408 de
646 381 725 408 Urbe
743 386 772 408 ut
788 383 990 416 possessiones
1006 391 1104 409 eorum

99 431 196 457 minus
212 428 297 456 utiles
311 428 346 455 ad
371 429 495 455 valorem
521 429 586 456 1500
608 429 743 456 librarum
766 432 964 464 proveniensis
987 435 1106 457 senatus

99 478 213 512 possint
227 476 352 503 alienare
367 476 402 502 ad
417 476 571 503 emendum
586 477 657 503 alias
674 478 813 505 utiliores.
834 477 916 511 (Rea.
933 478 966 504 ‘34
977 500 983 509 ‚
1001 487 1026 505 c.
1045 479 1106 512 ¹16,

98 527 120 553 f.
138 526 203 556 w.)

142 637 155 652 11
186 648 204 654 ..
219 648 226 661 ,
257 626 390 663 episcopo
419 626 605 654 Prenestino.
638 625 756 655 Oblata
785 625 880 655 nobis
913 626 1108 656 dilectorum

99 678 246 708 filiorum
276 700 313 714 ..‚
348 677 477 708 abbatis
510 682 541 708 et
568 682 750 708 conventus
777 678 971 708 monasterii
1001 679 1107 708 sancti

100 729 197 761 Pauli
221 729 260 759 de
284 729 373 760 Urbe
394 730 511 768 petitio
536 730 737 765 continebat,
759 730 846 768 quod
867 731 932 768 ipsi
949 731 1108 769 quasdam

98 782 327 821 possessiones
341 786 371 812 et
387 786 492 812 terras
508 782 642 818 babent,
656 792 738 821 quas
753 783 855 813 iidem
866 783 1037 813 vendendo
1050 792 1108 813 seu

100 835 287 869 alienando,
305 834 343 864 de
359 835 500 872 pecunia
513 844 613 873 quam
624 843 662 864 ex
672 835 755 873 ipsis
768 835 953 873 reciperent
970 835 1108 865 emendo

97 887 327 926 possessiones
347 886 441 922 alias,
464 891 599 925 possent
620 887 768 926 ejusdem
784 888 979 917 monasterii
995 888 1108 917 condi-

97 939 224 969 tionem
250 939 443 969 satisfacere
466 939 649 969 meliorem.
676 940 785 975 Quare
810 939 906 969 nobis
935 939 1108 969 humiliter

99 991 342 1029 supplicarunt,
358 995 393 1020 ut
406 991 571 1021 vendendi
587 995 641 1021 aut
654 991 736 1021 alias
749 991 917 1021 alienandi
929 992 967 1021 de
981 1001 1108 1029 posses-

97 1042 249 1073 sionibus
269 1043 352 1081 ipsis
374 1043 485 1073 minus
507 1043 648 1073 utilibus
671 1043 711 1073 ad
731 1043 876 1073 valorem
896 1044 987 1073 mille
1008 1044 1108 1082 quin-

98 1099 272 1134 gentarum
291 1095 453 1125 librarum
472 1096 702 1133 proveniensis
721 1100 857 1126 senatus
873 1097 914 1126 ad
932 1098 1107 1127 emendum

98 1147 181 1178 alias
196 1148 425 1186 possessiones
442 1149 549 1186 magis
567 1149 667 1179 utiles
688 1149 729 1179 ad
747 1158 829 1187 opus
848 1149 954 1187 ipsius
975 1159 1107 1180 monas-

97 1201 175 1231 terii
195 1201 373 1230 concedere
396 1210 599 1231 curaremus.
624 1203 671 1232 De
690 1205 746 1232 tua
764 1202 868 1240 igitur
887 1203 1108 1241 circumspec-

97 1253 189 1283 tione
206 1253 339 1291 plenam
358 1254 392 1282 in
415 1254 556 1284 Domino
578 1254 733 1285 fiduciam
750 1255 953 1290 obtinentes,
971 1257 1108 1286 manda-

99 1315 174 1336 mus
201 1306 359 1345 quatinus
384 1307 509 1337 eisdem
536 1307 702 1345 postulata
728 1308 899 1343 concedas,
929 1309 956 1337 si
984 1309 1107 1339 videris

99 1358 263 1397 expedire,
287 1359 418 1396 proviso
439 1359 526 1397 quod
546 1360 585 1389 de
606 1360 747 1398 pecunia
769 1369 869 1399 quam
888 1361 990 1390 iidem
1006 1361 1107 1392 abbas

99 1415 131 1441 et
145 1415 328 1441 conventus
344 1411 382 1441 de
397 1412 666 1450 possessionibus
681 1421 763 1451 quas
776 1413 930 1449 vendent,
946 1414 1108 1452 recipient

98 1463 181 1494 alias
197 1464 303 1502 magis
319 1464 419 1494 utiles
436 1468 491 1494 tuo
507 1465 674 1495 mediante
690 1465 829 1496 consilio
846 1466 887 1495 ad
899 1475 980 1504 opus
997 1455 1112 1496 emant·

97 1516 292 1546 monasterii
312 1517 485 1547 memorati
510 1521 541 1547 et
561 1526 602 1547 ne
623 1518 710 1556 quod
730 1528 789 1556 pro
810 1519 958 1557 ejusdem
978 1528 1107 1549 monas-

96 1568 173 1599 terii
182 1568 326 1599 utilitate
340 1569 491 1608 queritur
502 1569 537 1598 in
547 1570 653 1608 ipsius
667 1570 771 1608 possit
781 1580 916 1608 vergere
930 1571 1106 1602 detrimen-

97 1624 178 1650 tum.
195 1621 269 1650 Dat.
287 1621 441 1659 Neapoli,
462 1623 531 1652 IIII
548 1622 623 1652 idus
644 1622 823 1658 februarii,
846 1632 933 1653 anno
951 1624 1068 1661 primo.
1090 1636 1103 1650 »

171 1803 256 1832 ¹28

133 1864 292 1891 Commune
317 1865 442 1891 civitatis
467 1865 619 1892 Insulanae
642 1871 670 1893 et
692 1866 821 1893 Insulam
840 1866 935 1894 Ventu
952 1868 1054 1894 Terrae
1070 1868 1103 1894 ad

97 1921 184 1939 suum
200 1917 228 1939 et
242 1912 389 1940 Ecclesiae
406 1913 552 1940 Romanae
564 1915 728 1941 demanium
740 1916 840 1950 recipit
851 1921 878 1942 et
891 1917 1003 1948 retinet,
1017 1918 1105 1942 nomi-

97 1963 241 1988 nationem
268 1963 408 1997 capitanei
436 1963 479 1989 vel
509 1965 630 1990 rectoris
654 1965 710 1990 sibi
736 1969 876 1996 reservat,
903 1966 1029 2000 capitulo
1053 1967 1104 2000 jus

96 2010 268 2046 episcopalis
284 2012 433 2038 electionis
453 2020 631 2039 conservans
647 2013 880 2048 confirmansque
898 2015 1044 2041 libertates
1060 2016 1104 2041 cl-

96 2059 203 2086 vitatis.
220 2059 303 2092 (Risu.
318 2060 362 2094 24,
375 2067 400 2087 c,
420 2061 479 2092 117,
497 2061 517 2087 f.
539 2061 605 2094 lliv.)

662 1805 781 1840 Naples,
802 1806 816 1832 4
834 1806 938 1832 sevrier
957 1807 1032 1833 1‘255.

136 2173 150 2188 α
171 2161 335 2191 Communi
354 2162 490 2191 civitatis
510 2163 666 2191 Insulam.
692 2163 735 2193 Ut
756 2172 833 2201 erga
854 2165 1037 2193 Romanam
1053 2181 1101 2192 —.

92 2214 222 2244 Vestris
237 2214 350 2253 itaque
369 2215 667 2253 supplicationibus
684 2216 848 2252 inclinati,
867 2226 923 2246 vos
941 2223 971 2247 et
988 2217 1103 2247 civita-

93 2271 160 2297 tem
174 2271 318 2297 vestram
333 2268 372 2297 ad
388 2272 538 2297 nostrum
555 2273 585 2298 et
604 2269 781 2307 apostolice
795 2270 889 2300 Sedis
905 2270 1103 2308 recipientes

94 2320 300 2356 demanium,
318 2330 374 2351 vos
396 2326 426 2351 et
448 2322 553 2359 ipsam
579 2323 641 2352 sub
662 2327 773 2353 005110
793 2328 821 2353 et
845 2324 991 2362 ejusdem
1009 2323 1103 2353 Sedis

95 2373 240 2404 dominio
260 2378 291 2404 ct
308 2375 558 2413 jurisdictione,
581 2376 627 2405 ita
646 2376 730 2414 quod
755 2376 839 2405 1111111
860 2385 1006 2414 unquam
1029 2386 1103 2413 per-

95 2434 174 2456 sone
197 2426 248 2456 vel
266 2426 335 2456 loco
350 2427 456 2456 subici
472 2427 622 2463 valeatis,
648 2429 836 2466 specialiter
854 2429 888 2457 in
909 2433 1103 2466 perpetuum

95 2478 292 2514 retinemus;
314 2484 343 2508 et
367 2480 395 2509 si
420 2489 485 2518 qua
504 2481 586 2510 forte
610 2490 667 2519 per
687 2481 795 2511 felicis
817 2481 1054 2510 1·1;·(·01·11111101115
1077 2482 1101 2510 Ι.

95 2539 177 2570 pape
216 2532 460 2569 predecessoris
496 2533 602 2562 nostri
638 2533 766 2563 litteras
806 2534 855 2563 vel
892 2534 1101 2571 privilegium

96 2583 250 2622 cuiquam
276 2584 420 2614 civitatis
448 2585 595 2623 ejusdem
624 2590 678 2615 aut
705 2587 804 2615 resti-i
834 2586 932 2615 eliam
962 2586 1102 2623 l'actalm')

96 2637 263 2667 concessio
276 2636 325 2666 vel
342 2637 417 2666 data
429 2638 620 2676 jurisdictio
635 2639 802 2676 apparebit
821 2648 878 2668 seu
896 2648 1103 2676 quarnnnpie

93 2696 234 2726 persona
250 2689 283 2717 in
301 2698 338 2718 ea
355 2689 405 2719 vel
419 2690 453 2718 111
470 2690 563 2719 vobis
576 2691 715 2719 dominii
729 2692 783 2729 jus·
802 2691 851 2719 wi
864 2691 957 2729 quasi
972 2700 1103 2728 quomo-

94 2740 216 2771 dolibet
232 2741 352 2771 habere
369 2747 572 2780 compertum
588 2744 685 2773 suerit
710 2748 766 2773 aut
786 2754 841 2773 vos
866 2744 914 2772 rel
940 2744 1043 2781 ipsam
1064 2743 1102 2772 de

91 2792 165 2832 ,iure
182 2793 222 2823 ad
237 2793 382 2832 aliquem
396 2794 447 2823 vel
464 2795 592 2833 aliquos
608 2796 785 2833 pertinere,
803 2796 992 2825 curabimus
1006 2806 1103 2833 prop-

94 2848 143 2875 ter
158 2845 219 2875 hoc
235 2846 311 2876 darc
328 2847 572 2883 concambium,
597 2848 643 2877 ita
661 2849 747 2887 quod
764 2858 820 2878 vos
845 2853 875 2877 ct
897 2848 1014 2877 civitas
1030 2848 1102 2885 ipsa

217 2911 438 2935 ALEXANDRE
458 2911 509 2942 IV,
527 2915 546 2935 t.
565 2912 585 2936 l.

1186 274 1220 303 in
1237 279 1349 305 nostro
1372 281 1402 306 et
1419 277 1566 316 ejusdem
1583 279 1677 309 Sedis
1693 279 1845 310 demanio
1857 281 1931 319 jure
1947 287 2103 320 perpetuo
2118 293 2190 315 ma-

1186 327 1302 357 neatis.
1320 329 1474 359 Preterea
1489 335 1525 359 ut
1538 340 1595 360 vos
1612 336 1642 361 et
1659 332 1771 361 eadem
1787 332 1903 363 civitas
1920 334 2044 364 salubri
2061 345 2190 375 semper

1186 379 1348 415 regimine
1371 381 1549 417 gubernari
1566 387 1697 412 auctore
1714 384 1854 413 Domino
1870 385 2022 421 valeatis,
2040 388 2132 418 vobis
2148 388 2190 418 ad

1187 434 1333 459 vestrum
1346 432 1494 469 regimen
1506 434 1714 471 capitaneum
1726 435 1777 464 vel
1788 440 1957 472 rectorem,
1972 447 2036 467 non
2050 439 2088 468 de
2102 443 2190 470 terra

1187 481 1324 512 Laboris
1336 483 1374 513 de
1391 493 1455 521 qua
1468 485 1508 514 ad
1523 486 1669 523 predicta
1682 487 1733 516 vel
1750 487 1813 516 alia
1824 488 1930 518 officia
1946 490 2089 520 civitatis
2106 493 2190 530 0105-

1188 534 1262 562 dem
1276 543 1446 573 nunquam
1460 538 1644 574 promoveri
1659 538 1802 576 aliquem
1816 540 1966 571 volumus
1980 542 2030 571 vel
2047 544 2187 579 assumi3

1189 585 1246 615 sed
1266 585 1416 622 aliunde,
1443 593 1538 625 prout
1559 589 1654 618 nobis
1677 591 1828 627 expedire
1846 592 2011 622 videbitur
2030 603 2087 631 pro
2108 599 2190 624 tem-

1187 646 1276 676 pore,
1303 640 1531 670 concedemus.
1555 641 1657 670 Porro
1680 651 1720 671 00
1748 643 1927 680 capitulum
1950 650 2057 675 vestre
2079 647 2191 677 cathe-

1188 689 1289 719 dralis
1317 691 1454 721 ecclesie
1479 692 1603 722 honore
1633 693 1729 723 solito
1756 695 1926 725 fraudetur
1952 697 1986 725 in
2012 702 2188 734 posterum,

1188 741 1295 771 eidem
1307 743 1449 780 capitulo
1461 744 1516 782 Jus
1531 745 1617 782 quod
1633 745 1667 774 in
1679 745 1837 776 electione
1850 748 1993 786 episcopi
2006 758 2043 778 ex
2055 750 2191 789 antiqua

1188 798 1219 823 et
1241 795 1418 832 approbata
1441 800 1471 825 et
1493 796 1653 826 hactenus
1669 798 1803 835 pacifice
1824 799 1994 830 observata
2015 807 2190 832 consuetu-

1188 845 1264 875 dine
1281 847 1407 877 obtinet
1428 848 1595 886 integrum
1611 858 1859 886 conservamus,
1878 853 2024 883 volentes
2046 859 2079 883 ut
2103 855 2190 892 epis-

1188 908 1288 937 copus
1319 900 1376 938 qui
1407 910 1464 938 pro
1493 905 1636 940 tempore
1666 904 1766 933 fuerit
1798 904 1832 933 in
1865 905 2003 935 ecelesia
2032 907 2190 937 Insulana

1187 951 1349 981 beneficia
1362 953 1585 983 ecclesiastica
1597 955 1743 993 ejusdem
1757 956 1900 987 civitatis
1917 962 1948 987 et
1961 958 2100 988 diocesis
2117 968 2190 988 cum

1188 1012 1226 1033 ea
1241 1013 1357 1034 vacare
1374 1005 1560 1043 contigerit,
1578 1008 1758 1037 secundum
1775 1009 1879 1038 Deum
1895 1011 2044 1047 personis
2061 1011 2188 1041 idoneis

1188 1057 1346 1086 canonice
1362 1058 1526 1091 conferat,
1547 1059 1632 1088 sicut
1655 1060 1695 1089 ad
1711 1069 1785 1090 eum
1803 1062 1944 1098 pertinet
1961 1063 1999 1092 de
2020 1068 2190 1094 consuetu-

1188 1108 1264 1138 dine
1296 1109 1348 1139 vel
1381 1110 1419 1139 de
1447 1110 1532 1149 jure.
1561 1112 1611 1141 Ad
1639 1112 1699 1142 hec
1727 1113 1874 1143 Insulam
1894 1115 2003 1144 Ventu
2027 1116 2124 1146 Terre
2152 1117 2192 1146 ad

1188 1166 1337 1191 nostrum
1370 1167 1400 1192 et
1430 1163 1575 1194 Ecclesie
1605 1166 1751 1195 Romane
1786 1166 1974 1196 demanium
2005 1168 2191 1205 specialiter

1187 1215 1385 1249 retinemus,
1405 1216 1489 1245 sicut
1512 1225 1582 1246 eam
1605 1226 1698 1254 reges
1720 1218 1842 1256 Sycilie
1863 1219 2009 1249 tenuisse
2031 1220 2189 1251 hactenus

1188 1267 1416 1297 dinoscuntur.
1440 1269 1594 1299 Ceterum
1609 1269 1778 1299 libertates
1803 1271 1837 1299 in
1854 1271 2042 1301 civitatibus
2064 1273 2155 1309 regni
2172 1282 2190 1302 a

1187 1320 1322 1357 regibus
1345 1321 1469 1359 Sycilie
1488 1321 1580 1351 vohis
1601 1330 1773 1351 concessas
1795 1323 1877 1351 sicut
1902 1333 1956 1353 eas
1979 1324 2141 1353 habuistis
2158 1329 2190 1355 et-

1187 1371 1317 1402 habetis
1333 1373 1480 1410 legitime
1497 1383 1533 1403 ac
1549 1374 1630 1412 ipsis
1647 1374 1807 1404 hactenus
1823 1375 1925 1405 libere
1939 1377 1991 1405 usi
2003 1377 2082 1406 estis
2096 1377 2188 1406 vobis

1187 1429 1219 1454 et
1240 1434 1298 1462 per
1319 1434 1376 1455 vos
1399 1426 1526 1455 civitati
1545 1426 1689 1464 predicte
1711 1427 1745 1455 in
1765 1431 1932 1464 posterum
1956 1430 2188 1459 confirmamus

1187 1482 1248 1507 etc.
1266 1486 1370 1516 usque
1388 1479 1642 1508 communimus.
1660 1479 1752 1508 Nulli
1772 1483 1831 1509 etc.
1852 1484 1962 1509 nostre
1978 1481 2186 1518 receptionis,

1186 1531 1394 1566 retentionis,
1415 1531 1675 1561 conservationis
1698 1536 1728 1561 et
1751 1532 2009 1562 confirmationis
2030 1538 2089 1563 cte.
2114 1535 2185 1563 Dat.

1187 1583 1336 1621 Neapoli,
1356 1585 1387 1613 II
1404 1593 1508 1613 [ionas
1524 1584 1694 1620 februarii,
1717 1593 1802 1614 anno
1820 1585 1936 1622 primo.
1955 1598 1967 1611 ³)

1261 1753 1346 1781 129

1221 1815 1396 1841 Monasterio
1412 1815 1514 1841 Beatae
1526 1815 1632 1841 Mariae
1645 1816 1678 1841 110
1692 1816 1770 1842 Valle
1781 1816 1919 1851 Josapnat
1933 1826 2031 1843 omnes
2046 1818 2188 1843 libertates

1732 1754 1849 1789 Naples,
1867 1756 2023 1789 300111101-
2044 1756 2118 1782 1155.

1185 1868 1212 1890 et
1233 1864 1429 1890 immunitates
1449 1873 1464 1889 a
1485 1864 1756 1898 praedecessoribus
1777 1865 1838 1890 suis
1854 1865 2031 1897 Innocentio,
2051 1865 2187 1898 Ragonio,

1185 1912 1352 1942 Anastasio,
1385 1911 1512 1937 Adriano
1542 1920 1707 1942 concessas,
1740 1920 1848 1938 necnon
1878 1922 2074 1947 quaecumque
2106 1914 2186 1946 bona,

1185 1967 1382 1994 quascumque
1395 1960 1540 1986 libertates
1551 1963 1599 1985 aut
1611 1961 1808 1994 exemptiones
1820 1961 1991 1986 secularium
2007 1961 2186 1986 exactionum

1185 2015 1219 2033 ex
1245 2007 1319 2032 dono
1345 2007 1490 2033 Godefridi
1517 2007 1614 2039 ducis,
1640 2007 1769 2033 Baltlnini
1797 2010 1871 2041 regis
1895 2008 2117 2034 ι1010501110111101
2145 2009 2186 2034 vel

1184 2056 1303 2081 aliorum
1321 2055 1373 2081 Dei
1391 2056 1526 2085 fidelium,
1539 2056 1732 2081 enumerando
1749 2056 1908 2082 coufirmat.
1925 2056 2007 2088 (lino.
2026 2057 2067 2086 ²24,
2083 2066 2107 2082 c.
2130 2057 2184 2088 118,

1183 2103 1203 2130 f.
1223 2104 1281 2136 14v;
1298 2103 1386 2130 11:1³.
1406 2103 1587 2136 Dammana,
1609 2104 1720 2130 enar-ces
1734 2104 1764 2128 dn·
1783 2104 1981 2134 Terre-Salate,
2004 2113 2030 2138 p.
2051 2105 2186 2133 lun-105).

1225 2229 1238 2243 «
1269 2240 1301 2251 ..,
1330 2218 1430 2245 abbaci
1455 2218 1634 2245 vanmszerzssi
1659 2218 1741 2244 Beate
1764 2218 1857 2246 ,llario
1882 2218 1914 2245 de
1945 2219 2020 2246 l'alle
2044 2218 2186 2254 ,lm-aptum

1183 2273 1304 2309 ejusque
1322 2271 1471 2303 fratribus
1488 2275 1546 2298 tam
1562 2270 1750 2306 presentibus
1763 2279 1852 2306 (suum
1868 2272 1993 2306 fissuris,
2014 2271 2182 2307 111-[1110111111

1184 2326 1278 2353 vitam
1296 2324 1438 2360 profes-sis
1456 2323 1487 2350 ιῗη
1505 2327 1696 2359 perlit-tumn.
1720 2322 1920 2357 livlieiosain
1940 2322 2039 2351 vilain
2061 2322 2185 2357 elien-n-

1185 2376 1272 2404 tibus
1285 2379 1345 2403 etc.
1362 2384 1465 2412 usque,
1478 2374 1648 2409 infringat.
1668 2375 1852 2411 l⁴1uproplc1·,
1869 2374 1977 2403 dilecti
1997 2375 2028 2402 in
2047 2375 2185 2403 Domino

1184 2428 1256 2456 tilii.
1275 2427 1505 2465 vestrisjuslis
1523 2427 1798 2464 postulationibus
1815 2427 1992 2455 clementm·
2008 2427 2185 2455 annuimus

1185 2484 1216 2509 et
1231 2480 1431 2508 monasterio
1451 2480 1548 2508 l'wale
1565 2480 1667 2508 Maris·
1689 2480 1726 2507 ilc
1747 2479 2185 2516 Yzille‘los311›liatjerosoli-

1184 2532 2185 2570 0111110010111101111111005115111151·1[1110111;1111·1”[);111,«1111115101-

1183 2585 1291 2613 felicis
1316 2584 1551 2613 recordationis
1577 2584 1776 2615 lnnuccnlii,
1798 2584 1950 2619 Eugenii.
1971 2583 2133 2612 Anastasii
2155 2587 2184 2611 vt

1184 2638 1322 2667 Adriani
1342 2637 1608 2675 prcdvvvss«vrum
1634 2641 1817 2665 nostrorum
1841 2637 2059 2665 Romamn-um
2078 2635 2183 2673 punti-

1185 2692 1280 2719 licnm
1299 2694 1454 2728 tanquam
1474 2690 1639 2727 proprium
1659 2693 1685 2717 el
1706 2688 1846 2726 speciale
1864 2689 1923 2717 51111
1948 2688 2030 2716 lwali
2051 2688 2135 2717 1¹‹·u·i
2154 2691 2180 2715 cl

1185 2747 1295 2771 nostra
1312 2742 1513 2780 111-1110011001·
1536 2741 1735 2778 suscipimus
1757 2745 1783 2769 el
1803 2740 1963 2778 presentis
1984 2740 2094 2777 scrip‘i
2118 2739 2183 2775 pri-

1185 2795 1304 2831 vilegio
1321 2794 1574 2823 communimus.

1225 2848 1261 2877 In
1285 2847 1400 2885 primis
1425 2846 1588 2884 siquidem
1614 2849 1795 2875 statuentes
1817 2849 1847 2873 ut
1872 2844 1948 2873 ordo
1969 2842 2179 2876 nnumslirus,

2048 2908 2060 2929 .'›
