2498 3325
266 229 321 258 472
988 226 1227 256 REGISTRES
1249 226 1556 256 D'ALEXANDRE
1578 227 1634 256 IV.

267 295 366 322 ordine
392 294 556 319 roim-ment.
584 293 664 325 (itan.
691 293 736 324 24,
768 293 785 318 s.
807 292 868 324 ⁶204,
892 301 958 320 ann.
980 291 1024 325 ΙΙ,
1049 300 1074 318 c.
1098 292 1170 323 428;
1196 291 1270 319 Por-

266 351 352 370 THAST
373 342 478 374 16579.)

307 456 319 469 «
345 466 376 477 ,.,
400 444 532 480 episcopo
554 443 779 478 liisenianensi,
802 442 1022 472 archidiacono
1048 442 1268 479 Squillacsnsi.

266 506 299 526 ac
315 497 462 532 mayistro
476 497 593 530 Αἠιιιιο,
610 497 757 524 canonico
774 495 948 525 Cusentino.
964 494 1031 525 Sua
1047 494 1142 524 nobis
1159 494 1269 525 dilecti

265 567 314 580 —.
333 550 405 578 Dat.
421 549 583 585 Anagnie,
601 549 628 578 V
644 548 719 578 idus
735 548 889 583 octobris,
908 556 994 578 anno
1011 547 1167 578 secundo.
1186 560 1198 573 n

340 728 455 756 1516

299 789 444 823 Episcopo
467 788 665 814 Lcmovicensi
692 788 815 821 mandat,
840 789 977 822 quatinus
1000 788 1027 814 in
1049 787 1203 814 cathedrali
1226 787 1269 813 vel

263 837 317 865 alia
333 838 453 864 ecclesia
475 837 601 864 civitatis
618 837 661 863 vel
677 837 803 864 diocesis
823 837 857 863 de
874 837 969 872 aliquo
991 837 1130 864 beneficio
1149 845 1269 871 compe-

263 886 333 913 tenti
351 887 488 920 magistro
507 885 607 917 l'vtro,
630 885 707 912 dicto
723 885 835 916 Arnalt,
853 885 959 911 clerico
980 885 1110 919 ejusdem
1131 885 1268 915 diocesiS,

791 727 917 761 Anagni.
938 726 969 753 19
984 726 1101 752 octobre
1120 725 1196 752 1956.

263 934 515 970 provideat,juxta
526 934 732 961 continentiam
750 935 906 960 litterarum
921 935 980 968 jam
997 943 1012 960 a
1027 942 1060 960 se
1079 934 1172 960 eidem
1190 933 1268 968 cpis-

264 991 335 1018 copo
352 983 537 1010 directarum.
555 982 638 1015 (Itan.
656 983 700 1015 24,
718 983 738 1009 f.
753 983 803 1009 ‘204
815 988 836 1013 V,
856 991 922 1009 ann.
941 982 976 1013 11,
995 991 1020 1009 c.
1037 982 1109 1015 42¹³.)

304 1096 318 1111 «
340 1085 484 1122 Episcopo
502 1085 714 1113 Lemovicensi.
742 1083 833 1113 Sicut
857 1083 996 1113 dilectus
1017 1083 1107 1113 filins
1127 1101 1176 1112 —.
1194 1084 1267 1113 Dat.

261 1138 428 1174 Anagnie,
447 1137 547 1166 XIIII
568 1136 727 1166 kalendas
749 1136 953 1171 novembris,
972 1145 1059 1166 anno
1078 1136 1234 1166 secundo.
1254 1150 1266 1163 n

334 1315 353 1342 1
362 1315 415 1342 51
425 1315 449 1342 ἵ

296 1375 457 1402 Conventni
474 1375 640 1401 monasterii
656 1374 792 1405 Oswaldi,
811 1375 1002 1402 Eboraccnsis
1016 1375 1157 1408 diocesis,
1175 1376 1268 1403 eccle-

260 1425 318 1451 sius
331 1434 343 1448 α
359 1424 394 1449 do
409 1423 564 1456 Felckirke,
578 1424 611 1449 de
624 1422 804 1454 NVarnefeld,
817 1423 852 1449 de
868 1423 1032 1455 Hodoi-feld,
1050 1424 1085 1449 do
1099 1424 1267 1457 Federstan,

259 1472 294 1498 de
313 1471 427 1506 Batelay
449 1471 565 1506 [Batlcy]
585 1476 613 1498 et
629 1472 663 1497 de
681 1471 819 1498 Addewic
838 1471 970 1505 1A‹lwic],
990 1484 1001 1495 n

262 1521 318 1551 cis,
337 1521 402 1546 olim
420 1521 446 1546 in
472 1528 543 1546 usus
560 1520 692 1555 proprios
709 1528 865 1546 concessas
881 1530 895 1546 a
912 1520 955 1550 T„
974 1520 1149 1547 Eboraccnsi
1171 1522 1268 1548 archi-

790 1314 915 1347 Anagni,
933 1314 966 1340 25)
982 1314 1098 1340 octobre
1119 1314 1195 1342 1256.

1020 1473 1152 1506 ejusdem
1174 1473 1268 1500 dioce-

262 1571 410 1605 episcopo‚
427 1570 502 1603 qnod
521 1570 613 1603 ipsius
629 1578 818 1596 successores
837 1569 883 1601 lh,
897 1569 933 1597 G.
949 1573 978 1596 et
992 1569 1044 1596 W.
1062 1571 1267 1605 approbarunt,

262 1619 423 1649 confirmat,
442 1627 496 1644 non
515 1619 648 1644 obstante
664 1619 739 1653 quod
757 1619 913 1652 capitulum
932 1618 1114 1645 Eboracense
1130 1627 1269 1653 expresse

261 1666 444 1693 concessioni
470 1666 635 1700 hujusmodi
657 1676 671 1692 a
697 1667 835 1700 principio
858 1675 912 1692 non
936 1667 1095 1693 consensit.
1117 1667 1201 1699 (tiso.
1223 1668 1267 1702 24,

261 1714 280 1742 f.
291 1715 340 1741 20¹1
352 1723 373 1748 v,
387 1724 454 1742 ann.
467 1714 504 1744 ΙΙ,
518 1723 543 1740 c.
556 1714 628 1742 440.)

303 1827 316 1841 ιι
338 1816 441 1844 Priori
457 1821 482 1844 el
499 1817 660 1844 emwencui
676 1817 856 1845 monasterii
874 1817 1016 1851 Osu‘ahli,
1037 1818 1157 1846 ordinis
1170 1821 1270 1848 sancti

259 1868 435 1906 Aztyzcstz'ni,
461 1869 652 1897 lilmraeensis
674 1870 808 1898 ‹linces-is
834 1869 916 1900 Cum
945 1878 963 1899 a
992 1870 1088 1900 nobis
1114 1887 1164 1899 —.
1193 1872 1267 1901 Dat.

261 1920 424 1958 Anagnie,
450 1921 531 1950 VIII
557 1921 715 1951 kalendas
743 1922 944 1957 novembris,
969 1932 1056 1952 anno
1077 1924 1233 1953 secundo.
1254 1936 1266 1950 n

335 2091 456 2118 1518

295 2152 394 2178 Eidem
411 2154 566 2179 conventui
583 2153 765 2187 supradictas
783 2154 922 2180 ccclesias
938 2163 953 2180 a
969 2154 1139 2189 Thorstino‚
1158 2156 1269 2184 Ebora-

259 2203 337 2228 censi
364 2201 592 2236 archiepiscopo,
617 2210 788 2233 concessas,
810 2203 992 2237 postmodum
1019 2203 1065 2234 R..
1091 2204 1126 2230 G.
1152 2210 1180 2232 et
1203 2205 1266 2238 W„

259 2248 496 2276 Eboracensibus
521 2251 763 2285 archiepiscopis,
789 2251 1030 2286 approbantibus,
1057 2256 1084 2278 et
1109 2261 1159 2288 per
1183 2254 1268 2289 longa

259 2302 400 2324 retroacta
429 2302 559 2332 tempora
589 2307 744 2333 possessas
771 2299 889 2333 pacifice
919 2304 947 2326 et
976 2301 1090 2334 quiete,
1115 2302 1148 2328 ad
1178 2302 1268 2329 instar

261 2344 281 2372 1.
300 2354 389 2380 papae
410 2346 645 2380 praedecessoris
665 2347 726 2381 sui,
743 2347 903 2380 confirmat,
920 2349 1059 2384 supplens
1078 2360 1090 2373 ι(
1112 2350 1264 2383 desectum,

790 2092 915 2126 Anagni,
933 2092 966 2119 28
983 2094 1100 2120 octobre
1119 2094 1196 2121 1256.

260 2394 361 2428 siquis
374 2395 400 2420 in
414 2395 468 2420 hoc
479 2395 584 2427 extitit,
597 2404 631 2421 ex
643 2404 675 2422 eo
687 2396 762 2430 qnod
775 2397 891 2432 capituli
905 2396 1096 2425 Eboracensis
1108 2407 1267 2434 expressus

259 2450 347 2477 super
362 2443 417 2469 hoc
434 2452 488 2469 non
505 2443 660 2471 intervenit
676 2453 827 2472 assensus.
842 2456 852 2470 u
868 2446 952 2481 (Risu,
963 2447 1008 2478 24,
1022 2447 1040 2473 f.
1052 2448 1103 2474 <204
1114 2452 1134 2482 V,
1148 2458 1215 2477 ann.
1227 2448 1266 2483 ΙΙ,

258 2498 284 2517 c.
302 2491 375 2524 441.)

301 2605 313 2619 t(
332 2594 462 2623 Eisdem.
481 2593 564 2624 Cum
581 2603 599 2623 a
615 2594 711 2624 nobis
727 2612 775 2624 —.
795 2596 868 2625 Dat.
882 2597 1045 2635 Anagnie‚
1062 2599 1091 2629 V
1106 2598 1266 2630 kalendas

259 2645 458 2683 novembris,
478 2655 564 2677 anno
578 2647 733 2677 secundo.
754 2660 766 2673 »

331 2818 447 2846 ¹5¹2)
833 2822 962 2855 A‘nagni,
979 2823 1013 2849 Ἣ)
1028 2825 1095 2850 aoftt
1116 2824 1192 2852 l'255.

295 2879 416 2905 Alsonso
444 2879 596 2912 imici-ici,
624 2881 728 2907 scolari
755 2881 975 2910 colimbriensis
999 2885 1137 2917 diocesis,
1166 2889 1262 2923 nepoti

1354 291 1383 318 S.
1402 293 1478 326 regis
1498 291 1686 326 Portngalinc,
1705 292 1846 327 indulget,
1866 298 1910 325 ut,
1928 301 1982 320 non
1999 294 2132 320 obstante
2147 294 2259 322 defectu
2277 299 2360 321 nata-

1353 340 1421 366 lium
1438 349 1523 375 quem
1542 341 1647 375 patitur
1660 341 1695 367 de
1710 342 1804 367 soluto
1820 342 1937 376 genitus
1948 345 1976 368 et
1991 343 2094 374 soluta,
2109 344 2200 377 possit
2212 343 2245 369 ad
2258 351 2360 370 omnes

1351 389 1467 415 ordines
1484 389 1646 422 promoveri
1663 393 1689 414 et
1705 389 1936 416 ecclesiasticum
1954 390 2138 423 beneficium,
2156 392 2243 417 etiarn
2260 399 2358 418 curam

1352 438 1511 464 animarum
1530 438 1647 469 habens,
1665 438 1805 465 obtinere.
1824 438 1908 471 (itm.
1925 439 1969 470 24,
1984 439 2002 465 l'.
2015 439 2095 470 204',
2111 447 2178 465 ann.
2192 438 2229 469 ΙΙ,
2245 447 2271 466 c.
2285 438 2357 471 ⁴⁴⁶2.)

1394 552 1407 566 «
1432 540 1553 576 Alfonso
1570 540 1715 575 Roderici,
1735 541 1845 569 scolari
1870 541 2096 570 Coiimbrz'ensis
2113 541 2248 570 diocesis.
2270 540 2360 571 Solet

1353 592 1530 630 apostolice
1548 592 1642 622 Sedis
1659 609 1707 620 —.
1728 593 1801 622 Dat.
1818 593 1982 630 Anagnie,
2000 593 2084 623 XIII
2105 592 2265 622 kalendas
2285 601 2360 631 sep-

1353 645 1501 679 tembris,
1520 654 1607 674 anno
1626 644 1782 674 secundo.
1802 657 1815 671 ι)

1426 809 1542 838 1520
1877 810 2006 844 Anagni.
2024 808 2058 837 ‘23
2073 810 2192 836 octobre
2210 809 2288 837 1256.

1387 871 1469 897 Adae
1483 871 1561 897 dicto
1576 871 1730 902 Thfflebet,
1749 871 1851 898 rectori
1869 871 2010 898 ecclesiae
2026 870 2061 897 de
2078 871 2225 904 flocwald,
2243 870 2361 898 Not-wi-

1352 921 1449 946 censis
1474 920 1614 950 diocesis,
1640 921 1726 954 cujus
1753 923 1910 954 proventus
1935 919 2034 946 decem
2060 927 2222 946 marcarum
2247 919 2360 954 argenti

1353 970 1502 995 valentiam
1522 970 1567 994 vix
1582 968 1738 1002 excedunt,
1756 968 1895 1003 indulget,
1914 972 1945 995 ut
1963 969 2079 994 unicum
2095 967 2172 994 aliud
2185 967 2361 994 beneficium

1351 1017 1582 1044 ecclesiasticum
1608 1018 1737 1052 recipere
1761 1017 1860 1043 valeat.
1890 1016 1970 1049 (Rea.
1999 1016 2048 1051 24,
2074 1017 2094 1044 ἰ.
2118 1015 2202 1047 204⁷.
2227 1024 2292 1042 ann.
2319 1015 2360 1051 11,

1351 1074 1375 1093 c.
1396 1067 1469 1098 443.)

1393 1180 1406 1195 «ι
1430 1168 1489 1197 Αιίε
1508 1168 1586 1196 dicto
1604 1168 1748 1203 Thalami,
1769 1168 1878 1196 rectori
1897 1167 2014 1197 ecclesie
2038 1167 2073 1196 cle
2091 1166 2258 1202 Hecu-alde,
2282 1166 2362 1196 Nor-

1351 1222 1489 1251 u-icensis
1525 1221 1659 1250 diocesis
1698 1220 1768 1250 Etsi
1804 1225 1936 1259 propter
1965 1220 2165 1250 ambitiones
2199 1236 2247 1248 —.
2285 1219 2360 1249 Dat.

1351 1274 1514 1311 Anagnia,
1531 1273 1562 1303 X
1574 1273 1734 1303 kalendas
1751 1273 1952 1309 novembris,
1971 1282 2058 1303 anno
2074 1272 2230 1303 secundo.
2250 1283 2264 1298 υ

1425 1445 1537 1474 1521

1387 1507 1528 1542 Rogerio,
1551 1507 1628 1533 dicto
1652 1506 1800 1540 Renardo,
1826 1507 2011 1541 presbytero,
2030 1511 2141 1533 rectore
2162 1506 2303 1539 ecclesiae
2325 1506 2362 1534 de

1351 1556 1518 1587 Cot-melles,
1538 1555 1706 1582 Baiocensis
1722 1555 1860 1587 diocesis,
1878 1555 1977 1581 morbo
1995 1555 2089 1590 leprae
2106 1563 2258 1590 percusso,
2276 1554 2362 1582 Baio-

1351 1604 1449 1631 censis
1465 1605 1622 1638 episcopus
1639 1605 1666 1630 in
1684 1604 1807 1630 ecclesia
1824 1605 1887 1638 ipsa
1901 1603 2053 1636 Ttioinam,
2065 1603 2175 1630 dictum
2192 1603 2360 1638 Avetinum,

1351 1652 1483 1687 ejusdem
1500 1652 1639 1682 diocesis,
1658 1652 1797 1683 instituit,
1822 1652 1858 1678 de
1884 1651 2048 1678 redditibus
2070 1651 2203 1686 ejusdcm
2223 1652 2363 1678 ecclesiae

1351 1701 1514 1736 quindecim
1537 1702 1622 1727 libras
1637 1701 1850 1727 Turonensium
1871 1701 1896 1727 ei
1916 1701 2081 1735 assignans.
2106 1701 2214 1728 Eodem
2232 1700 2360 1736 Rogerio

1351 1751 1546 1785 supplicante.
1571 1760 1641 1785 papa
1663 1750 1881 1785 archiepiscopo
1903 1749 2133 1784 Rothomagensi
2154 1750 2269 1776 mandat
2288 1758 2362 1784 qua-

1352 1799 1442 1831 tinus,
1454 1799 1478 1825 si
1489 1799 1615 1825 Thomas
1627 1799 1780 1825 ecclesiam
1795 1799 1946 1833 relinquat,
1959 1799 1986 1825 in
1999 1807 2031 1824 ea
2042 1799 2166 1833 aliquem
2178 1798 2359 1825 sacerdotem

1351 1848 1488 1874 idoneum
1511 1848 1663 1874 instituere
1685 1851 1834 1882 procuret,
1852 1847 1878 1873 ei
1895 1847 2061 1881 quindecim
2085 1847 2172 1873 libras
2196 1846 2359 1872 reddituum

1351 1896 1516 1930 assignans,
1536 1896 1654 1930 reliquis
1675 1895 1834 1921 redditibus
1858 1895 1982 1929 Roget-io
2001 1896 2155 1921 reservatis
2174 1899 2204 1921 et
2217 1902 2361 1922 concessa

1351 1945 1443 1972 eidem
1461 1945 1590 1971 morandi
1607 1945 1742 1970 facultate
1765 1943 1790 1970 in
1809 1944 1893 1970 domo
1913 1952 1999 1978 quam
2021 1943 2084 1977 ipse
2105 1943 2280 1974 construxit,
2296 1942 2362 1969 dis-

1351 1998 1428 2020 tante
1443 1994 1477 2020 ab
1494 1994 1616 2020 ecclesia
1633 2001 1683 2027 per
1695 1994 1806 2027 jactum
1822 1992 1935 2027 lapidis.
1951 1992 2033 2026 (lieo.
2049 1992 2099 2026 24,
2117 1992 2135 2019 f.
2151 1991 2219 2024 205,
2235 2000 2302 2018 ann.
2320 1990 2360 2024 ΙΙ,

1350 2050 1376 2068 c.
1394 2042 1467 2074 444.)

1881 1444 2006 1479 Anagni,
2024 1444 2058 1471 ‘23
2075 1445 2193 1472 octobre
2212 1445 2289 1473 1256.

1393 2156 1405 2170 ι(
1431 2166 1464 2179 ..,
1483 2144 1705 2180 archiepiscopo
1721 2143 1961 2180 Rollioriiayensi.
1981 2142 2026 2171 Ex
2042 2145 2135 2180 parte
2151 2140 2287 2179 Rogerii
2307 2157 2356 2170 —.

1351 2198 1424 2226 Dat.
1439 2196 1602 2233 Anagnie‚
1623 2196 1653 2225 X
1672 2195 1831 2225 kalendas
1846 2194 2047 2230 novembris,
2065 2203 2152 2224 anno
2168 2193 2322 2224 secundo.
2344 2205 2358 2220 ι»

1425 2367 1545 2395 ¹522

1385 2429 1490 2456 Abbati
1507 2429 1537 2456 S.
1552 2429 1699 2456 Michaelis
1717 2429 1742 2455 in
1758 2418 1889 2455 Periculo
1902 2429 1999 2460 maris,
2013 2428 2206 2454 Abi-incensis
2220 2427 2358 2460 diocesis,

1349 2479 1499 2505 confirmat
1519 2478 1738 2505 concessionem
1761 2477 1926 2504 conferendi
1950 2478 2068 2512 primam
2090 2480 2240 2504 tonsuram
2256 2479 2286 2502 et
2305 2475 2360 2502 mi-

1350 2535 1435 2553 nores
1451 2527 1568 2553 ordines
1583 2527 1732 2553 conversis
1748 2526 1926 2553 monasterii.
1947 2525 2029 2559 (Rae.
2045 2525 2095 2559 24,
2112 2525 2131 2552 f.
2147 2525 2216 2557 205,
2233 2533 2300 2552 ann.
2316 2523 2359 2558 11,

1349 2583 1376 2603 c.
1393 2575 1466 2609 445.)

1881 2367 2005 2400 Anagni,
2024 2366 2056 2393 ‘24
2073 2365 2190 2392 octobre
2208 2365 2286 2392 1256.

1390 2689 1402 2704 ι(
1426 2678 1530 2706 Abbati
1545 2682 1571 2706 et
1586 2678 1748 2707 conventui
1759 2677 2031 2707 SanctiMit-liaelis
2046 2677 2081 2706 in
2093 2676 2232 2706 Periculo
2248 2675 2356 2710 maris,

1347 2731 1467 2760 ordinis
1487 2731 1585 2759 sancii
1608 2731 1772 2766 Benedicti,
1792 2730 1986 2759 Abrincensis
2006 2729 2140 2758 diocesis.
2171 2727 2255 2758 Cum
2276 2726 2354 2762 tihi,

1347 2783 1395 2812 fili
1414 2783 1532 2818 abbas,
1553 2788 1582 2814 et
1603 2783 1853 2813 successoribus
1873 2782 1940 2812 tuis
1963 2782 2001 2811 in
2023 2786 2219 2820 perpetuum
2242 2780 2358 2810 confe-

1346 2836 1441 2866 rendi
1458 2837 1597 2874 primam
1615 2841 1784 2866 tonsuram
1803 2840 1834 2866 et
1849 2836 1995 2865 minores
2009 2834 2142 2864 ordines
2156 2832 2357 2863 concesseri-

1346 2897 1419 2918 mus
1443 2889 1649 2923 facultatem,
1667 2897 1741 2923 nos,
1762 2888 1960 2918 turbationis
1978 2892 2009 2917 et
2025 2885 2221 2917 offensionis
2243 2885 2277 2914 in
2294 2884 2358 2915 hac
