2498 3325
243 236 300 264 272
971 239 1210 270 REGISTRES
1231 238 1538 270 D'ALEXANDRE
1561 241 1617 271 IV.

245 300 395 335 providere
411 301 534 331 valeant,
553 306 661 330 statuto
681 307 709 330 et
725 305 891 339 juramento
912 313 1011 332 eorum
1031 305 1185 331 contrariis
1201 313 1252 331 ne-

243 357 386 384 quaquam
402 350 595 378 obstantibus.
611 351 695 384 (Rae.
712 352 756 387 24,
772 361 798 379 c.
816 352 878 387 738,
896 354 914 380 f.
934 354 1005 387 107.)

286 463 298 477 κ
319 474 352 486 ..,
365 451 466 480 abbati
481 457 507 480 et
524 455 689 482 conventui
707 455 888 483 monasterii
907 455 1101 490 Batiacensis‚
1122 456 1252 484 Xancto-

243 504 346 533 nensis
362 504 496 540 diocesis,
514 506 634 535 ordinis
650 507 750 535 sancti
769 507 931 536 Benedicti.
951 507 1058 544 Digne
1074 507 1251 545 petitiones

243 555 318 586 illas
336 556 376 586 ad
391 557 531 594 gratiam
548 559 770 589 exauditionis
787 560 1006 595 admittimus,
1023 569 1081 599 per
1099 569 1182 600 quas
1199 569 1252 591 ec-

243 608 421 639 clesiarum
439 610 592 640 obviatur
608 611 802 650 dispendiis,
822 621 935 642 earum
952 622 1082 652 quoque
1098 613 1251 652 personis

243 660 371 692 utilitas
387 667 594 700 procuratur.
613 664 695 694 Cum
713 664 826 701 igitur,
844 665 930 694 sicut
949 665 1045 695 nobis
1062 665 1251 704 significare

243 715 400 750 curastis,
428 716 667 746 monasterium
689 721 851 753 vestrum,
869 722 1001 756 propter
1016 718 1251 749 immoderatas

243 766 438 797 donationes
458 772 489 798 et
504 769 711 806 provisiones
728 770 910 808 superfluas
926 770 1005 800 olim
1020 771 1124 801 factas
1141 780 1159 801 a
1176 780 1252 810 pre-

242 819 473 850 decessoribus
487 821 618 856 vestris,
630 821 668 851 de
678 821 774 852 bonis
786 827 816 852 et
829 822 1013 853 redditibus
1025 823 1173 862 ejusdem
1185 827 1251 853 tam

243 872 449 902 secularibus
466 882 564 911 quam
581 874 732 911 personis
751 874 998 910 ecclesiasticis,
1016 876 1159 906 nimium
1176 886 1251 913 gra-

242 928 354 954 vatum
373 925 535 961 extiterit,
562 935 619 956 vos
645 927 864 957 communiter
887 928 1052 958 statuistis
1077 937 1114 958 ac
1139 929 1250 959 minus

242 976 377 1015 provide
390 977 579 1016 juramento
595 978 770 1015 firmastis,
788 980 875 1018 quod
890 980 1031 1010 ulterius
1048 981 1086 1011 de
1107 981 1203 1011 bonis
1220 985 1251 1011 et

237 1030 426 1060 'redditibus
444 1030 584 1068 predicti
598 1032 793 1062 monasterii
809 1032 893 1062 nulli
904 1033 1115 1071 provideritis
1131 1033 1251 1064 clerico

243 1083 385 1113 seculari
406 1094 412 1112 :
433 1093 573 1122 quorum
595 1085 710 1115 statuti
733 1089 764 1115 et
781 1086 964 1125 juramenti
980 1087 1168 1123 occasione,
1187 1096 1250 1126 que

242 1136 339 1166 bonis
356 1137 503 1167 moribus
527 1141 557 1167 et
580 1138 747 1168 honestati
765 1139 931 1168 contraria
950 1143 1082 1177 propter
1103 1149 1251 1178 quorun-

243 1189 317 1219 dam
334 1189 619 1227 importunitatem
634 1191 816 1229 improvide
830 1192 915 1221 facta
930 1192 1076 1227 fuerunt,
1090 1193 1251 1223 seculari-

242 1241 304 1271 bus
323 1241 453 1271 clericis
473 1251 569 1272 suum
591 1243 684 1273 vobis
703 1247 734 1273 et
755 1243 862 1273 eidem
883 1244 1084 1274 monasterio
1107 1245 1251 1283 patroci-

242 1294 335 1323 nium
345 1294 637 1325 substrabentibus
649 1295 823 1333 dispendia
832 1304 897 1325 non
907 1296 1035 1326 modica
1046 1297 1249 1327 incurristis.

242 1346 327 1383 Quia
341 1355 427 1379 vero,
444 1346 529 1376 sicut
543 1347 705 1382 asseritis,
721 1347 809 1378 idem
825 1349 1066 1378 monasterium
1079 1358 1168 1379 nunc
1185 1359 1249 1380 non

242 1403 291 1429 est
307 1408 406 1438 super
422 1400 601 1429 multorum
620 1400 816 1431 clericorum
835 1401 1037 1431 secularium
1060 1403 1250 1440 provisione

243 1458 425 1491 gravatum,
444 1459 475 1484 et
493 1455 623 1493 expedit
641 1456 747 1494 ipsius
766 1456 915 1492 utilitati,
934 1461 965 1486 et
980 1456 1172 1496 hujusmodi
1188 1458 1250 1488 cle—

242 1506 302 1536 rici
319 1511 350 1536 et
366 1507 506 1537 maxime
523 1508 644 1546 ydonei
661 1509 701 1537 ad
717 1508 945 1539 defensionem
957 1510 1085 1548 jurium
1102 1511 1249 1549 ejusdem

240 1559 436 1589 liberalibus
452 1559 624 1590 benefieiis
641 1561 836 1597 invitentur,
855 1570 930 1597 nos,
949 1563 1069 1592 vestris
1083 1563 1250 1601 supplica-

243 1612 389 1642 tionibus
405 1612 570 1648 inclinati,
588 1617 623 1643 ut
640 1613 738 1644 liceat
754 1615 858 1650 vobis,
877 1619 1000 1645 statuto
1016 1620 1047 1645 et
1059 1616 1249 1655 juramento

242 1666 398 1703 predictis
429 1675 639 1705 nequaquam
667 1667 891 1704 obstantibus,
921 1668 1090 1707 aliquibus
1119 1670 1248 1700 idoneis

241 1718 371 1748 clericis
387 1719 425 1748 de
444 1719 538 1748 bonis
552 1724 582 1748 ct
599 1720 784 1750 redditibus
800 1721 995 1750 monasterii
1010 1722 1112 1751 vestri
1129 1731 1192 1760 que
1209 1723 1250 1752 ad

240 1770 450 1801 collationem
466 1776 609 1801 vestram
626 1773 807 1810 pertinent,
829 1778 924 1811 prout
946 1774 1093 1813 ejusdem
1109 1775 1249 1805 utilitati

240 1824 393 1862 expedire
407 1824 569 1859 videritis,
585 1825 620 1854 in
633 1826 865 1863 personalibus
878 1826 1051 1856 beneficiis
1062 1827 1246 1865 providere,

240 1877 435 1906 auctoritate
457 1878 548 1906 vobis
567 1878 772 1916 presentium
788 1879 1016 1916 indulgemus,
1036 1884 1067 1910 et.
1083 1890 1139 1910 vos
1156 1890 1174 1910 a
1193 1881 1248 1920 ju-

241 1934 387 1959 ramento
407 1930 553 1967 predicto
571 1931 704 1968 penitus
721 1931 945 1967 absolventes,
965 1933 1174 1963 decernimus
1190 1942 1247 1964 vos

239 1983 279 2011 ad
294 1982 560 2012 0]1›se1·vationem
582 1984 698 2013 statuti
723 1984 914 2023 hujusmodi
931 1994 997 2015 non
1018 1987 1136 2016 teneri.
1154 1987 1248 2017 Nulli

238 2039 298 2065 etc.
317 2040 428 2066 nostre
447 2037 672 2067 concessionis
689 2041 749 2067 etc.
768 2038 842 2067 Dat.
861 2039 1033 2074 Laterani,
1051 2041 1080 2070 V
1099 2039 1173 2070 idus
1191 2040 1247 2070 de-

237 2088 390 2123 cembris,
410 2098 495 2119 anno
511 2090 628 2128 primo.
649 2102 661 2116 »

305 2266 391 2294 9¹⁹2

270 2327 377 2353 Abbati
400 2327 430 2354 S.
446 2328 572 2355 Dionisii
586 2330 614 2356 in
639 2329 759 2357 Francia
779 2331 909 2365 mandat,
926 2332 1063 2366 quatinus
1085 2337 1200 2360 revocet
1215 2334 1243 2360 in

236 2383 323 2409 regno
346 2375 483 2403 Franciae
505 2378 597 2411 legata
619 2387 635 2404 a
654 2386 685 2404 se
702 2378 928 2414 innocentioque
953 2389 1025 2415 papa
1040 2380 1082 2406 IV
1098 2381 1244 2416 aliquibus

234 2424 378 2458 deputata,
392 2425 435 2451 sic
446 2426 620 2453 defraudatis
633 2427 774 2461 religiosis
784 2428 918 2454 domibus
929 2429 1188 2464 pauperum.(REo.
1197 2431 1242 2465 24,

233 2480 259 2498 c.
276 2472 336 2504 739,
356 2473 375 2499 f.
395 2474 467 2506 107.)

762 2268 874 2302 Latran,
892 2269 907 2296 6
925 2269 1077 2296 decembre
1097 2271 1172 2298 1255.

275 2585 287 2599 »
309 2597 340 2608 ..,
359 2574 460 2603 abbati
479 2576 587 2604 Sancti
603 2577 735 2606 Dionisii
753 2579 784 2606 in
803 2578 952 2613 Francia,
972 2579 1155 2609 Parisienst's
1175 2581 1242 2610 dio-

232 2627 315 2655 cesis.
335 2626 426 2656 Sicut
449 2636 486 2656 ex
505 2632 596 2665 parte
613 2629 779 2658 carissimi
799 2630 833 2658 in
851 2630 984 2660 Christo
1000 2631 1062 2660 filii
1079 2633 1185 2662 nostri

232 2679 374 2709 illustris
396 2681 484 2717 regis
506 2682 659 2717 Francie,
685 2683 748 2712 fuit
768 2684 973 2722 propositum
996 2694 1106 2715 coram
1126 2686 1238 2722 nobis,

232 2732 430 2770 quibusdam
453 2734 486 2762 in
506 2744 606 2771 regno
628 2736 765 2766 Francie
781 2745 839 2774 per
855 2737 1013 2775 quosdam
1031 2743 1237 2775 executores,

232 2785 271 2813 ad
293 2784 353 2815 hoc
373 2785 560 2824 deputatos,
578 2787 686 2817 felicis
710 2789 948 2819 recordationis
972 2791 997 2819 Ι.
1021 2800 1105 2829 papa
1122 2792 1240 2829 prede-

231 2846 342 2867 cessor
365 2843 476 2868 noster
497 2843 528 2868 et
551 2848 610 2870 nos
633 2841 768 2870 concedi
790 2841 1022 2872 mandavimus
1044 2843 1239 2875 indistincte

231 2889 349 2927 legata,
362 2895 496 2930 propter
512 2892 598 2930 quod
614 2902 680 2922 non
693 2893 859 2923 modicum
874 2894 1000 2933 deperit
1011 2896 1238 2928 voluntatibus

1336 308 1545 342 testatorum,
1564 306 1642 336 dum
1664 316 1722 346 per
1741 312 1932 339 executores
1954 309 2087 340 eosdem
2108 310 2236 341 fraudis
2259 319 2344 342 non-

1335 366 1507 396 nunquam
1525 359 1751 391 intercedente
1763 365 1913 391 comento
1925 361 2080 400 religiose
2091 362 2207 393 domus
2217 372 2343 402 paupe-

1334 418 1408 439 rum
1429 414 1460 440 et
1482 410 1540 440 alii
1558 420 1720 450 pauperes
1744 413 1936 444 elemosinis
1959 414 2209 445 defraudantur.
2233 416 2343 453 Quare

1334 462 1423 492 idem
1440 471 1496 492 rex
1518 464 1615 502 petiit
1635 473 1734 503 super
1756 465 1817 495 hoc
1839 474 2022 504 congruum
2041 467 2226 497 remedium
2246 467 2344 498 adhi-

1334 514 1416 545 beri.
1438 515 1486 546 Ne
1505 516 1608 554 igitur
1626 517 1681 556 pia
1703 517 1934 549 defunctorum
1950 519 2129 550 frustretur
2147 520 2290 551 intentio
2306 525 2341 551 et

1335 567 1486 598 vivorum
1502 568 1631 599 devotio
1653 570 1770 600 exinde
1788 571 1997 609 refrigescat,
2015 572 2211 603 mandamus
2231 573 2343 612 quati-

1335 628 1398 649 nus
1414 622 1647 652 concessiones
1659 622 1850 662 hujusmodi
1861 623 2056 662 legatorum,
2068 625 2130 654 sub
2143 634 2342 665 quacunque

1334 673 1440 702 forma
1454 673 1630 704 verborum
1643 675 1775 706 obtente
1791 676 1929 711 fuerint,
1947 677 2143 708 auctoritate
2156 681 2269 708 nostra
2283 687 2343 717 pe-

1334 726 1425 756 nitus
1440 735 1595 757 revocare
1612 736 1780 766 procures.
1799 728 1960 760 Inhibens
1974 730 2205 761 executoribus
2224 739 2342 770 supra-

1334 778 1431 808 dictis
1447 783 1483 808 ut
1497 779 1533 808 in
1549 781 1764 811 concessione
1778 790 1836 811 seu
1850 782 2077 820 assignatione
2093 783 2277 821 legatorum
2289 783 2342 823 ip-

1334 840 1446 861 sorum
1463 833 1658 864 auctoritate
1679 833 1867 864 litterarum
1887 835 2142 874 apostolicarum
2165 845 2264 875 super
2279 836 2343 867 hoc

1334 884 1535 915 directarum
1551 885 1592 915 ad
1607 895 1662 916 eos
1679 886 1891 925 aliquatenus
1910 896 1975 917 non
1995 888 2184 926 procedant.
2202 888 2343 919 Contra-

1334 936 1475 968 dictores
1495 942 1554 968 etc.
1575 939 1650 969 Non
1672 939 1824 970 obstante
1845 940 1874 970 si
1895 940 2064 979 aliquibus
2083 959 2132 970 —.
2153 942 2227 971 Dat.
2244 941 2343 972 Late-

1334 990 1418 1026 rani,
1436 991 1518 1021 VIII
1533 991 1608 1022 idus
1624 992 1820 1028 decembris,
1839 1001 1925 1023 anno
1943 994 2061 1032 primo.
2081 1006 2094 1020 n

1404 1142 1492 1171 918
1862 1144 1975 1177 Latran,
1993 1146 2008 1172 5
2021 1145 2174 1172 decembre
2192 1145 2268 1173 1255.

1370 1204 1469 1237 Paulo,
1486 1205 1581 1232 abbati
1596 1207 1763 1233 monasterii
1779 1206 1808 1234 S.
1826 1206 1945 1234 Vedasti
1963 1208 2176 1241 Atrebatensis‚
2193 1209 2291 1236 causis
2305 1208 2342 1235 ab

1333 1253 1491 1287 apostolica
1508 1254 1581 1280 Sede
1597 1258 1625 1280 et
1639 1255 1798 1289 legatorum
1814 1256 1981 1283 commissis
2000 1260 2133 1290 gravato,
2150 1257 2295 1292 indulget,
2310 1260 2342 1284 ut.

1333 1310 1381 1329 eas
1398 1311 1576 1337 cognoscere
1594 1312 1648 1330 non
1665 1308 1797 1331 teneatur
1811 1305 1920 1331 invitus
1947 1305 2030 1338 (Rea.
2046 1305 2090 1337 24,
2108 1313 2134 1332 c.
2148 1306 2208 1333 740.
2222 1306 2240 1332 f.
2258 1306 2342 1340 107¹.)

1375 1409 1387 1423 «
1406 1398 1514 1433 Paulo,
1540 1399 1641 1427 abbati
1661 1400 1842 1428 monasterii
1861 1400 1968 1429 Sancti
1991 1400 2108 1430 Vedasti
2123 1401 2339 1436 Atrebatensis,

1332 1451 1371 1480 ad
1392 1452 1561 1480 Romanam
1586 1453 1749 1482 Ecclesiam
1773 1454 1860 1483 nullo
1884 1454 1982 1483 nzedio
1997 1455 2196 1491 pertinentis,
2221 1454 2341 1484 ordinis

1331 1505 1432 1533 sancti
1446 1505 1610 1534 Benedicti.
1628 1504 1815 1543 Religionis
1831 1505 1925 1536 favor
1940 1510 1972 1536 et
1991 1510 2046 1536 tue
2069 1506 2254 1537 devotionis
2271 1515 2342 1538 me-

1331 1556 1396 1586 rita
1414 1566 1473 1587 nos
1494 1557 1672 1593 inducunt,
1690 1562 1727 1587 ut
1751 1562 1781 1588 te
1802 1558 1926 1589 favoris
1946 1567 2188 1598 prosequamur
2202 1559 2340 1590 benivo-

1331 1609 1435 1639 lentia
1455 1610 1621 1648 specialis.
1645 1611 1730 1641 Sane
1747 1616 1803 1641 tua
1821 1611 1917 1641 nobis
1936 1611 2083 1642 exhibita
2102 1612 2217 1651 petitio
2233 1611 2341 1643 conti-

1332 1663 1442 1697 nebat,
1461 1663 1558 1702 quod,
1576 1667 1726 1702 pretextu
1742 1673 1917 1694 causarum
1931 1674 1995 1704 que
2012 1665 2072 1694 tibi
2087 1673 2146 1703 per
2161 1665 2339 1704 apostolice

1333 1716 1428 1746 Sedis
1453 1720 1483 1746 et
1507 1716 1691 1753 legatorum
1715 1717 1822 1755 ipsius
1847 1716 1977 1747 litteras
1999 1718 2267 1754 committuntur,
2284 1722 2340 1748 tue

1331 1768 1476 1798 demitur
1494 1769 1616 1799 mentis
1633 1770 1859 1809 tranquillitas
1876 1774 1907 1800 et
1927 1775 2020 1800 tuum
2035 1771 2186 1801 redditur
2205 1779 2340 1801 monas-

1330 1821 1452 1850 terium
1473 1822 1656 1860 dispendiis
1677 1827 1900 1860 aggravatum.
1926 1824 1993 1854 Nos
2016 1824 2134 1862 igitur,
2153 1824 2259 1863 quieti
2283 1829 2338 1854 tue

1331 1874 1504 1904 consulere
1518 1884 1555 1904 ac
1570 1875 1658 1905 idem
1674 1876 1913 1906 monasterium
1927 1885 1945 1906 a
1961 1877 2211 1914 gravaminibus
2225 1877 2261 1906 in
2276 1876 2339 1907 hac

1329 1930 1421 1964 parte
1437 1935 1630 1965 preservare
1646 1927 1805 1963 volentes,
1825 1932 1861 1958 ut
1877 1928 1915 1958 de
1932 1929 2042 1959 causis
2057 1929 2249 1969 hujusmodi
2266 1938 2338 1969 cog-

1331 1988 1466 2009 noscere
1489 1983 1519 2009 et
1538 1979 1579 2009 ad
1596 1980 1803 2017 citationem,
1828 1980 2131 2018 denunciationem,
2154 1982 2205 2012 vel
2223 1991 2337 2013 execu-

1330 2032 1453 2062 tionem
1470 2032 1617 2071 aliquam
1631 2031 1819 2063 litterarum
1837 2034 1985 2072 ipsarum
2004 2035 2199 2065 auctoritate
2215 2035 2338 2066 facien-

1329 2085 1404 2114 dam
1421 2094 1486 2115 non
1505 2086 1651 2116 tenearis
1667 2086 1809 2122 invitus,
1828 2087 2023 2117 auctoritate
2048 2088 2110 2117 tibi
2131 2088 2338 2127 presentium

1329 2138 1555 2177 indulgemus,
1578 2140 1644 2169 nisi
1665 2139 1780 2170 eodem
1803 2140 1981 2178 apostolice
2003 2140 2113 2171 littere
2134 2141 2276 2171 fecerint
2297 2140 2337 2171 de

1328 2191 1390 2221 hac
1408 2192 1617 2230 indulgentia
1636 2193 1851 2223 mentionem.
1873 2193 1966 2223 Nulli
1987 2197 2048 2223 etc.
2066 2197 2178 2224 nostre
2201 2202 2336 2224 conces-

1329 2245 1434 2275 sionis
1456 2250 1516 2275 etc.
1546 2246 1763 2276 Presentibus
1788 2250 1860 2284 post
1888 2246 2157 2285 quinquennium
2181 2250 2242 2277 etc.
2259 2247 2334 2277 Dat.

1328 2298 1495 2334 Laterani,
1513 2299 1611 2329 nonis
1628 2299 1822 2334 decembris,
1842 2307 1928 2328 anno
1944 2299 2061 2338 primo.
2081 2311 2095 2326 n

1397 2450 1486 2477 919

1362 2511 1558 2538 Scholasticae
1569 2533 1575 2544 ,
1592 2512 1769 2545 abbatissae,
1793 2516 1821 2539 et
1845 2513 1999 2539 conventui
2022 2511 2189 2539 monasterIi
2205 2520 2246 2539 ss.
2263 2511 2335 2547 Phi·

1325 2560 1393 2595 lippi
1411 2563 1439 2586 et
1453 2560 1554 2586 Jacobi
1571 2560 1720 2593 Fanensis,
1739 2561 1848 2588 ordinis
1865 2570 1888 2588 s.
1908 2561 2048 2595 Damiani,
2066 2561 2171 2596 quibus
2190 2561 2328 2595 Adjmus,

1324 2610 1480 2643 episcopus
1498 2609 1649 2643 Fanensis,
1665 2613 1794 2644 quartam
1812 2610 1855 2636 vel
1872 2611 1983 2636 tertiam
2001 2613 2110 2644 partem
2127 2618 2241 2640 eorum.
2257 2617 2332 2644 quae

1324 2657 1388 2683 istis
1404 2659 1431 2684 in
1450 2658 1547 2684 ultima
1564 2659 1708 2685 voluntate
1724 2659 1933 2693 relinquantur,
1946 2659 2105 2686 secundum
2122 2659 2250 2693 regionis
2263 2666 2330 2685 con-

1324 2706 1507 2732 suetudinem
1528 2710 1556 2733 et
1571 2708 1690 2734 canonis
1708 2708 1851 2742 justitiam
1871 2708 1964 2734 eidem
1980 2708 2116 2742 episcopo
2139 2707 2330 2742 pertinentem

1323 2755 1510 2788 condonavit,
1533 2756 1606 2782 hanc
1629 2756 1811 2783 donationem
1837 2756 2000 2789 confirmat,
2018 2760 2146 2782 tenorem
2169 2756 2328 2782 litterarum

1322 2804 1451 2839 episcopi
1469 2805 1632 2831 inserendo.
1653 2805 1734 2837 (Rae.
1751 2805 1795 2840 24,
1808 2814 1833 2832 c.
1851 2806 1912 2837 741,
1926 2805 1944 2831 f.
1959 2805 2038 2836 1107’;
2059 2805 2203 2832 Porruasw
2222 2804 2326 2838 16126.)

1837 2450 1949 2484 Latran,
1970 2451 1997 2477 111
2013 2450 2165 2476 decembre
2184 2450 2261 2477 1255.

1364 2910 1375 2924 ι(
1399 2921 1431 2933 ..,
1450 2899 1608 2935 abbatisse,
1628 2905 1654 2928 ct
1673 2901 1838 2929 concentui
1858 2900 2038 2929 monasterii
2057 2904 2234 2929 sanctorum
2251 2899 2328 2928 Plu·-
