2441 3330
979 200 1202 238 PREMIERE
1223 200 1382 237 ΑΝΝΕΕ.
2171 207 2226 237 159

135 276 228 312 tenti,
249 276 288 306 ab
311 274 599 305 administratione
622 272 849 311 spiritualium
865 276 896 302 et
912 271 1143 309 temporalium

136 330 289 359 noverint
311 337 345 359 se
364 336 554 366 suspensos⁷
573 331 604 357 et
619 327 647 356 si
665 326 754 355 infra
771 325 853 355 alios
868 334 924 354 sex
942 333 1074 354 menses
1091 333 1143 353 se-

137 386 276 421 quentes
297 380 489 419 hujusmodi
511 379 679 417 suscipere
695 386 816 407 munus
835 376 1036 411 distulerint,
1054 377 1144 414 capi-

136 434 215 468 tula,
234 433 371 471 collegia
391 437 421 462 et
437 437 619 462 conventus
636 431 677 461 ad
693 440 774 469 quos
794 430 910 459 electio
930 429 1073 467 pertinet
1089 438 1144 459 eo—

137 486 287 516 rumdem
307 485 447 515 liberam
467 484 662 514 auctoritate
684 487 796 512 nostra
811 481 1005 520 providendi
1022 481 1087 509 sibi
1105 481 1144 510 de

137 539 213 568 aliis
229 538 373 568 habeant
391 537 599 571 facultatem,
618 529 760 565 nos'tuis
777 533 1075 572 supplicationibus
1091 533 1144 561 in-

136 591 267 621 clinati.
288 590 455 620 devotioni
474 594 530 618 tue
552 588 639 627 quod
657 588 764 617 dictus
784 587 947 617 terminus
969 585 1072 615 donec
1094 585 1144 614 di—

137 644 241 674 lectus
260 643 350 673 filius
367 666 399 677 ..,
418 642 541 672 electus
560 642 749 674 Ravennas,
767 638 1040 676 metropolitanus
1055 642 1142 672 tuus,

137 697 195 736 qui
211 697 245 725 in
268 695 406 726 ecclesie
423 693 569 724 servitiis
589 696 736 722 moratur
755 692 795 721 ad
814 700 966 729 presens,
990 690 1030 719 ad
1050 698 1145 719 suam

138 749 313 779 ecclesiam
337 750 537 780 revertatur,
562 745 616 774 cui
642 744 794 774 volumus
818 752 943 773 morem
969 751 1082 780 gerere
1108 750 1145 771 ac

138 809 313 840 personam
334 799 441 837 ipsius
466 799 501 828 in
525 797 785 828 consecrationis
808 801 862 826 tue
887 805 1025 825 munere
1040 795 1145 824 hono-

138 862 226 888 rare,
244 853 305 882 tibi
324 861 389 882 non
407 855 528 886 currat,
546 850 738 889 hujusmodi
758 858 822 879 non
841 849 993 878 obstante
1009 851 1142 883 statuto,

137 906 333 935 auctoritate
355 904 562 943 presentium
588 902 812 940 indulgemus.
835 901 927 932 Nulli
948 905 1009 931 etc.
1033 904 1145 930 nostre

137 957 363 988 concessionis
381 962 440 987 etc.
460 957 533 986 Dat.
551 955 702 993 Neapoli,
720 956 750 984 X
766 954 924 984 kalendas
937 953 1037 992 junii,
1058 961 1145 982 anno

138 1011 254 1049 primo.
272 1023 284 1036 n

209 1183 297 1211 545

175 1244 469 1279 compromissionem
491 1245 564 1269 inter
584 1242 757 1274 «Iohannem,
773 1241 924 1270 decanum,
946 1247 974 1266 et
989 1240 1146 1274 capitulum

141 1295 338 1321 Bituricenses
362 1302 377 1319 a
400 1292 546 1326 magistris
569 1290 721 1318 Girardum
746 1290 780 1316 de
805 1289 939 1316 Virsione
962 1292 990 1315 et
1014 1288 1147 1314 Johanne

142 1345 235 1378 priore
251 1351 275 1370 s.
294 1342 395 1369 Ursini
412 1340 604 1367 Bituricensis
620 1347 719 1365 mense
736 1338 899 1365 novembris
914 1345 988 1364 anno
1004 1336 1148 1363 MCCLIII

140 1397 243 1426 actam,
260 1392 345 1426 cujus
366 1391 493 1416 decanus
515 1393 543 1415 et
563 1388 720 1423 capitulum
742 1387 987 1414 confirmationem
1008 1395 1024 1412 a
1045 1385 1148 1412 litteris

139 1441 248 1468 mensis
282 1441 381 1466 martis
410 1437 568 1464 MCCLIIII
594 1437 793 1472 postulabant,
819 1436 970 1462 confirmat
994 1439 1022 1462 et
1051 1435 1146 1462 refert-

136 1490 220 1521 (Rea.
236 1489 281 1518 24,
298 1497 325 1515 0.
342 1488 403 1521 451,
420 1487 439 1513 f.
458 1487 527 1518 63v.)

725 1178 851 1212 Anagni,
868 1178 899 1204 ‘27
913 1178 976 1212 juin
996 1177 1073 1203 1255.

181 1604 193 1617 «
212 1593 252 1626 J.‚
271 1591 399 1624 decano,
418 1595 442 1618 et
459 1589 594 1626 capitulo
609 1588 860 1617 Bituricensibus.
881 1587 927 1616 Ea
945 1595 1008 1625 que
1021 1586 1148 1625 judicio

138 1649 197 1674 etc.
218 1653 323 1682 usque
342 1653 347 1672 :
365 1641 575 1673 communiri.
594 1641 677 1672 Cum
693 1641 817 1679 itaque,
838 1640 923 1670 sicut
940 1640 1024 1670 lecta
1038 1648 1149 1670 coram

139 1697 235 1727 nobis
252 1701 363 1727 vestra
378 1696 494 1734 petitio
509 1694 709 1730 continebat,
728 1694 807 1724 oli'm
823 1694 910 1724 inter
926 1693 1091 1732 quondam
1108 1694 1145 1723 B.

139 1751 300 1780 decanum
320 1753 469 1792 vestrum
486 1758 523 1778 ex
539 1752 631 1786 parte
647 1756 715 1777 una
731 1751 762 1777 et
778 1756 851 1782 vos,
869 1747 930 1776 filii
946 1746 1145 1785 capitulum,

139 1813 177 1833 ex
193 1803 307 1837 altera,
329 1811 427 1841 super
448 1801 647 1840 quibusdam
662 1800 810 1839 juribus,
831 1800 1027 1835 redditibus,
1044 1800 1149 1839 juris-

139 1856 295 1890 dictione,
323 1865 359 1885 ac
387 1855 586 1893 quibusdam
617 1854 692 1883 aliis
718 1853 884 1888 articulis,
913 1857 984 1882 orta
1010 1852 1150 1882 materia

140 1909 344 1948 questionis,
365 1908 485 1938 fuisset
501 1916 600 1945 super
616 1907 683 1936 hiis
700 1911 765 1936 tam
783 1906 868 1943 apud
884 1906 1001 1936 Sedem
1019 1910 1150 1943 aposto-

141 1961 239 1992 licam
262 1971 360 2000 quam
383 1970 492 1990 coram
512 1960 682 2000 judicibus
708 1959 868 1997 delegatis
896 1959 936 1988 ab
963 1968 1001 1989 ea
1023 1959 1149 1988 diutius

142 2014 324 2052 litigatum,
343 2014 475 2043 tandem
493 2023 550 2052 pro
569 2013 654 2043 bono
670 2013 761 2051 pacis
779 2012 867 2042 idem
885 2012 1029 2042 decanus
1046 2017 1077 2042 et
1092 2021 1149 2041 vos

143 2066 325 2105 capitulum
341 2066 563 2104 supposuistis
579 2066 782 2096 ordinationi
798 2065 898 2094 trium
914 2065 1150 2094 canonicorum

143 2119 283 2149 ecclesie
299 2123 407 2149 vestre
425 2128 524 2157 snper
539 2119 694 2148 omnibus
713 2118 924 2156 supradictis,
942 2118 999 2156 qui
1017 2117 1056 2148 de
1072 2126 1150 2147 con-

144 2180 245 2201 sensu
271 2176 302 2201 et
328 2171 497 2200 voluntate
520 2171 696 2209 utriusque
723 2170 827 2208 partis
851 2170 1028 2208 quamdam
1053 2179 1152 2208 super

143 2223 211 2253 hiis
227 2223 472 2253 ordinationem
489 2225 656 2258 fecerunt,
674 2227 769 2261 prout
785 2223 819 2252 in
840 2223 961 2253 litteris
977 2223 1054 2253 inde
1073 2231 1151 2252 con-

144 2276 239 2306 sectis
254 2276 386 2314 plenius
401 2277 601 2311 continetur,
620 2285 718 2314 quam
731 2275 908 2313 apostolico
922 2276 1066 2314 petiistis
1082 2284 1151 2305 mu-

143 2328 270 2358 nimine
295 2328 455 2358 roborari.
485 2329 553 2358 Nos
578 2329 680 2366 igitur
707 2328 826 2358 vestris
852 2328 1150 2366 supplicationibus

143 2380 307 2416 inclinati,
326 2381 570 2410 ordinationem
587 2381 710 2419 ipsam,
730 2381 815 2410 sicut
831 2381 965 2419 provide
985 2381 1069 2410 sacta
1089 2384 1148 2414 est,

142 2434 337 2464 auctoritate
363 2433 543 2472 apostolica
565 2434 799 2463 confirmamus
821 2438 882 2463 etc.
904 2442 1010 2472 usque
1034 2443 1040 2461 :
1063 2442 1152 2462 com-

143 2486 324 2516 munimus.
339 2487 501 2517 Tenorem
516 2486 704 2516 litterarum
719 2487 867 2525 ipsarum
883 2485 1094 2524 presentibus
1113 2485 1151 2514 de

142 2539 242 2570 verbo
259 2539 299 2569 ad
314 2540 451 2569 verbum
468 2539 573 2570 inseri
591 2540 763 2574 facientes,
780 2539 837 2578 qui
854 2539 929 2569 talis
944 2543 992 2568 est
1011 2549 1017 2567 ε

908 2637 985 2663 Mars
1003 2636 1081 2663 1254.

187 2713 199 2727 α
221 2700 440 2730 Sanctissimo
456 2700 542 2738 patri
559 2709 595 2730 ac
612 2700 745 2730 domino
760 2699 957 2733 Alexandro,
971 2698 1032 2728 Dei
1049 2697 1155 2735 gratia

148 2765 160 2779 n
186 2761 314 2783 summo
328 2752 488 2791 pontifici,
505 2752 613 2782 devoti
628 2752 699 2791 ejus
714 2751 775 2780 filii
787 2751 958 2782 ,Iohannes
972 2750 1010 2780 de
1025 2749 1154 2780 Soliaco

149 2817 161 2831 n
187 2804 332 2835 decanus
347 2809 378 2835 et
393 2804 573 2843 capitulum
591 2804 818 2834 Bituricenscs
838 2804 954 2833 devota
969 2803 1087 2841 pedum
1102 2810 1156 2832 os-

150 2870 163 2884 »
188 2857 262 2888 cula
284 2857 467 2887 beatorum.
487 2858 587 2892 Cum,
612 2861 746 2887 vacante
767 2857 929 2886 decanatu
951 2854 1155 2886 Bituricensi

1227 283 1240 297 »
1266 281 1303 301 ex
1325 276 1429 303 morte
1451 273 1535 303 bone
1557 273 1714 303 memorie
1736 272 1971 302 Archenbaudi
1991 273 2156 311 quondam
2174 273 2225 303 de-

1227 335 1240 350 »
1265 325 1340 353 cani
1355 324 1418 354 loci
1435 325 1599 363 ejusdem,
1617 325 1888 355 constitutionem
1907 334 1965 355 seu
1983 325 2226 355 ordinationem

1228 388 1240 402 n
1266 377 1442 414 quamdam
1460 386 1558 415 super
1576 378 1649 416 jure
1667 378 1844 407 decanatus
1859 378 2046 417 juramento
2062 379 2226 408 firmatam

1228 440 1241 454 »
1266 438 1336 463 nos,
1351 429 1542 466 capitulum,
1556 431 1761 465 fecissemus,
1776 439 1915 468 cumque
1929 431 2125 468 superdicta
2135 439 2226 460 cons-

1228 492 1241 505 »
1267 481 1421 510 titutione
1451 490 1487 510 ac
1515 491 1613 519 super
1644 482 1785 519 quadam
1813 481 1878 511 alia
1904 482 2110 512 ordinatione
2140 483 2226 511 sacta

1228 544 1241 558 r·
1266 534 1473 570 postmodum
1489 534 1576 563 inter
1593 542 1651 563 nos
1665 533 1846 571 capitulum
1858 538 1886 562 et
1899 534 1981 563 bone
1994 534 2149 564 memorie
2161 543 2225 563 ma-

1229 596 1241 610 »
1267 585 1406 621 gistrum
1424 586 1654 619 Benedictum,
1678 590 1791 623 postea
1810 585 1970 615 decanum
1986 590 2151 619 nostrum,
2169 596 2227 624 per

1229 648 1242 663 »
1267 637 1474 667 venerabiles
1494 642 1603 675 patres
1623 637 1837 667 Guillelmum
1859 638 2023 675 quondam
2039 639 2227 677 episcopum

1229 701 1242 715 »
1268 690 1486 719 Sabinensem
1507 694 1537 719 et
1557 691 1692 719 fratrem
1708 691 1749 719 H.
1767 690 1856 718 tituli
1873 695 1983 719 sancte
2000 691 2120 720 Sabine
2136 700 2227 729 pres-

1229 753 1242 767 »
1266 741 1409 771 biterum
1424 742 1636 777 cardinalem,
1655 742 1740 771 sicut
1756 742 1883 771 dicebat
1899 742 1985 772 idem
2002 743 2156 778 decanus,
2170 753 2228 773 no—

1229 806 1242 820 »
1267 794 1329 829 bis,
1342 794 1496 832 capitulo,
1508 795 1543 823 in
1553 795 1756 824 contrarium
1765 795 2002 827 asserentibus,
2013 796 2097 833 quod
2107 796 2135 825 si
2144 796 2229 825 sacta

1229 859 1242 873 »
1267 847 1376 876 suerat
1394 847 1433 876 de
1447 856 1612 876 consensu
1628 851 1750 881 nostro,
1769 848 1855 876 sacta
1872 856 1935 876 non
1952 849 2059 876 suerat
2074 848 2125 877 vel
2136 857 2229 877 man-

1229 911 1242 925 »
1268 899 1353 933 dato,
1378 908 1438 929 nec
1460 899 1555 928 nobis
1582 908 1680 937 super
1704 899 1765 928 1100
1787 899 1929 928 evocatis
1955 903 1985 928 01
2010 899 2109 928 etiam
2133 908 2230 937 super

1229 963 1242 978 »
1268 952 1467 990 quibusdam
1481 951 1556 981 aliis
1571 951 1720 981 articulis
1738 952 1824 981 inter
1843 960 1901 980 nos
1918 951 2097 989 capitulum
2114 956 2144 981 et
2162 952 2230 981 dic-

1230 1017 1242 1031 n
1267 1010 1338 1035 tum
1361 1006 1398 1034 B.
1421 1005 1581 1034 decanum
1599 1008 1747 1034 nostrum
1766 1005 1932 1034 contentio
1948 1009 2139 1034 verteretur.
2159 1009 2231 1034 tan-

1230 1068 1243 1083 »
1268 1057 1341 1086 dem
1358 1061 1430 1094 post
1445 1056 1565 1085 multas
1580 1056 1811 1085 altercationes
1828 1059 1859 1084 ct
1875 1064 2034 1093 expensas
2051 1064 2115 1084 non
2132 1056 2231 1085 modi-

1230 1122 1243 1136 »
1269 1118 1323 1139 cas
1350 1109 1428 1138 hinc
1455 1109 1532 1138 inde
1560 1109 1679 1143 factas,
1705 1117 1774 1142 nos,
1800 1107 1991 1145 capitulum,
2017 1112 2047 1137 et
2067 1108 2173 1137 (1101115
2193 1108 2230 1137 B.

1230 1174 1243 1189 »
1269 1162 1425 1196 decanus,
1447 1162 1635 1200 juramento
1658 1161 1735 1190 hinc
1758 1161 1834 1190 inde
1856 1161 2008 1198 prestito,
2029 1165 2117 1190 certa
2133 1161 2232 1190 etiam

1231 1227 1243 1241 n
1269 1223 1353 1253 pena
1375 1214 1565 1252 pecuniaria
1593 1213 1751 1251 apposita.
1773 1213 1811 1242 (10
1835 1213 2044 1242 contentione
2064 1213 2151 1242 inter
2173 1222 2231 1241 nos

1231 1280 1244 1294 ))
1270 1267 1451 1306 capitulum
1468 1272 1499 1296 01
1514 1267 1623 1305 ipsum
1637 1271 1746 1296 exorta
1763 1275 1861 1303 super
1877 1266 2082 1295 ordinatione
2099 1276 2156 1303 per
2168 1266 2231 1294 (110-

1231 1333 1244 1347 »
1268 1325 1319 1350 105
1336 1320 1521 1350 cardinales
1537 1320 1623 1349 facta
1639 1323 1669 1349 et
1686 1319 1724 1349 de
1741 1319 2008 1348 contentionibus
2022 1319 2232 1357 quibuscum-

1232 1385 1244 1399 »
1270 1382 1332 1411 que
1356 1372 1590 1410 supposuimus
1613 1381 1671 1401 nos
1688 1371 1752 1401 alte
1769 1375 1799 1400 01
1815 1371 1910 1400 basse
1927 1371 2126 1400 ordinationi
2143 1371 2230 1400 viro—

1231 1438 1244 1452 »
1270 1435 1343 1455 rum
1370 1425 1610 1455 venerabilium
1642 1424 1874 1461 magistrorum
1902 1423 2057 1461 Phylippi
2087 1423 2230 1453 cantoris

1232 1490 1245 1504 »
1270 1477 1502 1512 Bituriccnsis,
1529 1477 1661 1506 Girardi
1687 1476 1910 1505 archidiaconi
1933 1475 2170 1513 Sygalonensis
2194 1476 2230 1504 in

1232 1543 1244 1557 »
1270 1531 1410 1561 ecclesia
1432 1529 1653 1568 Bituricensi,
1673 1529 1837 1559 ‚Iohannis
1855 1529 1975 1566 prioris
1994 1528 2098 1558 sancti
2115 1528 2231 1558 Ursini

1232 1596 1244 1610 »
1271 1582 1503 1617 Bituricensis,
1518 1582 1774 1620 subjuramento
1787 1585 1818 1610 01
1831 1590 1913 1618 pena
1927 1581 2082 1618 predictis
2094 1580 2233 1610 firmiter

1232 1648 1244 1662 ))
1269 1635 1499 1674 promittentes
1526 1643 1585 1663 nos
1612 1637 1800 1663 servaturos
1828 1633 1986 1671 quicquid
2012 1633 2090 1662 dicti
2116 1633 2232 1662 arbitri

1232 1702 1244 1716 ))
1270 1698 1369 1727 super
1394 1689 1491 1717 dictis
1519 1687 1787 1717 contentionibus
1814 1687 1970 1716 ducerent
1994 1687 2230 1721 ordinandum3

1232 1754 1245 1769 »
1270 1743 1348 1772 dum
1362 1746 1471 1771 tamen
1488 1741 1730 1770 ordinationem
1746 1748 1859 1769 eorum
1872 1748 1929 1777 per
1946 1739 2063 1769 Sedem
2079 1738 2234 1777 apostoli-

1232 1807 1246 1822 »
1271 1804 1343 1825 cam
1359 1794 1565 1831 contingeret
1578 1792 1778 1822 confirmari.
1793 1792 1881 1821 Dicti
1891 1800 1968 1822 vero
1982 1791 2233 1821 archidiaconus

1233 1860 1246 1875 n
1272 1852 1303 1878 et
1319 1849 1418 1886 prior,
1440 1848 1478 1877 de
1495 1856 1659 1876 consensu
1673 1846 1751 1875 (11011
1768 1845 1912 1875 cantoris
1929 1849 1959 1874 01
1970 1845 2041 1882 ipso
2057 1849 2163 1874 ratum
2180 1844 2233 1874 ha-

1233 1913 1247 1927 »
1271 1901 1369 1931 bente
1387 1905 1417 1930 et
1436 1901 1521 1929 dicte
1540 1899 1741 1929 ordinationi
1758 1898 1906 1936 sigillum
1925 1907 2021 1928 suum
2040 1901 2233 1935 apponente,

1234 1966 1247 1981 ))
1272 1953 1517 1984 ordinationem
1536 1961 1630 1981 suam
1652 1951 1861 1989 protulerunt
1882 1951 1942 1980 sub
1965 1951 2071 1980 forma
2092 1950 2234 1979 inferius

1234 2019 1247 2034 n
1273 2010 1445 2041 annotata,
1469 2014 1567 2044 quam
1587 2004 1798 2042 presentibus
1816 2003 1915 2033 verbo
1931 2003 1971 2033 ad
1989 2003 2125 2033 verbum
2141 2003 2234 2032 duxi-

1235 2073 1247 2087 »
1272 2070 1345 2090 mus
1364 2059 1577 2089 inserendam
1595 2068 1600 2086 :

1263 2110 1266 2114 '
1905 2102 2066 2128 Novembre
2086 2102 2162 2128 1253.

1274 2181 1287 2195 «
1306 2167 1482 2199 Universis
1496 2165 1706 2204 presentibus
1717 2164 1837 2194 litteris
1851 2163 2061 2201 inspecturis,
2079 2163 2235 2200 magister

1235 2233 1248 2248 »
1273 2220 1433 2251 Girardus
1447 2219 1485 2249 dc
1498 2218 1664 2251 Virsione,
1681 2216 1933 2246 archidiaconus
1949 2215 2187 2252 Sigalonensis,
2206 2219 2237 2243 et

1234 2285 1248 2301 n
1272 2273 1430 2311 magister
1449 2271 1619 2302 Johannes
1640 2270 1729 2308 prior
1747 2269 1853 2298 sancti
1869 2268 1986 2299 Ursini
2002 2267 2233 2301 Bituricensis,

1236 2338 1248 2353 »
1274 2326 1413 2355 salutem
1436 2325 1470 2353 in
1492 2323 1643 2353 Domino.
1668 2321 1836 2352 Noveritis
1853 2320 1955 2359 quod,
1977 2329 2051 2349 cum
2072 2320 2158 2349 inter
2180 2327 2235 2349 ve-

1235 2391 1248 2406 »
1274 2378 1440 2409 nerabiles
1456 2378 1544 2406 viros
1560 2376 1758 2413 magistrum
1774 2374 1991 2405 Benedictum
2007 2374 2167 2403 decanum
2183 2373 2235 2402 Bi-

1236 2444 1248 2459 »
1274 2432 1475 2462 turicensem
1498 2439 1535 2459 ex
1559 2438 1625 2459 una
1642 2432 1733 2467 parte
1756 2431 1788 2457 et
1807 2427 1954 2466 ejusdem
1973 2426 2037 2455 loci
2055 2425 2235 2463 capitulum

1236 2496 1249 2511 ³>
1274 2494 1311 2515 ex
1329 2484 1431 2513 altera
1448 2491 1546 2521 snper
1562 2481 1702 2511 diversis
1723 2479 1873 2510 articulis
1894 2479 1982 2509 inter
2004 2479 2092 2516 ipsos
2114 2477 2236 2507 habitis

1235 2549 1249 2563 n
1273 2536 1440 2567 contentio
1457 2538 1651 2568 verteretur,
1672 2538 1703 2563 et
1719 2542 1817 2571 super
1829 2532 1942 2562 eadem
1956 2531 2165 2561 contentione
2180 2539 2238 2568 per

1235 2602 1249 2616 ))
1273 2588 1481 2619 venerabiles
1501 2591 1611 2626 patres
1632 2585 1849 2616 Guillelmum
1869 2584 2033 2623 quondam
2050 2583 2237 2621 episcopum

1236 2654 1249 2669 ))
1275 2641 1493 2672 Sabinensem
1511 2644 1542 2670 et
1558 2640 1693 2669 fratrem
1706 2639 1878 2675 Hugonem
1892 2636 1980 2666 tituli
1994 2639 2105 2665 sancte
2117 2634 2237 2664 Sabine

1237 2707 1250 2721 n
1275 2694 1495 2733 presbiterum
1519 2691 1722 2721 cardinalem
1746 2690 1910 2720 ordinatio
1934 2690 2021 2718 facta
2042 2688 2177 2722 fuisset,
2201 2690 2238 2715 ut

1238 2759 1251 2774 »
1276 2747 1405 2776 dicebat
1430 2745 1591 2779 decanus,
1619 2753 1717 2782 quam
1746 2743 1875 2773 dicebat
1905 2742 2028 2771 dictum
2057 2738 2237 2777 capitulum

1239 2812 1252 2826 »
1277 2799 1451 2829 obscuram
1465 2797 1541 2827 etin
1556 2796 1669 2826 multis
1686 2794 1836 2825 articulis
1852 2793 2090 2827 declarandam,
2110 2799 2237 2821 necnon

1239 2864 1253 2879 η
1277 2852 1377 2882 etiam
1400 2849 1575 2880 ecclesiam
1595 2849 1630 2878 in
1656 2847 1770 2877 multis
1793 2855 1865 2877 esse
1890 2849 2068 2884 gravatam.
2093 2843 2238 2873 Tandem
