2498 3325
1000 198 1230 237 DEUXIEME
1252 199 1411 236 ANNEE.
2201 208 2254 239 461

237 273 353 301 1438

198 334 344 368 Indulget,
369 338 418 365 ut,
441 342 490 368 per
511 335 733 360 constitutiones
754 342 805 360 seu
823 338 929 360 statuta
950 334 1107 368 legatorum
1125 334 1167 360 vel

736 273 866 306 Anagni,
883 272 916 298 ‘38
932 274 999 298 aout
1019 271 1095 298 1256.

164 384 334 409 nunciorum
353 382 382 409 S.
401 382 496 414 Sedis,
514 383 575 408 sive
588 383 767 409 visitatorum
780 391 830 408 seu
844 383 1046 416 inquisitorum
1063 392 1078 409 a
1095 383 1168 409 Sede

164 433 367 458 mittendorum
383 432 493 465 eadem,
506 432 766 458 consuetudinibus
779 432 944 458 monasterii
962 433 991 458 S.
1012 432 1169 465 Augustini

163 481 381 507 cantuariensis
398 481 578 515 regularibus
599 485 625 506 et
644 480 787 510 honestis,
807 488 857 506 seu
875 481 1055 506 libertatibus
1071 485 1099 506 et
1117 482 1170 507 im-

164 531 354 556 munitatibus
367 530 396 557 S.
410 529 493 555 Sedis
506 530 614 555 nullum
631 530 837 563 praejudicium
851 533 1014 562 generetur.
1028 529 1111 561 (Rae.
1124 530 1168 559 ⁶24,

163 579 182 605 f.
204 580 262 610 199,
277 588 342 605 ann.
358 578 392 610 ΙΙ,
412 587 436 605 c.
456 577 540 610 383²)

205 693 218 707 α
245 703 276 716 ..,
303 681 404 709 abbati
430 684 455 708 et
482 680 648 708 conventui
672 680 852 707 monasterii
874 680 981 708 Sancti
1004 679 1171 716 *inflamini

165 734 414 766 Canlnariensis,
432 733 471 761 ad
486 734 652 761 Romanam
670 733 832 761 Ecclesiam
852 733 937 761 nullo
962 733 1058 761 medio
1074 733 1171 769 perti-

164 788 275 815 nentis.
294 787 414 815 ordinis
432 787 532 814 saneti
548 786 711 814 Benedicti.
728 785 920 815 Devotionis
939 789 1045 814 vestre
1065 794 1171 814 mere—

164 844 218 868 tur
234 856 282 867 —.
301 839 373 868 Dat.
392 838 554 876 Anagnie,
570 839 598 867 V
614 837 772 867 kalendas
788 837 995 875 septembris,
1015 846 1102 866 anno
1120 846 1172 867 se-

165 892 281 922 cundo.
304 905 315 918 »

239 1069 354 1097 1489
742 1068 871 1102 Anagni,
889 1067 920 1094 ‘27
937 1069 1006 1094 aeut
1026 1067 1101 1094 1256.

200 1132 326 1162 Inhibet,
345 1142 357 1154 (ι
375 1140 408 1157 ne
426 1130 630 1157 monachorum
648 1130 690 1156 vel
704 1130 880 1156 servientum
898 1129 990 1164 ipsius
1009 1129 1174 1155 monasterii

167 1181 345 1214 necessaria,
361 1188 417 1214 que
437 1179 562 1206 corr-edm
586 1179 741 1213 vulgariter
762 1182 976 1213 nuncupantur,
991 1179 1175 1204 conserantur

165 1228 250 1254 alicui
262 1229 311 1262 qui
327 1229 351 1262 ej
359 1227 457 1254 usdem
474 1226 640 1253 monasterii
652 1227 802 1260 obsequiis
815 1226 1004 1261 personaliter
1017 1230 1043 1252 et
1055 1226 1176 1252 fideliter

167 1285 222 1304 nou
239 1277 365 1303 insistat.
385 1288 396 1300 υ
415 1276 556 1309 (nmini.
575 1276 592 1302 f.
614 1277 673 1307 199,
691 1284 757 1302 ann.
775 1275 813 1308 11,
831 1284 856 1301 c.
875 1275 923 1303 384
940 1277 948 1308 )

209 1391 221 1405 ι(
249 1401 281 1413 ..,
308 1379 410 1407 abbati
433 1383 458 1406 et
484 1378 649 1406 conventui
671 1378 853 1406 monasterii
879 1378 986 1406 ,Sancti
1007 1378 1176 1414 Auqaslini

166 1431 411 1465 ΟαηιιηινίεήεῐεἼ
423 1435 456 1459 ut
471 1439 576 1467 supra.
596 1429 755 1459 Nolentes
773 1429 859 1468 quod
873 1434 1019 1459 vestrum
1033 1446 1082 1458 —.
1101 1430 1174 1458 Dat.

167 1483 330 1521 Anagnie,
348 1484 393 1513 VI
409 1483 569 1513 kalendas
587 1482 795 1521 septembris,
815 1491 901 1512 anno
918 1482 1074 1512 seeundo.
1095 1495 1107 1508 υ

242 1671 356 1699 1470

205 1732 275 1759 Cum
294 1733 367 1757 bona
383 1735 544 1758 conventus
561 1731 770 1757 monasteriis.
784 1731 944 1765 Augustini
961 1730 1177 1758 Cantuariensis

647 1669 774 1703 Anagni,
793 1669 831 1695 1er
846 1669 1009 1703 septembre
1028 1669 1105 1696 1956.

168 1791 184 1808 a
200 1781 284 1807 bonis
297 1781 408 1806 abbatis
426 1781 542 1806 minime
558 1780 614 1806 sint
629 1780 761 1809 discreta,
778 1780 912 1813 injungit,
930 1790 941 1802 υ
955 1783 994 1809 ut,
1008 1779 1178 1806 cedentibus

168 1830 212 1856 vel
233 1829 442 1855 decedentibus
467 1836 518 1854 seu
542 1828 745 1854 recedentibus
767 1833 815 1854 aut
838 1828 1055 1854 discedentibus
1077 1833 1178 1855 custo-

168 1879 254 1905 dibus
274 1878 463 1904 ecclesiarum
480 1898 486 1908 ,
510 1877 703 1903 maneriorum
725 1880 752 1902 et
768 1877 887 1902 aliorum
906 1877 1045 1903 bonorum
1065 1886 1179 1904 monas-

169 1927 233 1954 terii
252 1926 351 1957 vestri,
370 1934 426 1960 que
442 1928 659 1952 consueverunt
681 1933 731 1959 per
746 1925 877 1959 ejusdem
896 1926 1062 1952 monasterii
1080 1934 1179 1952 inona-

168 1977 240 2003 cbos
264 1975 436 2009 gubernari,
463 1974 577 2000 sublato
602 1974 760 2008 cujuslibet
784 1974 930 2000 dilationis
955 1978 983 2000 et
1005 1974 1179 2001 difficultatis

168 2026 333 2057 obstaculo,
360 2024 491 2050 custodia
518 2023 713 2058 predictorum
739 2023 888 2049 monachis
914 2023 982 2049 dicti
1014 2024 1179 2050 monasterii

170 2073 334 2107 fide-lignis,
350 2073 384 2098 de
401 2072 546 2099 communi
564 2072 720 2102 voluntate,
738 2076 822 2106 prout
836 2071 869 2097 ad
884 2080 933 2098 vos
951 2073 1082 2105 pertinet,
1100 2080 1180 2098 com-

170 2123 314 2155 mittatur,
329 2130 407 2151 cum,
425 2122 501 2147 sicut
519 2120 694 2155 accepimus,
714 2129 748 2146 ex
765 2129 879 2146 morosa
895 2121 1030 2147 dilatione
1046 2121 1179 2148 commit-

171 2172 247 2198 tendi
260 2170 438 2205 hujusmodi,
451 2170 604 2204 aliquando
617 2169 690 2196 idem
702 2169 908 2195 monasterium
922 2170 1060 2196 afficiatur
1071 2170 1179 2196 incom-

172 2220 265 2247 modis
278 2223 305 2246 ot
318 2220 452 2254 jacturis.
471 2230 482 2242 n
501 2218 583 2253 (Rea.
600 2218 644 2248 ⁵24.
662 2219 681 2245 f.
701 2219 760 2248 199,
778 2227 844 2245 ann.
862 2218 899 2252 11,
914 2227 939 2245 c.
958 2219 1030 2251 385.)

213 2335 225 2348 t(
252 2322 381 2351 Eisdem.
399 2321 481 2351 Cum
498 2320 584 2350 sieut
600 2320 752 2349 asseritis
767 2336 815 2348 —.
836 2321 909 2350 Dat.
933 2321 1095 2359 Anagnie,
1122 2321 1180 2350 ka-

170 2374 278 2405 lendis
295 2373 504 2412 septembris,
523 2382 610 2402 anno
629 2372 784 2402 secundo.
805 2385 818 2399 »

247 2553 355 2580 ¹421

208 2614 370 2641 Conventui
387 2615 410 2648 ej
419 2613 516 2640 usdem
535 2614 701 2639 monasterii
719 2613 839 2646 inhibet,
858 2622 892 2640 ne
908 2614 1056 2640 custodiae
1074 2615 1183 2640 vassal—

173 2663 264 2690 lorum
286 2661 451 2688 monasterii
473 2661 668 2688 concedantur
688 2661 721 2687 ad
744 2662 863 2688 firmam.
885 2661 967 2696 (Rau.
994 2662 1037 2694 ⁶24,
1060 2663 1079 2689 f.
1111 2664 1182 2695 199&

173 2710 437 2743 ann.11,c.386.)

752 2552 878 2587 Anagni,
896 2553 928 2579 27
948 2554 1015 2579 aout
1033 2554 1110 2580 1255.

216 2824 228 2839 α
254 2813 384 2841 Eisdem.
404 2811 481 2841 Paci
499 2815 529 2841 et
545 2811 650 2850 quieti
674 2812 774 2841 vestri
797 2813 991 2842 monasterii
1010 2813 1183 2843 consulere

175 2874 211 2895 ae
232 2865 339 2903 ipsius
363 2864 597 2902 indempnitati
621 2864 800 2894 salubriter
825 2874 999 2902 precavere
1022 2865 1181 2901 volentes,

1250 271 1343 301 vobis
1359 272 1393 300 in
1414 272 1534 301 virtute
1552 272 1739 303 obedientie
1756 274 1895 303 firmiter
1914 275 2117 310 inhibemus,
2137 285 2177 305 ne
2200 285 2258 313 per

1251 329 1292 359 te,
1313 325 1360 353 fili
1385 325 1497 359 abbas,
1519 326 1665 355 custodie.
1688 326 1859 361 heredum,
1884 328 2027 357 militum
2053 338 2110 358 seu
2136 329 2257 359 libero-

1251 386 1323 407 rum
1349 377 1399 407 vel
1424 377 1565 407 aliorum
1589 379 1807 408 vassallorum
1831 380 1909 409 dieti
1931 382 2124 411 monasterii
2145 383 2258 412 confe-

1250 434 1367 459 rantur
1399 439 1457 459 seu
1487 431 1709 461 concedantur
1741 432 1781 461 ad
1815 433 1943 462 firmam
1980 433 2030 463 rel
2070 434 2259 463 alienentur

1252 482 1413 511 deeetero.
1437 483 1471 511 in
1495 483 1694 520 pupillorum
1724 484 1871 522 ipsorum
1898 490 1927 515 et
1955 486 2034 515 dit-ti
2064 487 2259 516 monasterii

1252 534 1498 569 detrimentum,
1517 535 1623 565 sedin
1641 542 1816 567 consuetas
1833 542 1863 567 et
1883 538 2010 568 debitas
2028 539 2188 569 utilitates
2204 548 2259 576 po-

1252 588 1318 618 tius
1344 593 1594 625 convertantur,
1624 591 1789 619 Criniti-aria
1817 592 2057 622 consuetudine
2087 601 2151 622 non
2183 592 2259 622 obs-

1253 644 1353 670 tante.
1372 641 1463 670 Nulli
1481 645 1541 671 etc.
1563 646 1673 671 nostre
1690 642 1904 673 inhibitionis
1923 649 1983 673 etc.
2004 646 2076 674 Dat.
2095 646 2258 683 Anagnie,

1251 695 1297 724 VI
1314 694 1471 723 kalendas
1489 695 1697 732 septembris,
1717 705 1802 725 anno
1820 697 1973 727 secundo.
1997 710 2008 723 »

1329 893 1444 921 1422
1837 895 1962 929 Anagni,
1981 897 2009 923 31
2029 898 2096 923 aout
2116 898 2190 924 1256.

1291 954 1443 989 Praecipit,
1460 955 1598 989 quatinus
1614 955 1745 990 ejusdem
1760 958 1926 983 monasterii
1942 959 2182 990 consuetudine—S,
2195 959 2264 986 hac-

1255 1006 1339 1029 tenus
1356 1004 1524 1029 observatae
1540 1004 1567 1029 in
1584 1003 1681 1029 divino
1696 1005 1785 1034 cultu,
1804 1009 1872 1035 etc„
1888 1006 2091 1033 inviolabiliter
2107 1007 2262 1034 observen-

1256 1055 1311 1078 tur.
1330 1051 1413 1084 (Rau.
1432 1051 1481 1085 ⁶24,
1498 1053 1516 1078 f.
1538 1053 1610 1084 ivs-JV,
1630 1061 1697 1079 ann.
1718 1052 1759 1084 II,
1777 1061 1801 1079 c⁴
1819 1054 1891 1088 387.)

1299 1166 1310 1179 κ
1336 1155 1466 1183 Eisdem..
1486 1153 1669 1192 Speeialem
1686 1154 1847 1185 habentes
1864 1156 1904 1185 ad
1923 1174 1969 1185 —.
1994 1157 2077 1188 Cum
2095 1158 2208 1196 igitur,
2228 1162 2265 1189 ut

1257 1207 1455 1244 accepimus,
1474 1207 1615 1245 quedam
1632 1216 1743 1237 annua
1765 1208 1850 1238 festa
1870 1209 1904 1238 in
1922 1214 2031 1239 vestra
2055 1211 2195 1241 ecelesia
2212 1221 2265 1242 ce-

1256 1259 1438 1295 lebrentur,
1466 1269 1606 1298 quarum
1635 1260 1747 1298 aliqua
1773 1261 1987 1300 principalia,
2017 1264 2158 1302 quedam
2188 1273 2265 1294 vero

1258 1313 1353 1351 quasi
1372 1312 1580 1350 principalia,
1606 1313 1747 1351 quedam
1765 1318 1874 1343 autem
1891 1315 2036 1353 duplicia
2054 1321 2084 1346 et
2106 1317 2267 1348 nonnulla

1258 1365 1354 1403 quasi
1371 1365 1515 1402 duplicia
1533 1365 1714 1402 vulgariter
1731 1366 1949 1404 appellantur,
1971 1373 2001 1398 et
2021 1369 2055 1398 in
2074 1369 2266 1408 hujusmodi

1258 1427 1294 1447 ac
1308 1417 1384 1447 aliis
1401 1418 1640 1448 festivitatilssius
1657 1419 1889 1450 defunctorum
1913 1422 2154 1453 anniversariis
2172 1423 2265 1454 aliis-

1258 1481 1321 1509 que
1345 1471 1462 1501 diebus
1487 1476 1574 1501 certe
1598 1472 1665 1501 sint
1683 1474 1941 1504 consuetudines
1967 1475 2001 1504 in
2026 1476 2139 1506 divino
2163 1477 2264 1513 cultu,

1257 1525 1433 1554 refectorio
1450 1529 1481 1554 et
1495 1525 1720 1562 infirmitorio,
1745 1535 1762 1555 a
1784 1527 1876 1556 vobis
1900 1532 1930 1557 et
1952 1529 2071 1559 vestris
2092 1531 2265 1568 predeces-

1258 1577 1390 1607 soribus
1408 1577 1570 1607 hactenus
1593 1579 1770 1616 approbate
1795 1584 1825 1609 et
1847 1579 2060 1611 laudabiliter
2081 1583 2264 1620 observate,

1259 1640 1277 1660 a
1293 1635 1438 1669 tempore
1453 1631 1547 1670 cujus
1566 1632 1725 1661 memoria
1742 1642 1805 1662 non
1822 1633 1944 1667 existit,
1964 1635 2177 1666 universitati
2193 1646 2267 1667 ves-

1260 1688 1308 1714 tre
1328 1687 1533 1722 presentium
1559 1685 1754 1715 auctoritate
1777 1686 1812 1714 in
1838 1686 1961 1717 virtute
1986 1688 2173 1719 obedientie
2199 1690 2267 1720 dis-

1259 1737 1354 1766 tricte
1372 1737 1583 1774 precipimus,
1598 1737 1756 1776 quatinus
1773 1738 1963 1777 hujusmodi
1979 1744 2009 1769 et
2021 1740 2103 1771 alias
2121 1742 2268 1780 ejusdem

1259 1789 1455 1819 monasterii
1472 1790 1730 1820 eonsuetudines
1746 1791 1953 1829 approbatas,
1967 1792 2152 1823 laudabiles
2169 1799 2199 1824 et
2214 1804 2268 1824 an-

1261 1842 1385 1880 tiquas,
1407 1841 1647 1872 inviolabiliter
1670 1847 1700 1872 et
1725 1843 1924 1881 regulariter
1947 1845 2129 1876 observetis
2154 1857 2191 1877 ac
2213 1856 2268 1878 eas

1260 1899 1407 1924 vestrum
1429 1895 1550 1933 aliquis
1578 1895 1763 1933 iufringere
1794 1905 1859 1926 non
1888 1904 2067 1936 presumat.
2094 1900 2185 1930 Nulli
2207 1905 2267 1931 ete.

1262 1947 1367 1977 nostri
1385 1948 1530 1985 precepti
1550 1952 1610 1977 ete.
1630 1949 1704 1978 Dat.
1723 1950 1886 1987 Anagnie,
1906 1951 1937 1980 II
1952 1951 2110 1982 kalendas
2127 1957 2270 1991 septem-

1260 2000 1342 2036 bris,
1361 2009 1447 2030 anno
1465 2001 1620 2031 seeundo.
1642 2013 1656 2027 »

1338 2199 1453 2227 1423

1298 2260 1405 2286 Abbati
1427 2261 1559 2295 ejusdem
1582 2261 1748 2287 monasterIi
1770 2261 1987 2290 Cantuariensis
2008 2268 2036 2290 et
2051 2266 2273 2293 successoribus

1739 2200 1871 2234 Anagni,
1894 2201 1925 2228 1⁶2
1943 2203 2105 2237 septembre
2124 2204 2200 2230 1256.

1263 2309 1328 2343 ejus
1339 2309 1478 2343 indulget,
1492 2312 1522 2335 ut
1536 2310 1621 2344 pallas
1636 2310 1733 2336 altaris
1747 2314 1774 2336 et
1786 2311 1838 2336 alia
1852 2312 1925 2337 sacri
1939 2312 2091 2339 ministerii
2104 2315 2275 2342 vestimenta

1265 2358 1329 2383 usui
1359 2358 1527 2384 monasterii
1562 2359 1727 2385 necessaria
1757 2359 1927 2386 benedicere
1959 2361 2080 2390 valeant.
2113 2362 2199 2397 (Rea.
2229 2363 2273 2398 ⁶24,

1263 2406 1282 2432 f.
1304 2406 1376 2437 lssss‘,
1395 2415 1459 2432 ann.
1479 2406 1523 2440 ΙΙ,
1541 2415 1566 2432 c.
1585 2406 1658 2439 388.)

1307 2521 1319 2535 ι(
1344 2509 1475 2537 Eisdem.
1493 2508 1680 2546 Religionis
1698 2519 1735 2539 ex
1752 2510 1871 2540 intimo
1887 2528 1933 2540 —.
1955 2513 2026 2542 Dat.
2052 2514 2215 2552 Anagnis),
2240 2514 2271 2545 ΙΙ

1265 2561 1340 2591 idus
1359 2562 1569 2600 septembris,
1589 2571 1676 2592 anno
1693 2564 1849 2593 seeundo.
1868 2576 1879 2590 »

1342 2761 1458 2788 1424

1850 2764 1973 2798 Auagni,
1991 2766 2026 2790 lcr
2042 2768 2109 2792 aout
2129 2768 2204 2795 1256.

1304 2821 1399 2849 Unum
1425 2832 1530 2849 annum
1557 2828 1585 2850 et
1608 2825 1797 2858 quadraginta
1824 2826 1885 2852 dies
1910 2827 1944 2852 de
1970 2829 2143 2860 poenitentia
2169 2831 2277 2858 relaxat

1268 2872 1492 2906 poenitentibus,
1509 2873 1557 2906 qui
1574 2873 1607 2898 ad
1624 2873 1776 2900 ecclesiam
1793 2876 1959 2901 monasterii
1976 2876 2005 2902 S.
2020 2876 2179 2905 Eadmundi
2196 2883 2277 2913 eunt,
