2498 3325
956 205 1179 243 PREMIERE
1200 207 1359 245 ANNEE.
2147 221 2204 250 215

111 277 304 306 munionem
320 282 527 307 sacrosancte
549 278 697 307 Romane
721 278 815 308 Sedis
838 278 994 307 hahuerit
1020 282 1050 307 et
1080 287 1118 307 ea

111 329 203 359 vohis
224 328 363 359 voluerit
385 329 457 359 sine
479 330 641 368 pravitate
665 329 777 368 aliqua
794 330 962 359 exhibere.
982 330 1115 365 Adhec,

113 391 213 411 novas
230 386 261 411 et
277 381 441 411 indebitas
459 382 646 412 exactiones
668 382 707 412 ab
729 382 1005 420 archiepiscopis.
1031 383 1118 420 epis—

111 434 212 472 copis,
231 433 474 464 archidiaconis
495 443 554 464 seu
576 435 710 464 decanis
734 434 876 473 aliisque
895 435 1048 464 omnibus
1066 444 1118 464 ec-

111 487 307 517 clesiasticis
323 486 570 517 secularibusve
590 488 741 526 personis
759 497 776 517 a
799 487 892 517 vobis
917 487 988 517 fieri
1005 487 1118 525 prohi-

111 540 238 569 bemus.
264 539 414 569 Obeunte
438 549 515 570 vero
538 540 685 577 generali
710 544 835 570 rectore
858 544 978 575 vestro,
1006 539 1117 569 nullus

111 592 204 621 vobis
221 591 367 630 qualibet
385 592 604 630 surreptionis
622 593 742 622 astutia
756 602 815 622 seu
832 592 990 622 violentia
1006 601 1118 630 prepo-

112 648 220 678 natur,
233 644 298 673 nisi
312 653 410 682 quem
424 645 543 674 fratres
558 645 724 674 communi
736 654 901 675 consensu
913 644 964 674 vel
977 645 1118 673 fratrum

110 696 215 735 major
234 705 310 734 pars
332 696 465 726 consilii
486 697 629 727 sanioris
652 697 834 727 secundum
854 698 961 727 Deum
981 701 1012 727 et
1030 696 1118 726 beati

110 749 290 787 Augustini
302 749 450 786 regulam
463 750 667 787 providerint
681 750 881 787 eligendum.
896 750 974 780 Paci
988 758 1118 788 quoque

111 806 141 831 et
160 801 395 839 tranquillitati
418 805 526 831 vestre
549 806 685 839 paterna
708 802 742 831 in
762 806 931 840 posterum
955 801 1118 831 sollicitu-

110 855 186 884 dine
202 854 374 892 providere
388 854 546 889 volentes,
563 855 758 885 auctoritate
773 855 951 893 apostolica
966 854 1117 893 prohibe-

110 916 195 941 mus,
210 911 245 936 ut
261 907 349 936 infra
366 906 537 937 clausuras
554 907 725 936 domorum
741 912 927 937 vestrarum
944 907 1055 937 nullus
1069 916 1117 936 ra-

109 960 222 998 pinam
239 969 297 990 seu
313 960 438 989 furtum
455 960 575 994 facere,
594 959 704 997 ignem
722 969 901 998 apponere,
920 960 1118 998 sanguinem

110 1012 260 1047 fundere,
286 1012 455 1042 hominem
477 1016 600 1042 temere
629 1022 744 1050 capere
770 1012 822 1042 vel
843 1013 1031 1042 interficere
1059 1021 1118 1042 seu

110 1064 303 1095 violentiam
320 1064 437 1094 audeat
455 1073 617 1094 exercere.
636 1066 791 1095 Preterea
813 1074 927 1095 omnes
947 1065 1118 1095 libertates

111 1123 141 1147 et
174 1117 402 1147 immunitates
433 1126 450 1147 a
482 1117 773 1156 predecessoribus
804 1118 927 1148 nostris
957 1118 1118 1148 Romanis

110 1170 323 1208 pontificibus
338 1170 490 1199 domibus
506 1170 588 1208 ipsis
604 1178 789 1206 concessas,
806 1179 934 1200 necnon
947 1170 1118 1200 libertates

112 1228 142 1252 et
165 1223 389 1261 exemptiones
408 1222 609 1252 secularium
631 1223 875 1261 exemptionum
898 1233 916 1253 a
937 1223 1071 1261 regibus
1089 1227 1118 1252 et

111 1275 319 1314 principibus
342 1275 393 1305 vel
416 1275 491 1305 aliis
514 1275 668 1305 fidelibus
690 1275 934 1306 rationabiliter
951 1275 1044 1305 vobis
1067 1275 1119 1304 in-

113 1328 221 1357 dultas
249 1328 443 1357 auctoritate
462 1328 641 1366 apostolica
658 1328 891 1358 confirmamus
908 1332 968 1358 etc.
986 1337 1091 1366 usque
1111 1338 1117 1357 :

113 1381 367 1411 communimus.
386 1382 603 1411 Decernimus
615 1391 703 1419 ergo,
721 1386 756 1411 ut
768 1382 852 1411 nulli
866 1382 1001 1411 omnino
1017 1382 1119 1412 homi-

112 1444 191 1465 num
205 1434 301 1464 liceat
319 1435 464 1472 prefatas
481 1435 593 1464 domos
608 1439 730 1464 temere
747 1435 957 1472 perturbare,
975 1439 1031 1465 aut
1048 1435 1118 1474 ejus

110 1487 338 1526 possessiones
354 1487 494 1516 aufferre
509 1486 559 1516 vel
576 1487 702 1516 ablatas
718 1487 873 1522 retinere,
890 1487 1039 1517 minuere
1060 1497 1119 1517 seu

109 1539 314 1579 quibuslibet
339 1539 570 1569 vexationibus
593 1540 752 1577 fatigare,
781 1540 838 1570 sed
857 1540 968 1570 onmia
990 1540 1118 1577 integre

107 1597 347 1623 conserventur
363 1601 475 1622 eorum
494 1601 552 1630 pro
568 1601 708 1631 quorum
729 1593 969 1630 gubernatione
989 1602 1026 1623 ac
1044 1602 1118 1622 sus—

107 1645 290 1675 tentatione
309 1654 465 1674 concessa
482 1649 559 1674 sunt
575 1645 692 1674 usibus
713 1645 911 1675 omnimodis
932 1646 1116 1683 profutura.

109 1697 206 1727 Salva
237 1698 332 1727 Sedis
361 1697 538 1735 apostolice
565 1697 759 1727 auctoritate
785 1702 816 1727 et
839 1698 1007 1728 diocesani
1031 1698 1118 1736 epis-

109 1750 181 1788 copi
200 1750 357 1780 canonica
376 1750 518 1788 justitia.
540 1749 574 1779 Si
591 1759 655 1788 qua
671 1750 773 1787 igitur
789 1750 823 1779 in
848 1751 997 1779 futurum
1014 1750 1118 1780 eccle-

109 1803 244 1832 siastica
263 1802 463 1832 secularisve
480 1812 621 1840 persona
637 1802 721 1832 hanc
740 1807 850 1832 nostre
869 1803 1118 1833 constitutionis

108 1855 263 1894 paginam
287 1855 407 1885 sciens.
437 1860 497 1885 etc.
524 1864 629 1893 usque
655 1865 660 1883 :
689 1855 819 1885 ultioni.
850 1855 987 1886 Cunctis
1009 1860 1119 1885 autem

110 1913 171 1938 etc.
190 1917 294 1946 usque
313 1918 318 1936 :
337 1908 521 1937 inveniant.
538 1909 654 1937 Amen.
674 1909 788 1938 Amen.
810 1909 926 1938 Amen.

150 1963 223 1991 Dat.
246 1961 396 1998 Anagnie
414 1970 471 1999 per
489 1970 624 1990 manum
645 1961 818 1991 Guillelmi
839 1962 991 1999 magistri
1014 1962 1119 1991 scola-

111 2023 183 2043 rum
200 2013 402 2047 Parmensis,
417 2018 529 2043 sancte
544 2015 690 2043 Romane
710 2013 857 2043 Ecclesie
874 2014 1119 2052 vice[cancclla-

111 2067 184 2103 riiJ,
206 2067 290 2096 XIII
312 2066 471 2095 kalendas
490 2066 702 2104 septembris,
726 2066 908 2096 indictione
930 2068 1042 2102 XHIa,
1068 2067 1120 2096 in-

111 2119 315 2148 carnationis
332 2119 496 2148 dominice
510 2128 596 2148 anno
614 2119 796 2154 M0CC.LV‚
818 2120 1029 2157 pontificatus
1044 2130 1120 2150 vero

111 2171 237 2201 domini
254 2171 433 2201 Alexandri
450 2180 530 2209 pape
547 2172 614 2201 1111
634 2180 720 2200 anno
738 2172 855 2209 primo.
876 2185 888 2198 n

182 2349 270 2377 *215

112 2410 194 2441 (Rho.
210 2410 253 2440 2¹4,
268 2419 291 2436 C.
312 2411 371 2441 570,
391 2411 408 2436 s.
427 2411 494 2437 8ἴ)”.’1

153 2511 310 2549 Exposuit
328 2511 423 2540 nobis
441 2511 479 2549 (1)
500 2511 574 2550 (sic).

184 2688 272 2716 '21ss

150 2749 264 2776 Decano
290 2749 463 2776 l'ictaviensi
489 2750 618 2781 mandat,
639 2754 668 2776 ut
693 2750 726 2776 ad
753 2751 959 2785 providendum
985 2751 1120 2786 magistro

695 2689 820 2722 Anagni,
836 2689 867 2715 21
886 2690 952 2715 aoat
973 2689 1049 2715 1255.

143 2863 176 2893 (1)
193 2863 236 2887 Un
252 2864 331 2888 blanc
345 2871 360 2887 a
375 2864 417 2888 etc
434 2864 515 2888 laiss&
533 2871 602 2894 pour
617 2864 863 2895 l'enregistrement
880 2865 913 2889 de
929 2866 954 2889 la
967 2866 1049 2889 bulte.

1200 278 1326 306 «Iohanni
1355 281 1430 308 dicto
1454 282 1611 309 Sarraceno
1643 284 1670 310 in
1696 283 1804 310 diocesi
1829 284 2028 312 Lemovicensi
2056 288 2203 321 procedat.

1202 327 1285 359 (aaa.
1301 329 1345 360 24,
1363 337 1388 355 ο.
1407 330 1468 364 571,
1484 331 1503 358 f.
1521 331 1589 364 85¹⁷.)

1243 439 1255 453 c(
1325 429 1435 458 decano
1448 431 1644 465 Pictaviensi,
1661 434 1816 469 capellano
1827 440 1938 463 nostro.
1952 435 2100 466 Dilectus
2114 436 2203 467 filius

1200 480 1359 517 magister
1384 482 1570 518 Johannes,
1600 484 1707 513 dictus
1734 485 1950 521 Sarracenus,
1982 488 2203 519 subdiaconus

1201 536 1327 568 noster,
1353 534 1532 564 canonicus
1558 536 1819 572 Lemovicensis,
1844 538 1879 566 in
1900 543 2011 568 nostra
2035 542 2205 578 proposuit

1200 585 1369 622 presentia
1382 587 1593 622 constitutus,
1606 589 1701 625 quod,
1715 588 1792 618 licet
1804 589 1913 620 felicis
1927 592 2164 623 recordationis
2176 595 2202 623 Ι.

1200 645 1283 674 papa
1298 637 1511 675 predecessor
1527 644 1638 669 noster
1652 640 1771 670 dilecto
1783 641 1851 671 filio
1867 665 1899 677 ..,
1913 643 2035 673 decano
2052 645 2205 683 Engolis-

1200 689 1323 725 mensi,
1349 699 1447 728 super
1469 692 1657 729 provisione
1681 693 1745 730 ipsi
1767 694 1925 731 magistro
1947 695 1982 724 in
2001 697 2133 727 civitate
2153 698 2205 728 vel

1200 741 1323 771 diocesi
1347 743 1576 773 Lemovicensi
1594 744 1744 774 facienda
1759 745 1887 776 litteras
1908 749 2110 778 executorias
2131 750 2205 779 des-

1201 793 1356 829 tinasset,
1375 794 1482 824 dictus
1506 799 1615 825 tamen
1633 796 1869 833 subdiaconus,
1889 808 1946 836 pro
1963 808 1999 829 eo
2017 801 2102 838 quod
2118 802 2206 831 idem

1200 846 1413 884 predecessor
1428 852 1531 877 morte
1553 853 1731 886 preventus
1748 850 1872 885 extitit,
1889 851 2016 881 nullum
2035 861 2072 882 ex
2089 853 2206 892 hujus-

1201 899 1289 928 modi
1300 899 1421 929 litteris
1433 904 1482 930 est
1493 901 1700 931 commodum
1712 907 1895 933 assecutus.
1912 904 2055 943 Ideoque
2069 907 2206 936 manda-

1201 960 1275 981 mus
1293 956 1473 990 quatenus,
1492 953 1520 982 si
1542 958 1590 983 est
1606 954 1667 989 ita,
1687 955 1727 984 ad
1745 956 1983 993 providendum
2005 957 2112 987 eidem
2128 959 2207 988 sub-

1202 1004 1339 1034 diacono
1355 1005 1390 1034 in
1407 1006 1553 1043 predicta
1570 1007 1702 1037 civitate
1719 1007 1771 1037 vel
1793 1008 1927 1043 diocesi,
1942 1010 2099 1047 procedas
2114 1012 2207 1050 Juxta

1201 1057 1424 1095 predictarum
1450 1059 1690 1088 continentiam
1712 1059 1910 1090 litterarum.
1939 1062 2011 1091 Dat.
2037 1063 2204 1101 Anagnie,

1200 1110 1266 1139 XII
1281 1109 1441 1140 kalendas
1460 1111 1672 1149 septembris,
1691 1121 1778 1142 anno
1793 1113 1910 1151 primo.
1933 1126 1945 1140 »

1273 1284 1356 1312 *viv

1239 1345 1416 1371 Donationes
1431 1345 1565 1377 Bolezlai,
1578 1345 1732 1372 Cracoviae
1747 1351 1775 1372 et
1791 1346 1987 1374 Sandomniac
2003 1349 2096 1383 ducis,
2109 1351 2208 1385 hospi-

1802 1285 1927 1319 Anagni,
1946 1286 1961 1312 9
1976 1287 2041 1313 aoat
2061 1287 2136 1316 1255.

1200 1394 1247 1419 tali
1266 1402 1314 1428 per
1332 1395 1425 1428 ipsum
1441 1398 1608 1421 constructo
1626 1395 1653 1421 in
1673 1395 1777 1429 oppido
1797 1395 1958 1423 Zawichost
1974 1400 2205 1434 monasterioque

1201 1451 1358 1477 pauperum
1385 1442 1565 1469 dominarum
1591 1443 1700 1470 ordinis
1725 1452 1749 1471 s.
1774 1443 1914 1476 Damiani,
1939 1446 2069 1480 ejusdem
2093 1448 2204 1483 oppidi,

1201 1491 1291 1517 factas
1307 1491 1470 1517 Zawichost
1487 1490 1573 1517 XIIII
1590 1492 1725 1518 kalendas
1742 1493 1806 1518 maii
1818 1492 1955 1527 MCCLV‚
1973 1495 2125 1522 inserendo
2138 1505 2205 1523 con-

1201 1540 1302 1566 firmat.
1319 1539 1403 1573 (Rae.
1419 1540 1463 1573 ⁶24,
1481 1548 1507 1567 o.
1525 1540 1586 1574 57⁶2,
1605 1540 1623 1567 f.
1641 1540 1703 1571 85v;
1729 1540 1874 1568 Porrffls‘r
1891 1542 1998 1575 15986.)

1243 1654 1255 1667 «
1276 1642 1376 1670 Nobili
1392 1643 1459 1670 viro
1478 1642 1522 1675 B„
1542 1642 1683 1671 Cracovte
1703 1648 1727 1671 el
1745 1643 1925 1672 Sandomirt'
1943 1645 2025 1673 duci.
2050 1646 2095 1675 Ex
2114 1650 2205 1684 parte

1202 1699 1259 1723 tua
1268 1694 1330 1723 fuit
1343 1694 1548 1732 propositum
1560 1703 1669 1723 coram
1685 1695 1791 1731 nobis,
1805 1696 1891 1734 quod
1902 1701 1946 1732 tu,
1959 1707 2016 1735 pro
2028 1699 2206 1729 celestibus

1200 1747 1292 1776 felici
1308 1747 1504 1776 commercio
1522 1751 1653 1776 terrena
1669 1753 1887 1783 commutans,
1906 1750 2037 1780 cuidam
2051 1751 2207 1790 hospitali

1200 1809 1258 1838 per
1270 1804 1299 1829 te
1316 1799 1350 1828 in
1367 1799 1463 1837 opido
1481 1804 1535 1829 tuo
1552 1799 1586 1828 in
1604 1800 1792 1832 Eaviehast‚
1809 1801 2039 1833 Cracoviensis
2053 1804 2205 1841 diocesis,

1202 1856 1389 1882 constructo
1406 1852 1445 1881 ad
1464 1861 1545 1890 opus
1561 1853 1770 1882 intirmorum
1789 1858 1819 1883 ct
1837 1864 2034 1893 pauperum,
2053 1866 2089 1887 ac
2109 1859 2207 1888 etiam

1202 1914 1259 1943 pro
1289 1904 1476 1934 relevandis
1513 1905 1769 1936 necessitatibus
1799 1909 1993 1938 monasterii
2027 1919 2207 1948 pauperum

1202 1957 1387 1987 donnarum
1405 1957 1532 1987 ordinis
1556 1958 1662 1987 sancti
1684 1959 1838 1988 Damiani
1855 1960 1954 1997 positi
1976 1961 2011 1990 in
2035 1962 2130 2000 opido
2153 1972 2210 1993 su-

1202 2010 1364 2048 pradicto,
1386 2010 1546 2048 quasdam
1571 2010 1683 2046 villas,
1702 2013 1930 2049 possessiones
1952 2018 1982 2043 et
2005 2015 2152 2045 redditus
2169 2016 2209 2045 ad

1203 2067 1233 2092 te
1250 2063 1289 2092 de
1302 2063 1376 2101 jure
1395 2067 1592 2101 spectantes,
1609 2074 1666 2101 pro
1684 2069 1739 2094 tua
1755 2069 1785 2094 et
1802 2069 1932 2095 tuorum
1950 2067 2066 2102 salute,
2082 2068 2116 2097 in
2136 2078 2209 2106 per-

1202 2119 1338 2153 petuum
1355 2115 1541 2150 contulisti,
1560 2117 1684 2146 dictum
1704 2117 1866 2156 hospitale
1884 2128 1920 2149 ac
1936 2120 2088 2150 homines
2105 2126 2135 2151 et
2154 2131 2207 2151 co-

1202 2167 1295 2196 lones
1314 2167 1377 2205 (sic)
1400 2168 1506 2205 ipsius
1530 2168 1643 2198 multis
1667 2169 1878 2201 libertatibus
1901 2172 2096 2208 muniendo,
2114 2179 2209 2211 prout

1202 2220 1236 2248 in
1256 2219 1377 2249 litteris
1393 2220 1470 2249 inde
1487 2221 1646 2250 confectis
1667 2226 1698 2251 et
1717 2226 1771 2251 tuo
1790 2223 1900 2260 sigillo
1916 2225 2055 2254 munitis
2078 2225 2210 2263 plenius

1203 2272 1403 2301 continetur.
1430 2273 1497 2301 Nos
1514 2273 1642 2311 itaque,
1663 2274 1848 2305 devotionis
1866 2279 1919 2305 tue
1942 2277 2095 2314 precibus
2116 2278 2209 2307 incli-

1204 2325 1289 2359 nati,
1306 2325 1393 2362 quod
1411 2334 1509 2363 super
1532 2325 1598 2355 hiis
1616 2335 1634 2355 a
1650 2330 1679 2356 tc
1696 2327 1748 2365 pie
1766 2332 1796 2357 ct
1816 2328 1950 2365 provide
1970 2334 2001 2359 et
2017 2330 2089 2359 sine
2107 2330 2209 2360 alieni

1200 2377 1286 2415 juris
1307 2377 1489 2415 preJ‘udicio
1514 2378 1636 2407 factum
1666 2383 1730 2414 cst,
1760 2384 1868 2409 ratum
1893 2381 2054 2411 habentes
2080 2386 2110 2412 ct
2136 2392 2210 2421 gra-

1204 2433 1288 2463 tum,
1321 2429 1402 2458 illud
1431 2430 1627 2460 auctoritate
1659 2432 1838 2469 apostolica
1874 2434 2108 2465 confirmamus
2147 2440 2205 2465 etc..

1203 2490 1308 2520 usque
1327 2491 1333 2510 z
1352 2483 1605 2512 communimus
1625 2484 1785 2514 Tenorem
1804 2485 1990 2515 litterarum
2007 2487 2155 2525 ipsarum
2172 2489 2209 2519 dc

1202 2534 1301 2563 verbo
1316 2534 1355 2563 ad
1373 2534 1508 2564 verbum
1525 2537 1736 2573 presentibus
1753 2538 1857 2568 inseri
1874 2539 2045 2574 facientes,
2064 2541 2119 2578 qui
2135 2541 2211 2571 talis

1204 2590 1252 2615 est
1273 2596 1278 2614 :

1735 2642 1906 2675 Zawichost‚
1930 2646 1958 2671 18
1975 2647 2043 2672 avril
2063 2647 2138 2673 12:35.

1246 2712 1258 2726 «
1284 2702 1322 2730 In
1340 2702 1473 2732 nomine
1490 2704 1638 2739 Domini,
1660 2714 1767 2735 amen.
1792 2707 1957 2742 Quoniam
1978 2718 2091 2739 omnes
2110 2710 2213 2739 mori-

1206 2764 1219 2779 »
1245 2762 1318 2781 nnn·
1341 2758 1372 2783 ct
1395 2755 1491 2792 quasi
1514 2765 1597 2794 aque
1616 2757 1810 2793 dilabimur,
1834 2768 1874 2789 nc
1900 2761 2088 2790 mortalium
2107 2766 2209 2799 gesta.

1207 2816 1219 2831 »
1245 2805 1366 2834 celebri
1382 2810 1578 2845 etperpctua
1589 2810 1748 2839 memoria
1760 2820 1889 2849 semper
1903 2813 2013 2849 digna,
2028 2818 2209 2852 temporum

1206 2869 1220 2884 ³>
1245 2858 1385 2888 decursu
1403 2859 1437 2888 in
1454 2860 1655 2891 oblivionem
1671 2863 1811 2893 adducta
1827 2870 1949 2902 queant
1964 2866 2049 2903 apud
2062 2870 2210 2904 posteros
