2498 3325
1037 183 1268 223 DEUXIEME
1289 183 1450 221 ANNEE.
2238 187 2296 218 429

196 267 338 294 ecclesiae
359 265 394 291 de
422 263 540 297 Wallop
563 261 669 288 faciant
693 259 860 287 ministrari.
887 258 968 293 (Rae.
1000 258 1049 290 24,
1077 259 1096 285 f.
1124 258 1203 289 179¹,

196 324 263 343 ann.
280 314 318 346 ΙΙ,
335 322 360 341 0.
377 313 462 344 323⁴.)

240 422 253 436 «
276 432 308 445 ..‚
326 396 552 438 abbatiSanole
567 406 691 444 Ayathe,
707 410 732 434 et
750 427 783 440 ..‚
796 404 898 442 priori
914 403 1023 433 Sancte
1041 403 1206 431 Trinitatis

197 462 404 493 Eboracensis.
425 459 584 490 Precibus
601 457 712 489 dilecti
728 457 790 486 filii
806 474 854 485 —.
870 457 944 486 Dat.
962 455 1125 493 Anagnie,
1146 463 1205 484 no-

198 515 251 545 nis
264 514 352 554 julii,
371 522 458 543 anno
475 512 630 543 secundo.
653 523 665 538 »

272 670 382 699 1401
772 667 898 701 Anagni,
916 667 930 693 7
943 666 1039 701 juillet
1055 666 1134 693 1256.

236 733 367 759 Praefato
382 729 507 758 Johanni
525 730 601 756 dicto
619 729 751 756 Romano
774 727 917 763 indulget,
943 731 973 754 ut
993 728 1110 754 unicum
1131 726 1207 753 aliud

200 781 371 808 beneficium
388 780 482 814 possit
498 779 637 813 recipere.
654 777 737 810 (Rea.
754 776 804 809 24,
820 777 840 803 f.
859 776 918 809 180,
937 784 1004 802 ann.
1024 775 1062 809 ΙΙ,
1077 784 1103 802 c.
1121 775 1208 809 323⁵.)

241 895 254 909 «
272 883 416 920 Mayiscro
431 881 568 910 Joltanni
588 880 667 909 dicto
684 880 834 915 Romano,
855 879 889 906 cle
907 879 1028 907 Boltone
1045 882 1070 906 et
1086 877 1119 905 de
1140 878 1173 905 W
1194 893 1207 897 -

200 937 263 974 Iope
281 935 477 964 ecclesiarum
500 934 628 969 rectori,
650 933 847 961 Eboracensis
865 936 890 960 et
911 931 1128 959 ll‘imoniensis
1144 930 1210 958 dio-

199 990 325 1018 cesium.
340 986 410 1017 Etsi
426 989 558 1024 propter
569 984 768 1014 ambitiones
781 1001 829 1012 —-.
842 985 916 1013 Dat.
934 983 1097 1020 Anagnie,
1111 982 1209 1011 nonis

197 1041 286 1081 julii,
307 1048 394 1070 anno
410 1038 566 1069 secundo.
587 1050 599 1064 η

276 1199 296 1226 1
303 1198 391 1227 402

237 1261 382 1296 Episcopo
409 1258 596 1292 pergamensi
622 1256 752 1288 mandat,
779 1259 810 1282 ut
833 1255 961 1282 Gerardo
986 1255 1020 1281 de
1044 1255 1156 1289 Trieto‚
1180 1255 1209 1281 in

201 1310 372 1338 canonicum
389 1307 528 1334 ecclesiae
544 1305 750 1332 Cremonensis
766 1304 935 1331 auctoritate
949 1304 1107 1330 litterarum
1124 1304 1211 1330 Inno-

774 1195 899 1228 Anagni,
918 1194 932 1220 5
945 1193 1040 1228 juillet
1058 1193 1136 1220 1256.

202 1359 290 1386 centii
305 1365 394 1392 papae
407 1360 534 1391 recepto,
548 1363 603 1381 non
615 1358 711 1381 autem
724 1355 759 1380 de
771 1353 931 1388 praebenda
943 1353 1086 1388 quondam
1098 1352 1210 1387 Eghani

202 1407 273 1434 dicti
287 1406 417 1435 Comitis,
436 1403 566 1438 ejusdem
584 1402 723 1429 ecelesiae
739 1401 881 1432 canonici,
898 1402 1050 1432 investito,
1070 1411 1081 1423 «
1099 1405 1210 1427 tantum

203 1456 238 1482 de
263 1453 501 1490 possessionibus
526 1452 619 1486 ipsius
649 1450 766 1485 capituli
794 1458 867 1484 quas
895 1450 981 1476 habet
1010 1451 1036 1476 in
1068 1450 1210 1476 territorio

202 1504 344 1539 Botayani
362 1502 520 1529 retinendis
536 1501 570 1527 ab
591 1508 639 1533 eo,
661 1499 752 1526 donec
771 1499 877 1534 prefata
893 1498 1038 1533 prebenda
1054 1498 1108 1525 sibi
1125 1499 1210 1524 resti-

203 1557 265 1580 tuta
280 1552 367 1579 fuerit
384 1552 426 1577 vel
446 1551 530 1577 aliam
554 1550 581 1575 in
602 1548 730 1584 predicta
745 1548 867 1574 ecclesia
888 1547 974 1574 fuerit
992 1550 1145 1574 assecutus
1161 1556 1211 1582 per

203 1606 231 1628 te
247 1602 291 1627 vel
308 1609 358 1635 per
374 1600 460 1626 alium
481 1598 631 1632 assignare
653 1604 809 1631 procureS,
832 1596 907 1630 quod
929 1604 963 1622 ex
987 1596 1043 1622 illis
1064 1597 1210 1631 percipere

203 1651 295 1677 valeat
310 1648 469 1679 annuatim,
482 1650 621 1682 quantum
637 1646 671 1672 de
684 1645 826 1680 prebenda
840 1645 1000 1679 perciperet
1016 1649 1182 1672 memorata.
1196 1656 1208 1670 ι)

207 1699 288 1732 (Rau.
305 1698 354 1730 24,
373 1698 390 1724 f.
412 1697 470 1729 180,
487 1704 553 1722 ann.
572 1695 609 1726 Il,
627 1703 652 1721 c.
671 1695 758 1725 323⁶.)

245 1812 258 1825 «
281 1822 312 1833 ..‚
331 1799 465 1836 episcopo
481 1797 688 1834 Perqamensi.
707 1795 865 1833 Exposuit
883 1795 979 1825 nobis
1002 1795 1142 1826 dilectus
1161 1814 1209 1824 —-.

204 1853 275 1882 Dat.
296 1851 459 1888 Anagnie,
478 1851 527 1880 ΙΙΙ
544 1856 648 1879 nonas
662 1848 750 1887 julii,
769 1857 855 1877 anno
870 1848 1025 1878 secundo.
1047 1861 1059 1874 ι)

280 2009 399 2038 1403

241 2073 386 2108 Episcopo
413 2070 543 2097 Albiensi
575 2070 720 2104 indulget,
750 2073 794 2100 ut,
822 2069 846 2095 si
872 2069 993 2104 aliquem
1021 2069 1055 2095 de
1082 2070 1214 2096 vassallis

207 2122 349 2149 ecclesiae
370 2122 434 2154 ejus
459 2120 493 2145 de
517 2120 611 2145 heresi
634 2118 819 2145 condemnari
846 2118 1014 2152 contigerit,
1039 2118 1156 2144 lendum
1179 2118 1213 2144 ad

206 2172 299 2206 ipsam
315 2169 465 2196 ecclesiam
483 2171 650 2193 revertatur.
668 2166 751 2199 (lino.
765 2166 811 2199 24,
828 2166 846 2192 f.
870 2166 927 2197 180,
945 2175 1010 2193 ann.
1029 2166 1067 2198 11,
1084 2175 1108 2194 c.
1125 2167 1211 2198 323⁷.)

828 2006 941 2040 Lati-an,
959 2008 972 2032 7
990 2008 1045 2033 mai
1064 2007 1140 2034 1256.

250 2284 262 2297 «
290 2294 322 2306 ..‚
347 2272 480 2308 episcopo
503 2269 648 2298 Albiensi.
669 2267 853 2297 Dcsideriis
877 2268 943 2298 tuis
960 2268 994 2297 in
1012 2268 1078 2298 hiis
1096 2269 1215 2299 all'ectu

206 2323 360 2354 benivolo
379 2322 537 2352 debemus
554 2329 712 2355 annuere,
731 2329 794 2358 que
811 2323 841 2350 te
858 2329 895 2349 ac
908 2320 1101 2351 Albiensem
1116 2321 1215 2351 00010-

209 2377 294 2407 siam
315 2376 414 2413 digno
434 2374 563 2412 possint
588 2382 606 2402 a
628 2372 812 2410 dispendiis
833 2381 1036 2410 preservare.
1058 2374 1144 2403 Hinc
1168 2378 1217 2404 est

209 2429 296 2468 quod
313 2437 389 2463 nos,
412 2427 478 2457 tuis
500 2425 799 2464 supplicationibus
822 2425 993 2461 inclinati,
1022 2427 1217 2456 auctoritate

208 2483 270 2512 tibi
286 2481 492 2521 presentium
508 2479 732 2517 indulgemus,
747 2483 793 2514 ut,
809 2479 837 2508 si
850 2479 994 2518 aliquem
1011 2480 1049 2510 de
1065 2480 1217 2510 vassallis

209 2535 261 2566 vel
277 2533 473 2566 feudatariis
491 2533 639 2572 ejusdem
656 2531 794 2562 ecclesie
811 2532 849 2562 de
861 2531 971 2562 heresi
983 2533 1219 2572 condempnari

209 2593 242 2619 et
264 2588 350 2618 bona
375 2586 482 2625 ipsius
505 2585 679 2615 confiscari
703 2585 890 2623 contigerit,
912 2585 1048 2615 feudum
1070 2586 1157 2624 quod
1179 2586 1219 2616 ab

209 2642 283 2680 ipsa
298 2645 390 2671 tenet
406 2639 561 2674 ecclesia,
580 2638 620 2668 ad
637 2647 708 2668 eam
725 2637 829 2668 libere
850 2642 1046 2675 revertatur,
1065 2643 1107 2675 et,
1125 2648 1219 2670 oeca-

210 2694 304 2725 sione
336 2691 645 2730 condempnationis
676 2690 882 2729 hujusmodi,
907 2691 1020 2722 nullus
1044 2692 1079 2722 in
1106 2693 1220 2723 eodem

210 2747 310 2778 feudo
328 2745 433 2784 possit
449 2744 513 2775 sibi
527 2744 582 2783 jus
596 2743 731 2782 aliquod
746 2743 935 2774 vendicare.
951 2744 1045 2775 Nulli
1061 2749 1122 2776 etc.
1143 2754 1221 2776 nos-

212 2803 261 2830 tre
284 2797 511 2830 concessionis
531 2801 592 2827 etc.
617 2797 690 2826 Dat.
709 2796 880 2833 Laterani,
898 2797 995 2828 nonis
1017 2798 1115 2834 maii,
1134 2807 1221 2828 anno

212 2852 368 2884 secundo.
389 2864 401 2878 »

1361 257 1479 284 1404
1901 255 2015 287 Latran,
2038 256 2052 282 5
2071 256 2126 282 mai
2145 255 2223 283 1256.

1322 319 1518 354 Infrascriptis
1540 319 1654 346 mandat
1676 320 1813 354 quatinus
1834 318 1968 345 ordinent
1990 323 2047 346 tam
2068 327 2155 354 super
2175 327 2296 354 proces-

1285 367 1369 394 sibus
1388 369 1462 394 inter
1481 368 1614 394 abbatem
1629 367 1795 394 monasterii
1816 367 2016 401 Fossatensis,
2035 367 2210 394 Parisiensis
2231 367 2296 394 dio-

1287 417 1376 447 cesis,
1399 420 1427 443 et
1441 416 1621 448 «Iohannem,
1639 417 1763 451 priorem
1783 416 1817 443 de
1837 416 1950 451 Capella
1962 438 1968 450 ‚
1984 416 2081 450 initis,
2101 424 2187 451 quam
2206 424 2300 452 super

1288 466 1489 493 reformatione
1505 466 1672 492 monasterii
1690 465 1882 492 Fossatensis.
1898 464 1980 498 (Rau.
1993 464 2038 498 24,
2055 465 2074 491 f.
2094 465 2153 496 180,
2171 473 2237 493 ann.
2255 465 2293 499 II,

1287 524 1314 542 0.
1333 515 1418 548 323⁸.)

1331 629 1344 644 α
1369 640 1403 651 ..,
1428 618 1560 654 episcopo
1584 617 1769 651 Tusculano,
1794 620 1820 644 et
1840 617 1885 650 R.,
1908 616 2015 645 Sancti
2033 617 2141 653 Anyeli
2164 616 2292 645 diacono

1290 671 1458 699 cardinali.
1475 669 1644 698 Habentes
1661 669 1695 697 in
1712 668 1888 698 desideriis
1904 672 1940 697 ut
1956 668 2113 706 religiosa
2128 668 2199 698 loca
2218 677 2298 698 con-

1291 723 1396 752 tinuis
1424 722 1599 760 proficiant
1622 721 1857 756 incrementis,
1887 722 2039 759 expedire
2066 722 2297 760 cognoscimus

1291 776 1331 811 si,
1343 775 1532 814 jurgiorum
1543 774 1595 804 vel
1609 774 1822 812 questionum
1834 777 1995 811 pretextu,
2010 775 2213 804 contrarium
2227 783 2299 805 sen-

1291 829 1413 858 tiamus
1430 827 1590 861 accidere,
1613 826 1700 864 quod
1718 826 1766 856 eis
1788 834 1941 856 curemus
1958 827 2120 864 condigne
2136 828 2300 865 provisio-

1293 881 1345 910 nis
1363 880 1397 909 in
1414 879 1476 908 hac
1496 882 1588 917 parte
1606 878 1795 908 subsidium
1818 878 1987 908 adhibere.
2010 880 2048 908 In
2070 888 2170 909 causa
2193 880 2300 918 siqui-

1292 933 1384 968 dem,
1422 941 1486 970 que
1520 932 1609 961 inter
1638 931 1775 960 dilectos
1805 930 1891 960 filios
1922 931 2074 961 abbatem
2103 932 2301 962 monasterii

1292 985 1514 1020 Fossatensis‚
1534 984 1661 1014 ordinis
1679 984 1785 1014 sancti
1802 984 1988 1020 Benedicti,
2011 985 2213 1015 Parisiensis
2230 985 2302 1015 dio-

1293 1039 1394 1075 cesis,
1413 1042 1444 1068 et
1463 1038 1527 1068 sibi
1551 1037 1760 1071 adherentes,
1779 1045 1817 1067 ex
1837 1046 1905 1067 una
1921 1042 2027 1075 parte,
2047 1047 2083 1067 ac
2099 1038 2299 1074 Johannem,

1292 1091 1437 1130 priorem
1453 1090 1491 1120 de
1507 1089 1657 1128 Capella,
1674 1088 1885 1127 Arnulphum
1904 1093 1934 1119 et
1951 1089 2110 1127 quosdam
2131 1090 2214 1120 alios
2231 1100 2302 1121 mo-

1293 1144 1417 1174 nachos
1433 1143 1582 1182 ejusdem
1597 1141 1804 1177 monasterii,
1817 1141 1989 1172 occasione
2007 1143 2215 1183 quorundam
2230 1153 2303 1182 pro-

1294 1206 1449 1228 cessuum
1463 1205 1562 1234 super
1576 1198 1664 1225 statu
1676 1199 1706 1224 et
1723 1194 1959 1224 reformatione
1976 1195 2104 1225 abbatis
2122 1200 2153 1226 et
2168 1205 2302 1226 monas-

1293 1250 1370 1280 terii
1396 1248 1592 1283 eorundem,
1612 1256 1669 1286 per
1691 1247 1918 1277 venerabilem
1940 1247 2077 1277 fratrem
2098 1253 2248 1278 nostrum
2267 1273 2300 1285 ..‚

1294 1303 1485 1341 episcopum
1499 1300 1724 1331 Parisiensem
1736 1300 1937 1335 habitorum,
1951 1301 2020 1330 sive
2038 1301 2217 1337 ordinaria,
2232 1303 2303 1333 sive

1294 1355 1472 1386 arbitraria
1483 1357 1654 1393 potestate,
1670 1362 1730 1383 nec
1742 1362 1807 1383 non
1820 1353 2027 1392 quarundam
2042 1355 2303 1393 appellationum

1294 1418 1351 1447 per
1372 1409 1496 1437 dictum
1520 1407 1673 1436 abbatem
1697 1415 1755 1444 pro
1782 1415 1817 1436 se
1845 1415 1882 1436 ac.
1907 1406 1971 1436 sibi
1999 1407 2237 1438 adherentibus
2262 1409 2303 1438 ab

1294 1463 1365 1500 ipso
1382 1461 1534 1499 episcopo
1551 1460 1591 1490 ad
1607 1460 1725 1490 Sedem
1742 1459 1955 1497 apostolicam
1972 1460 2181 1495 emissarum,
2200 1470 2238 1491 ex
2255 1461 2304 1491 al-

1294 1519 1374 1548 tera,
1392 1513 1544 1548 vertitur,
1569 1513 1607 1542 de
1628 1512 1765 1550 speciali
1783 1512 1937 1542 mandato
1958 1517 2086 1548 nostro,
2106 1517 2154 1543 est
2171 1514 2210 1543 ab
2229 1515 2302 1553 ipso

1294 1568 1411 1598 abbate
1427 1576 1485 1605 pro
1502 1575 1536 1596 se
1553 1570 1584 1596 et
1601 1566 1698 1595 dictis
1717 1565 1954 1595 adherentibus
1971 1575 2008 1595 ac
2024 1567 2168 1604 Tei-rico,
2183 1577 2303 1606 procu-

1293 1625 1402 1650 ratore
1421 1619 1557 1649 adverse
1574 1619 1689 1657 partis,
1708 1618 1742 1647 in
1764 1626 1821 1648 vos
1837 1618 2054 1654 concorditer,
2073 1619 2157 1649 sicut
2174 1621 2303 1659 accepi-

1294 1681 1379 1707 mus,
1395 1671 1681 1710 compromissum.
1702 1671 1747 1701 Ut
1763 1671 1875 1709 itaque
1892 1680 1960 1707 vos,
1979 1675 2091 1702 nostra
2107 1674 2303 1704 auctoritate

1295 1725 1434 1760 suffulti,
1453 1728 1576 1763 quanto
1592 1723 1744 1759 liberius,
1767 1728 1858 1754 tanto
1874 1723 1992 1753 utilius
2014 1733 2113 1763 super
2128 1727 2304 1764 premissis

1294 1777 1470 1816 procedere
1487 1776 1640 1811 valeatis,
1659 1785 1733 1812 nos,
1751 1776 2025 1814 compromissum
2042 1777 2233 1817 hujusmodi
2249 1788 2304 1809 ra-

1294 1835 1363 1860 tum
1387 1835 1417 1860 et
1442 1830 1574 1859 firmum
1592 1829 1768 1864 habentes,
1788 1838 1824 1859 ac
1847 1830 1881 1859 id
1904 1831 2099 1861 auctoritate
2124 1832 2306 1870 apostolica

1295 1884 1547 1917 confirmantes,
1566 1883 1760 1912 discretioni
1778 1886 1887 1913 vestre
1908 1892 1965 1921 per
1984 1884 2164 1921 apostolica
2182 1886 2306 1924 scripta

1294 1937 1491 1966 mandamus
1522 1936 1696 1977 quatinus,
1725 1939 1790 1964 tam
1821 1944 1919 1974 super
1950 1945 2067 1970 causa,
2093 1939 2305 1975 processibus

1296 1994 1327 2020 et
1350 1988 1628 2027 appellationibus
1655 1988 1855 2026 supradictis
1881 1998 1978 2027 quam
1999 1998 2097 2027 super
2119 1991 2305 2021 universali

1296 2046 1384 2072 statu
1415 2041 1595 2071 eorundem
1624 2041 1837 2075 monasterii,
1870 2041 1999 2071 abluitis
2028 2046 2058 2071 et
2087 2052 2306 2081 personarum

1295 2095 1381 2124 inibi
1398 2094 1599 2132 degentium,
1619 2094 1814 2124 anctoritate
1834 2098 1947 2123 nostra
1963 2095 2158 2133 disponatis,
2177 2098 2307 2129 ordine-

1296 2148 1338 2177 tis
1358 2157 1394 2177 ac
1407 2147 1565 2186 judicetis
1582 2147 1763 2177 secundum
1785 2147 1894 2176 datam
1916 2148 2009 2177 vobis
2031 2158 2048 2177 a
2070 2150 2138 2179 Deo
2160 2151 2307 2188 pruden-

1297 2200 1388 2235 tiam,
1404 2203 1500 2237 prout
1514 2199 1653 2229 utilitati
1669 2199 1749 2229 dicti
1762 2200 1956 2229 monasterii
1971 2200 2139 2232 salubrius
2156 2203 2308 2234 videritis

1297 2252 1449 2290 expedire
1468 2261 1474 2280 :
1491 2260 1550 2281 nos
1568 2252 1657 2281 enim
1675 2252 1915 2282 nichilominus
1934 2253 2098 2283 defectum
2114 2261 2308 2293 procurato-

1297 2305 1344 2334 ris
1361 2304 1598 2334 monachorum
1615 2304 1773 2342 ipsorum,
1786 2305 1978 2334 mandatum
1990 2306 2029 2334 ad
2042 2309 2308 2345 compromitten-

1298 2357 1375 2386 dum
1393 2357 1548 2386 sufficens
1564 2365 1629 2386 non
1646 2357 1817 2392 habentis,
1837 2366 1873 2387 ac
1894 2357 1959 2387 alia
1981 2359 2093 2389 onmia
2116 2360 2310 2400 hujusmodi

1299 2409 1430 2447 negotio
1443 2409 1540 2439 utilia
1555 2418 1614 2440 seu
1633 2410 1833 2445 necessaria,
1851 2411 1889 2440 de
1907 2415 2018 2441 nostre
2035 2413 2226 2451 supplemus
2237 2416 2310 2454 ple-

1299 2462 1451 2492 nitudine
1466 2462 1648 2500 potestatis.
1663 2463 1737 2492 Dat.
1751 2463 1918 2499 Laterani,
1932 2465 1983 2494 III
1996 2473 2099 2495 nonas
2114 2467 2204 2502 maii,
2221 2477 2309 2499 anno

1300 2516 1457 2545 secundo.
1477 2527 1490 2542 »

1376 2695 1491 2725 1405
1857 2698 1982 2732 Anagni,
2001 2699 2028 2724 11
2044 2699 2141 2733 juillet
2158 2701 2236 2728 1256.

1339 2756 1432 2783 Priori
1454 2757 1685 2784 Praedicatorum
1710 2762 1738 2784 et
1762 2758 1919 2793 guardiano
1941 2759 2058 2787 fratrum
2076 2761 2219 2790 Minorum
2235 2763 2311 2791 Iler-

1302 2805 1435 2832 densium
1452 2805 1576 2838 mandat,
1590 2810 1631 2838 ut,
1643 2807 1668 2833 si
1683 2807 1853 2834 electionem
1868 2807 1911 2842 P.,
1926 2809 2039 2843 prioris,
2053 2810 2081 2836 in
2097 2811 2230 2838 abbatem
2247 2821 2311 2840 mo-

1303 2854 1422 2881 nasterii
1438 2853 1469 2881 S.
1486 2853 1629 2882 Johannis
1644 2855 1679 2881 de
1697 2855 1800 2891 Pruna,
1819 2856 1928 2883 ordinis
1945 2865 1968 2884 s.
1988 2857 2153 2894 Benedicti,
2169 2860 2313 2890 Oscensis
