2498 3325
241 247 299 277 440
669 243 674 249 ⁴
964 244 1205 275 REGISTRES
1227 243 1536 274 D'ALEXANDRE
1557 244 1614 274 IV.

240 312 412 346 inclinati,
432 312 674 342 ordinationem
698 311 889 351 hujusmodi
912 316 1018 341 ratam
1036 310 1196 340 habentes
1217 313 1248 340 et

241 369 384 403 gratam,
409 364 499 394 illam
528 365 722 394 auctoritate
748 364 927 402 apostolica
954 364 1189 394 confirmamus
1216 367 1247 393 et

239 417 404 455 presentis
429 417 543 455 scripti
570 416 754 455 patrocinio
779 417 1024 446 communimus
1051 427 1057 445 :
1086 417 1247 446 Tenorem

239 469 461 507 predictarum
489 469 675 499 litterarum
701 469 848 507 ipsorum
872 469 1047 508 prepositi,
1073 469 1189 499 decani
1216 473 1248 499 et

241 521 378 560 capituli
393 522 604 560 presentibus
621 522 724 552 inseri
742 522 918 557 facientes,
937 523 994 561 qui
1013 522 1087 552 talis
1104 527 1153 552 est
1171 532 1176 551 :

951 614 984 641 ‘23
1002 622 1078 641 mars
1096 614 1174 642 1256.

279 689 293 703 «
314 676 490 707 Universis
508 681 677 714 presentes
695 676 824 706 litteras
841 677 1053 715 inspecturis,
1072 678 1111 712 1„
1129 686 1247 716 prepo-

239 741 253 756 ι)
278 729 374 763 situs,
390 729 596 758 A..decanus
613 733 783 768 totumque
795 729 1033 760 Cameracense
1052 729 1244 768 capitulum,

239 793 253 808 n
279 781 419 811 salutem
434 782 466 810 in
483 781 634 811 Domino.
648 782 783 811 Noverit
802 782 1004 812 universitas
1022 786 1131 813 vestra
1147 783 1244 822 quod,

240 846 254 861 »
279 843 351 864 cum
372 843 446 868 nos,
466 834 625 864 habentes
649 835 985 865 amministrationem
1007 835 1244 874 spiritualium,

240 899 254 914 »
279 887 356 917 sede
374 887 607 918 Cameracensi
628 892 781 922 vacante,
801 892 831 918 et
851 889 1044 918 exercitium
1071 889 1246 919 ecclesias-

238 952 253 968 »
278 941 341 971 tice
353 941 608 980 jurisdictionis,
624 945 653 971 et
671 941 930 972 emolumentum
949 942 1095 981 ejusdem
1112 952 1170 981 per
1183 943 1246 974 Ca-

238 1006 252 1020 »
277 1002 501 1023 meracensem
518 994 685 1024 civitatem
703 999 733 1024 et
749 995 907 1025 diocesim
927 1004 1000 1024 cum
1019 996 1245 1026 amministra-

238 1059 252 1073 »
278 1047 366 1076 tione
383 1046 613 1084 temporalium
630 1047 663 1075 in
682 1047 778 1077 bonis
796 1047 1039 1086 episcopaliluis
1060 1049 1241 1085 universis,

237 1111 251 1126 »
276 1099 520 1137 perciperemus
538 1104 566 1129 et
585 1104 697 1129 nostra
714 1100 910 1135 faceremus,
924 1101 1051 1131 ratione
1071 1101 1244 1131 vicedomi-

238 1163 251 1177 »
277 1155 385 1186 natus,
407 1160 504 1189 quenl
524 1151 683 1181 habemus
699 1162 755 1190 per
773 1157 871 1181 totam
887 1153 1114 1183 castellaniam
1127 1154 1244 1184 Came—

236 1215 250 1230 »
275 1212 444 1233 rat-ensem
469 1209 499 1233 et
523 1204 554 1233 in
580 1204 657 1233 villa
675 1204 713 1234 (le
731 1205 876 1239 Tliunio,
896 1214 969 1235 cum
987 1207 1057 1235 suis
1075 1207 1244 1244 pertinen-

237 1269 250 1283 »
276 1257 347 1291 tiis,
378 1257 490 1286 omnia
518 1257 653 1286 mobilia
683 1258 865 1295 spectantia
900 1258 938 1288 ad
969 1259 1242 1290 Cameracensem

236 1321 250 1336 ὅ

275 1309 480 1347 episcopum,
510 1314 654 1348 tempore
679 1311 795 1339 mortis
821 1320 894 1346 sue,
921 1321 1047 1341 necnon
1073 1317 1103 1342 et
1128 1322 1243 1343 omnes

233 1375 248 1390 »
272 1367 450 1401 proventus
476 1363 683 1401 eptsmpatus
708 1365 940 1402 provenientes
966 1365 1054 1395 infra
1080 1367 1241 1397 terminos

235 1428 248 1443 »
275 1416 467 1451 antedictos,
481 1420 616 1446 vacante
633 1417 709 1446 sede
723 1417 967 1449 Cameracensi,
983 1423 1010 1448 et
1027 1419 1126 1449 etiam
1140 1420 1243 1450 donec

235 1481 248 1495 n
276 1469 399 1499 electus
417 1478 473 1506 pro
491 1473 635 1507 tempore
653 1478 712 1499 sua
730 1470 853 1507 regalia
871 1471 1061 1509 recepisset,
1077 1476 1107 1501 et
1125 1472 1163 1502 de
1181 1472 1243 1502 hoc

235 1534 249 1549 »
275 1522 370 1552 nobis
388 1522 482 1551 sideni
500 1522 644 1558 fecisset,
663 1528 693 1553 et
709 1532 809 1561 super
824 1524 918 1553 modo
935 1524 1050 1554 utendi
1067 1525 1242 1555 vicedomi-

237 1587 250 1601 »
276 1579 355 1604 natu
382 1574 527 1612 predicto
550 1575 637 1604 inter
660 1584 718 1604 nos
743 1580 773 1605 et
800 1577 1016 1606 reverendum
1041 1583 1166 1615 patrem
1186 1579 1240 1615 N.,

236 1640 250 1655 2>
275 1629 335 1658 Dei
361 1628 467 1665 gratia
485 1629 759 1659 Cameracensem
783 1630 988 1668 episcopum,
1009 1632 1138 1669 questio
1157 1636 1243 1663 mota

237 1693 250 1707 n
276 1685 383 1711 essct:
404 1681 532 1711 tandein
552 1685 621 1719 post
639 1681 760 1711 multas
785 1682 1028 1718 altercz‘ttiones,
1047 1685 1084 1713 de
1103 1686 1242 1716 consilio

236 1745 250 1760 n
274 1733 450 1771 proborum
472 1738 502 1763 et
525 1734 712 1772 sapientum
735 1735 891 1769 virorum,
911 1736 954 1765 ita
973 1737 1059 1767 inter
1083 1747 1142 1767 nos
1164 1748 1242 1768 con-

235 1798 249 1813 »
274 1786 416 1815 corditer
439 1787 546 1815 extitit
568 1787 771 1823 ordinatum,
793 1789 894 1826 quod,
916 1789 1009 1819 nobis
1034 1791 1242 1828 quit-antibus

236 1851 249 1865 n
275 1839 308 1868 in
326 1843 518 1877 perpetuum
534 1840 660 1877 prefato
675 1840 826 1879 episcopo
844 1846 872 1871 et
891 1842 961 1880 ejus
979 1844 1240 1880 successoribus,

235 1903 250 1918 n
275 1892 332 1930 qui
356 1900 414 1929 pro
440 1895 583 1929 tempore
601 1893 737 1927 fuerint,
757 1893 914 1932 quicquid
935 1895 1021 1933 juris
1038 1895 1242 1927 habebamus

235 1955 249 1970 »
274 1943 324 1973 vel
339 1943 460 1973 habere
472 1948 661 1982 poteramus
680 1945 806 1975 ratione
826 1946 1086 1978 vicedominatus
1103 1949 1241 1987 predicti

234 2008 248 2023 »
273 1997 307 2025 in
325 1996 515 2032 mobilibus,
533 2007 596 2035 que
608 1997 716 2028 dictus
733 1999 906 2038 episcopus
919 2004 948 2029 et
962 2010 1172 2032 successores
1189 2003 1242 2032 sui

233 2060 248 2076 »
273 2058 378 2088 usque
402 2049 436 2078 in
461 2049 548 2079 diem
565 2049 720 2080 ultimum
739 2052 946 2089 perceperint
965 2053 1030 2083 vite
1049 2063 1119 2089 sue,
1138 2055 1172 2083 in
1188 2064 1241 2085 re-

233 2113 247 2128 »
272 2101 539 2140 compensatione
560 2102 733 2132 mobilium
755 2104 950 2140 eorundem,
968 2106 1143 2136 universos
1165 2116 1241 2145 pro-

233 2165 246 2180 »
272 2158 389 2183 ventus
406 2154 566 2183 bonorum
577 2155 826 2193 episcopalium,
845 2161 909 2186 tam
925 2158 1129 2195 presentium
1141 2168 1240 2198 quam

233 2217 246 2233 »
273 2207 371 2236 etiam
395 2207 593 2242 futurorum,
621 2208 844 2246 percipiemus
869 2214 899 2239 et
925 2215 1055 2241 nostros
1078 2212 1239 2243 faciemus

232 2271 246 2286 »
272 2263 385 2289 nostra
401 2260 702 2291 amministratione
719 2262 869 2292 durante.

272 2323 285 2338 »
299 2313 368 2341 Hoc
384 2312 509 2350 adjecto
525 2313 621 2351 quod,
636 2313 665 2343 si
682 2313 794 2353 aliqua
809 2316 982 2346 occasione
997 2317 1031 2346 in
1049 2319 1239 2349 custodien-

232 2376 246 2391 »
271 2364 322 2393 dis
339 2364 390 2394 vel
408 2365 538 2394 tuendis
555 2365 650 2395 bonis
668 2367 911 2405 episcopalibus
929 2370 1070 2408 majores
1087 2376 1238 2410 sumptus

231 2429 245 2444 »
271 2417 460 2452 fecerimus,
479 2427 576 2456 quam
597 2419 747 2449 debonis
767 2421 1010 2460 episcopalibus
1033 2423 1168 2454 interim
1189 2434 1237 2456 re-

231 2481 245 2497 »
270 2469 455 2507 ceperimus
477 2474 567 2499 extra
584 2471 861 2502 vicedomimitnm
882 2475 1084 2512 predictum,
1102 2478 1236 2509 futurus

230 2533 246 2549 »
271 2522 444 2560 episcopus
465 2531 519 2551 eos
543 2523 638 2553 nobis
661 2524 796 2555 reddere
819 2530 981 2556 teneatur.
1007 2529 1040 2559 Si
1058 2530 1158 2559 etiam
1175 2531 1237 2560 ali-

231 2587 244 2602 »
269 2575 350 2614 quid
366 2574 562 2605 solverimus
580 2585 638 2613 pro
655 2576 776 2607 debitis
793 2579 1035 2618 episcopalibus
1055 2587 1130 2613 ante
1149 2592 1237 2613 mor-

231 2639 244 2654 »
270 2632 334 2657 tem
365 2627 509 2665 episcopi
539 2629 737 2664 contractis,
766 2631 899 2661 futurus
930 2633 1102 2673 episcopus
1132 2640 1236 2666 totum

231 2692 244 2707 »
269 2679 382 2710 reddet
403 2679 512 2716 nobis,
534 2680 625 2710 nulla
642 2681 727 2711 facta
744 2682 939 2714 deductione
961 2686 998 2716 de
1020 2688 1236 2725 proventibus

230 2744 244 2760 ι)
269 2742 288 2762 a
310 2732 405 2762 nobis
422 2736 567 2771 tempore
585 2735 898 2768 amministrationis
927 2744 1037 2770 nostre
1059 2742 1235 2780 perceptis.

230 2797 243 2812 »
268 2785 423 2816 Ceterum
439 2794 513 2814 cum
530 2785 654 2816 electus
671 2788 884 2820 confirmatus
903 2792 1044 2829 receptis
1068 2793 1236 2831 regalibus

230 2850 244 2864 »
270 2837 340 2867 suis
355 2837 395 2867 ad
406 2837 680 2868 Cameracensem
697 2840 870 2871 ecclesiam
885 2843 1032 2880 redierit,
1052 2854 1184 2884 equum,
1200 2847 1235 2877 in

268 2900 332 2929 qno
348 2890 480 2926 sederit,
495 2899 569 2920 cum
581 2891 767 2929 descendet,
781 2904 905 2932 mapas,
919 2897 1012 2934 cyfos
1029 2903 1060 2927 et
1076 2898 1142 2929 alia
1158 2909 1236 2930 vasa

229 2902 243 2917 Ξ

1332 321 1346 336 ι»
1369 309 1405 338 in
1421 309 1528 348 prima
1543 309 1780 341 commestione
1797 309 1897 340 allata
1913 310 2111 342 habebimus
2127 315 2158 341 et
2177 311 2343 350 percipie-

1332 373 1345 388 »
1369 370 1455 396 mus,
1471 361 1558 392 sicut
1573 366 1623 392 est
1638 361 1800 393 hactenus
1816 367 2023 393 consuetum.
2041 363 2161 393 Actum
2174 363 2207 394 X
2221 362 2339 394 kalen-

1333 426 1346 440 »
1372 414 1430 444 das
1447 414 1574 452 aprilis,
1593 423 1680 445 anno
1696 415 1832 445 Domini
1849 415 2062 446 M⁰CC⁰L⁰II⁰.
2082 428 2095 442 »

1373 479 1386 494 »
1404 467 1497 498 Nulli
1513 472 1574 498 etc.
1594 472 1704 498 nostre
1721 466 1985 498 confirmationis
2003 472 2064 499 etc.
2084 470 2156 500 Dat.
2174 469 2341 508 Anagnie,

1331 521 1400 551 1111
1415 519 1576 551 kalendas
1594 521 1739 559 augusti,
1757 529 1844 551 anno
1861 521 2015 552 secundo.
2038 533 2052 548 ι»

1407 693 1426 720 Ι
1434 693 1524 721 443

1366 755 1493 782 Eandem
1511 756 1751 790 compositionem
1768 756 1929 788 confirmat,
1945 756 2055 783 litteras
2071 756 2292 792 compositionis
2304 765 2340 784 ex

1332 808 1411 840 parte
1428 804 1538 831 Nicolai
1557 805 1686 839 episcopi
1702 803 1922 831 Cameracensis
1937 808 2018 831 actae
2040 804 2068 831 X
2091 805 2228 832 kalendas
2241 805 2342 841 aprilis

1331 852 1459 879 MCCLII
1476 852 1641 879 inserendo.
1663 852 1744 885 (aaa.
1761 853 1806 884 Ἡ,
1824 853 1843 879 f.
1863 853 1936 887 188¹,
1951 861 2018 880 ann.
2035 852 2074 885 ΙΙ,
2091 861 2116 880 c.
2134 853 2208 888 362.)

1888 694 2015 728 Anagni,
2032 693 2066 721 ‘20
2079 694 2174 728 juillet
2191 694 2269 722 1256.

1371 968 1383 982 «
1402 979 1434 991 ..,
1447 956 1608 993 preposito,
1625 978 1643 983 ..
1659 955 1780 990 decano,
1793 960 1819 984 et
1833 956 1968 993 capitulo
1979 956 2201 986 Cameracensi.
2215 955 2264 986 Ea
2275 964 2341 995 que

1325 1009 1451 1048 jndicio
1468 1008 1517 1038 vel
1535 1007 1710 1037 concordia
1727 1016 1832 1047 usque
1850 1018 1856 1036 :
1875 1008 2086 1038 communiri.
2111 1008 2198 1039 Sane
2215 1007 2340 1039 dudum

1328 1061 1416 1091 inter
1432 1070 1500 1096 vos,
1512 1070 1549 1090 ex
1565 1064 1655 1098 parte
1667 1069 1744 1095 una,
1757 1065 1787 1090 et
1802 1061 2026 1091 venerabilem
2041 1062 2178 1091 fratrem
2189 1065 2341 1092 nostrum

1330 1137 1362 1150 ..‚
1381 1114 1655 1145 Cameracensem
1672 1114 1874 1152 episcopum,
1890 1123 1989 1152 super
2006 1114 2100 1144 modo
2119 1114 2235 1144 utendi
2251 1114 2341 1145 vice-

1328 1166 1513 1202 dominatu,
1533 1167 1663 1196 ratione
1693 1167 1805 1205 eujus,
1823 1167 2057 1197 Cameraccnsi
2083 1167 2160 1197 sede
2183 1171 2340 1204 vacante,

1327 1228 1385 1250 vos
1410 1218 1613 1258 episcopales
1639 1223 1818 1257 proventus
1842 1220 1876 1248 in
1900 1219 2000 1250 certis
2025 1219 2106 1250 locis
2130 1220 2340 1258 episcopatus

1327 1271 1580 1303 Cameracensis
1605 1271 1646 1301 ad
1675 1280 1732 1302 vos
1760 1272 1927 1310 pertinere
1958 1272 2125 1303 asseritis.
2151 1281 2190 1302 ex
2217 1272 2338 1308 altera,

1328 1324 1503 1363 questione
1535 1324 1689 1359 suborta,
1721 1324 1852 1354 demum
1883 1324 2108 1355 mediantibus
2139 1325 2340 1364 quibusdam

1327 1377 1440 1415 probis
1465 1382 1497 1406 et
1519 1377 1728 1415 sapientibus
1754 1377 1852 1413 viris,
1876 1377 2018 1416 quedam
2043 1386 2142 1416 super
2167 1377 2230 1408 hoc
2251 1377 2342 1409 inter

1327 1434 1436 1468 partes
1461 1430 1627 1459 ordinatio
1656 1430 1742 1460 facta
1767 1430 1846 1466 fuit,
1872 1430 1958 1460 sicut
1984 1431 2017 1460 in
2044 1430 2166 1461 litteris
2191 1430 2340 1470 ejusdem

1327 1485 1472 1524 episcopi
1488 1485 1595 1523 ipsius
1613 1485 1724 1523 sigillo
1741 1485 1882 1523 signatis
1899 1494 1998 1523 super
2015 1485 2077 1515 hoc
2091 1485 2252 1516 confectis
2268 1485 2340 1524 ple-

1327 1539 1403 1568 nius
1425 1538 1626 1568 continetur.
1650 1539 1719 1568 Nos
1740 1538 1853 1576 igitur,
1873 1538 1992 1568 vestris
2013 1543 2044 1568 et
2066 1539 2172 1577 ipsius
2193 1538 2339 1577 episcopi

1327 1591 1626 1630 supplicationibus
1643 1591 1808 1627 inclinati,
1823 1591 2067 1621 ordinationem
2082 1591 2272 1631 hujusmodi
2285 1600 2340 1622 ra-

1328 1650 1393 1675 tum
1418 1644 1579 1674 habentes
1606 1648 1636 1674 et
1660 1648 1804 1682 gratam,
1825 1643 1917 1674 illam
1941 1645 2137 1674 auctoritate
2159 1643 2342 1683 apostolica

1327 1700 1562 1729 confirmamus
1584 1703 1613 1728 et
1635 1698 1800 1736 presentis
1819 1698 1934 1736 scripti
1951 1698 2136 1736 patrocinio
2155 1698 2340 1728 communi-

1326 1761 1400 1781 mus
1419 1761 1425 1780 :
1443 1751 1605 1780 Tenet-em
1622 1750 1845 1788 predictarum
1865 1750 2052 1780 litterarum
2070 1750 2176 1789 ipsius
2193 1750 2340 1789 episcopi

1326 1804 1537 1842 presentibus
1556 1803 1659 1833 inseri
1676 1803 1848 1838 facientes,
1868 1803 1925 1842 qui
1944 1803 2018 1833 talis
2036 1808 2085 1833 est
2103 1813 2109 1832 ς

2043 1883 2076 1910 ‘23
2095 1891 2171 1910 mars
2188 1883 2263 1910 1256.

1368 1958 1380 1972 «
1400 1945 1569 1980 Nicolaus,
1591 1945 1649 1975 Dei
1667 1945 1773 1983 gratia
1790 1944 2041 1976 Cameracensis
2061 1945 2246 1983 episcopus,
2265 1945 2338 1976 uni-

1328 2011 1340 2025 »
1366 1999 1471 2029 versis
1490 2003 1661 2036 presentes
1679 1998 1808 2028 litteras
1830 1998 2044 2036 inspecturisv
2062 1998 2203 2028 salutem
2219 1998 2254 2028 in
2270 1998 2338 2028 Do-

1327 2064 1340 2079 »
1365 2052 1466 2081 mino.
1492 2052 1574 2082 Cum
1591 2051 1703 2081 dilecti
1720 2051 1780 2080 filii
1800 2075 1833 2087 ..,
1850 2051 2050 2090 prepositus,
2071 2074 2103 2086 ..,
2127 2051 2284 2086 decanus,
2305 2055 2338 2081 et

1326 2118 1339 2132 υ
1364 2105 1546 2144 capitulum
1564 2106 1833 2138 Cameracenses,
1855 2108 1991 2134 vacante
2013 2104 2101 2139 sede,
2122 2103 2338 2134 administra-

1326 2171 1339 2185 »
1364 2159 1489 2188 tionem
1516 2158 1675 2188 babentes
1701 2157 1928 2196 spiritualium
1951 2160 1982 2187 et
2010 2157 2205 2187 exercitium
2231 2155 2336 2187 eccle-

1326 2224 1339 2238 »
1365 2212 1500 2241 siastice
1517 2210 1764 2250 jurisdictionis
1782 2214 1813 2240 et
1830 2209 2091 2240 emolumentum
2115 2209 2262 2248 ejusdem
2279 2217 2338 2247 per

1326 2277 1338 2291 »
1363 2265 1636 2296 Cameracensem
1656 2264 1824 2293 civitatem
1844 2267 1875 2294 et
1893 2263 2051 2293 diocesim
2075 2271 2150 2292 cum
2173 2261 2336 2292 adminis-

1326 2331 1338 2345 »
1365 2318 1505 2348 tratione
1526 2317 1756 2355 temporalium
1777 2317 1810 2346 in
1826 2316 1922 2346 bonis
1939 2315 2183 2354 episcopalibus
2199 2314 2336 2345 univer-

1325 2384 1338 2399 »
1364 2372 1410 2401 sis
1420 2371 1627 2409 perciperent
1639 2374 1669 2399 et
1682 2378 1741 2400 sua
1752 2370 1909 2404 facerent,
1921 2369 2050 2398 ratione
2058 2367 2333 2402 vicedominatus,

1325 2437 1337 2451 ι)
1363 2432 1461 2463 quem
1484 2423 1549 2461 ipsi
1571 2423 1695 2452 habent
1717 2432 1774 2460 per
1798 2426 1898 2452 totam
1923 2421 2154 2451 castellaniam
2176 2420 2336 2451 Camera-

1324 2489 1337 2503 »
1361 2486 1494 2507 oensem
1512 2480 1543 2506 et
1559 2476 1593 2505 in
1613 2475 1691 2505 villa
1709 2476 1748 2505 de
1764 2475 1907 2511 Thunio‚
1925 2484 1999 2505 cum
2016 2475 2087 2504 suis
2106 2473 2332 2513 pertinentiis,

1324 2543 1337 2557 »
1362 2530 1474 2560 omnia
1507 2529 1643 2559 mobilia
1671 2529 1854 2567 spectantia
1886 2529 1927 2558 ad
1957 2528 2164 2566 episcopum,
2188 2531 2335 2565 tempore

1324 2595 1336 2609 »
1362 2582 1478 2612 mortis
1495 2591 1569 2616 suc,
1587 2591 1715 2611 necnon
1735 2586 1765 2612 et
1788 2590 1903 2611 omnes
1920 2584 2100 2619 proventus
2123 2579 2333 2618 episcopatus

1323 2648 1336 2662 »
1360 2635 1594 2674 provenientes
1611 2635 1700 2664 infra
1717 2634 1876 2664 terminos
1891 2633 2086 2667 antedictos,
2101 2635 2238 2662 vacante
2256 2630 2335 2662 sede

1323 2701 1336 2715 υ
1362 2688 1606 2722 Cameracensi,
1619 2692 1649 2718 et
1664 2688 1763 2717 etiam
1777 2687 1880 2717 donec
1895 2685 2018 2716 electus
2034 2694 2092 2724 pro
2109 2690 2255 2723 tempore
2271 2692 2334 2714 sua

1322 2753 1336 2768 »
1361 2740 1487 2779 regalia
1508 2741 1702 2779 recepisset,
1722 2740 1808 2770 etde
1826 2739 1888 2769 hoc
1906 2739 2005 2769 fidem
2028 2738 2164 2768 fecisset
2187 2735 2335 2775 capitulo

1322 2806 1335 2821 »
1361 2798 1560 2829 memorato,
1579 2798 1610 2823 et
1626 2802 1726 2832 super
1744 2792 1839 2823 mode
1859 2791 1975 2822 utendi
1993 2790 2241 2821 vicedominatu
2256 2797 2334 2827 pre-

1322 2859 1335 2873 »
1360 2846 1458 2881 dicto,
1476 2846 1564 2877 inter
1580 2855 1639 2876 nos
1654 2851 1685 2876 et
1701 2845 1865 2884 predictos
1881 2844 2097 2883 prepositum.
2115 2842 2278 2872 decanum
2298 2843 2331 2871 et

1322 2912 1335 2926 »
1361 2899 1543 2938 capitulum
1567 2899 1697 2938 questio
1718 2902 1806 2928 mota
1829 2901 1935 2933 esset3
1956 2895 2088 2926 tandem
2111 2898 2184 2933 post
2207 2892 2334 2924 multas
