2498 3325
192 228 248 257 250
916 223 1155 254 REGISTRES
1178 222 1484 253 D'ALEXANDRE
1509 224 1564 254 IV.

189 292 283 323 Nulli
297 296 357 322 etc.
376 295 486 321 nostre
500 290 725 321 concessionis
743 294 803 320 etc.
823 291 896 320 Dat.
915 289 1077 327 Anagnie‚
1095 289 1128 319 11
1143 288 1198 318 ka-

189 344 304 375 lendas
323 343 477 378 octobris,
496 352 583 373 anno
598 343 716 382 primo.
736 355 749 369 ι)

262 524 347 552 82⁵7

227 585 408 619 Margaritae,
427 585 543 618 reginae
561 583 712 614 Franciae,
730 583 859 610 eamdem
877 582 1010 609 concedit
1025 582 1198 608 facultatem.

194 635 275 667 (Rea.
291 635 336 666 24,
351 642 376 660 c.
397 633 470 666 6562,
489 633 507 659 f.
526 633 582 665 98.)

677 521 802 555 Anagni,
820 521 853 548 30
869 520 1032 555 septembre
1049 519 1128 547 1255.

233 748 246 762 «
265 736 428 766 Carissime
455 736 489 764 in
510 735 629 764 Christo
648 734 711 771 filie
733 734 912 771 Maryarite,
940 733 1044 770 reqine
1070 732 1200 761 Francie

192 790 319 819 illustri.
346 789 414 818 Tne
435 787 554 817 merita
574 787 778 817 sinceritatis
804 803 842 808 —-
866 786 1004 815 minime
1027 784 1201 815 consuevit

191 846 252 871 etc.
270 847 306 872 ut
323 841 358 870 in
375 840 441 870 alia
456 849 513 878 per
532 844 635 869 totum
651 848 757 878 usque
772 839 807 868 in
824 839 936 868 finem.
959 850 971 864 n

262 1019 352 1048 828

228 1081 352 1108 Plebano
364 1081 504 1106 eeclesiae
516 1079 551 1105 de
561 1079 632 1114 Wyl
646 1078 783 1113 indulget,
797 1082 836 1109 ut,
856 1086 910 1104 non
927 1078 1060 1104 obstante
1076 1084 1200 1103 consue-

192 1131 290 1158 tudine
306 1129 539 1155 Constantiensis
555 1128 689 1158 diocesis,
708 1127 866 1159 usurarios
884 1126 1043 1152 homicidas
1057 1130 1085 1152 et
1100 1127 1201 1153 incen-

192 1180 298 1205 diarios
319 1179 499 1212 poonitcntes
516 1180 542 1202 et
559 1176 632 1211 apud
654 1176 805 1201 ecclesiam
824 1175 857 1201 de
873 1174 944 1209 Wyl
960 1174 1135 1208 sepulturam
1152 1174 1199 1200 eli-

191 1232 293 1262 gentes
315 1227 437 1261 sepelire
463 1226 568 1251 valeas.
593 1225 675 1257 (Rm.
700 1224 745 1254 24,
768 1232 794 1250 c.
823 1223 884 1254 657,
907 1223 926 1249 s.
950 1223 1002 1254 98;
1027 1222 1197 1256 Brinnonem,

191 1278 257 1303 Aeta
270 1275 370 1310 pontis.
389 1275 495 1305 havet..
514 1277 535 1300 t.
554 1272 576 1304 Ι,
593 1280 623 1299 no
639 1273 711 1305 650)

677 1016 802 1049 Anagni,
819 1015 853 1042 22
870 1015 1032 1050 septembre
1049 1014 1127 1042 1255.

233 1390 245 1404 <t
326 1377 452 1414 plebano
475 1376 591 1405 ecclesie
616 1375 649 1403 de
680 1375 765 1409 Wile,
794 1374 1034 1404 Constantiensis
1063 1373 1198 1402 diocesis.

191 1431 285 1464 Cum,
307 1430 391 1459 sicut
406 1428 501 1458 nobis
519 1436 680 1465 exponere
697 1426 867 1461 curavisti,
885 1425 920 1455 in
937 1425 1071 1455 civitate
1087 1429 1118 1455 et
1134 1425 1200 1455 dio-

192 1483 260 1513 cesi
276 1481 590 1513 Constantiensibus
608 1480 646 1509 de
663 1479 918 1514 consuetudine,
937 1487 1001 1517 que
1014 1478 1201 1516 corruptela

192 1535 331 1565 dicenda
347 1538 396 1564 est
414 1533 533 1571 potius,
551 1532 724 1567 habeatur,
738 1536 774 1561 ut
791 1540 906 1561 omnes
920 1531 1079 1566 usurarii,
1092 1530 1201 1560 homi-

192 1589 262 1619 cide
280 1592 310 1618 et
327 1586 527 1617 incendiarii
539 1585 722 1620 manifesti,
740 1589 1035 1623 quantumcunque
1052 1584 1201 1614 satisfac-

191 1642 316 1672 tionem
330 1640 513 1678 plenariam
528 1643 558 1668 et
570 1638 788 1676 penitentiam
805 1637 933 1675 egerint
947 1637 985 1667 de
999 1637 1198 1672 commissis,

192 1703 266 1723 cum
283 1693 456 1726 decedunt,
475 1700 588 1721 eorum
606 1700 741 1729 corpora
757 1690 842 1719 tradi
859 1698 925 1719 non
941 1689 1082 1720 debeant
1100 1690 1201 1720 eccle-

192 1746 326 1776 siastice
344 1745 531 1782 sepulture,
549 1743 645 1773 nobis
662 1743 835 1772 humiliter
852 1742 1057 1780 supplicasti,
1079 1746 1115 1772 ut
1130 1751 1201 1780 par-

191 1799 380 1829 rocchianis
398 1797 536 1827 ecclesie
552 1801 607 1826 tue
626 1800 656 1825 et
673 1795 748 1825 aliis
763 1795 820 1834 qui
839 1795 926 1833 apud
944 1795 1082 1825 eandem
1101 1795 1201 1825 eccle-

194 1852 278 1882 siam
303 1850 368 1879 sibi
392 1849 553 1887 elegerint
576 1848 799 1887 sepulturum,
825 1847 876 1887 (et)
900 1847 1073 1885 providere
1104 1856 1202 1886 super

193 1905 254 1934 hoc
271 1908 408 1941 paterna
424 1901 599 1939 diligentia
612 1909 816 1930 curaremus.
832 1901 900 1930 Nos
914 1900 1027 1938 igitur,
1044 1900 1112 1930 tuis
1129 1909 1202 1938 sup-

192 1956 429 1995 plicationibus
452 1954 622 1988 inclinati,
647 1957 683 1983 ut
704 1953 838 1983 illorum
859 1962 994 1991 corpora
1012 1962 1087 1982 cum
1107 1953 1203 1983 dece-

193 2010 275 2039 dunt
295 2009 350 2047 qui
371 2017 405 2037 se
431 2007 517 2045 apud
539 2006 661 2036 dictam
679 2006 854 2035 ecclesiam
874 2005 1036 2043 elegerint
1055 2005 1201 2044 sepeliri,

193 2062 222 2091 si
249 2061 309 2090 tibi
335 2059 521 2090 constiterit
550 2068 605 2088 eos
631 2067 729 2096 super
758 2058 825 2088 hiis
854 2067 917 2096 que
942 2058 1030 2088 circa
1056 2058 1204 2096 predicta

194 2114 431 2144 commiserunt
472 2111 735 2142 satisfactionem
775 2111 960 2149 plenariam
996 2110 1200 2149 prestitisse,

194 2165 433 2196 consuetudine
447 2164 637 2203 hujusmodi
650 2172 715 2193 non
729 2163 891 2199 obstante,
909 2163 1013 2193 libere
1027 2163 1113 2201 apud
1128 2172 1203 2193 ean-

194 2220 267 2249 dem
293 2218 595 2248 ecclesia111·sacere
620 2216 730 2246 valeas
750 2216 899 2254 sepeliri,
924 2217 1119 2246 auctoritate
1142 2216 1204 2246 tibi

194 2271 399 2310 presentium
430 2269 653 2307 indulgemus.
685 2269 783 2299 Salva
808 2273 918 2298 tamen
946 2269 1106 2298 canonica
1127 2278 1203 2307 por-

194 2325 283 2353 tione
301 2323 434 2352 illarum
452 2321 667 2352 ecclesiarum
692 2331 710 2350 a
734 2321 856 2360 quibus
881 2321 1113 2351 defunctorum
1136 2330 1203 2350 cor-

194 2385 273 2414 pora
296 2378 524 2405 assumuntur.
547 2373 640 2403 Nulli
668 2378 728 2403 etc.
752 2378 863 2403 nostre
888 2374 1114 2404 concessionis
1140 2379 1200 2404 etc.

194 2429 268 2458 Dat.
286 2428 449 2465 Anagnie,
467 2427 497 2456 Χ
512 2426 671 2455 kalendas
688 2426 847 2461 octobris,
866 2435 952 2456 anno
968 2426 1086 2464 primo.
1108 2438 1120 2452 n

266 2612 352 2641 829

233 2674 410 2708 Hermai-(101,
425 2675 515 2700 electo
532 2674 687 2705 Auitiensi,
706 2675 855 2700 confirmat
871 2675 1088 2709 indulgentiam,
1108 2679 1138 2702 ut
1155 2683 1204 2702 us-

724 2611 849 2645 Anagni,
869 2612 905 2637 1⁰¹·
920 2612 1036 2638 octobre
1054 2612 1130 2639 1‘255.

196 2733 251 2759 que
268 2724 301 2750 ad
317 2724 471 2749 triennium
495 2723 722 2749 consecrationis
744 2731 849 2749 munus
874 2723 1001 2758 recipcre
1022 2724 1138 2750 minime
1162 2727 1204 2750 te·-

198 2771 428 2805 neantur.(R1-:G.
446 2771 489 2805 24,
507 2779 532 2797 c.
551 2771 611 2801 658,
630 2771 648 2797 s.
665 2771 721 2804 98.)

239 2886 252 2900 «
271 2874 348 2908 Ber„
369 2873 455 2902 electo
474 2873 493 2901 A
502 2873 638 2901 niciensi.
657 2872 741 2908 Quia
757 2872 893 2910 plurimi
908 2873 943 2902 in
963 2874 1205 2905 cathedralium

1281 287 1497 318 ecclesiarum
1511 288 1632 319 electos
1644 289 1805 328 assumpti
1819 289 2103 320 consecrationem
2116 298 2209 319 suam
2224 297 2290 318 non

1282 340 1406 378 absque
1432 340 1649 371 ecclesiarum
1671 350 1808 372 suarum
1832 341 1978 380 periculo
2001 342 2170 380 suscipere
2195 341 2291 372 diffe-

1282 397 1359 422 runt
1375 396 1406 423 et
1422 393 1600 431 protelant,
1618 399 1750 432 propter
1768 394 1855 433 quod
1878 403 1976 432 grave
1995 394 2166 432 patiuntur
2186 393 2291 424 eccle-

1282 445 1330 475 sie
1342 445 1554 484 dispendium
1568 446 1602 475 in
1615 447 1777 486 utrisque,
1791 456 1862 482 nos,
1876 447 1938 477 sub
1951 447 2046 486 cujus
2060 455 2138 476 cura
2152 446 2291 476 ecclesie

1281 498 1352 536 ipse
1368 499 1571 533 consistunt,
1589 499 1737 529 volentes
1755 499 1903 538 ipsarum
1922 498 2220 537 indempnitatibus
2237 507 2292 528 oc-

1282 561 1426 587 currere,
1440 556 1476 581 ut
1486 556 1649 587 tenemur,
1663 552 1701 582 de
1715 553 1855 582 fratrum
1865 556 2054 583 nostrorum
2065 552 2216 587 consilio,
2230 556 2292 582 ter-

1282 604 1410 634 minum
1420 613 1475 634 sex
1488 604 1654 634 mensium
1663 605 1811 634 omnium
1823 604 2064 635 cathedralium
2075 604 2294 635 ecclesiarum

1283 656 1396 687 clectis
1416 656 1570 686 duximus
1583 657 1806 692 statuendum,
1822 657 1911 687 infra
1927 666 2026 696 quern
2044 666 2165 687 munus
2181 666 2293 688 conse-

1283 718 1335 738 cra
1343 709 1441 738 tionis
1456 708 1639 747 suscipiant
1656 713 1858 739 reverenter.
1873 709 2043 748 Alioquin,
2062 709 2128 739 nisi
2144 708 2293 747 legitimo

1282 761 1518 799 impedimento
1533 761 1657 792 detenti
1673 762 1810 798 fuerint,
1831 762 1871 792 ab
1886 762 2176 792 administratione
2194 761 2294 800 spiri-

1283 814 1423 844 tualium
1438 818 1468 844 et
1485 814 1716 852 temporalium
1732 815 1885 845 noverint
1898 824 1932 845 se
1943 823 2135 853 suspensos.
2148 813 2240 850 Quod
2250 813 2291 850 si,

1283 876 1348 896 non
1368 872 1520 905 suscepto
1544 867 1806 898 consecrationis
1827 876 1975 903 munere,
1999 867 2087 897 ultra
2109 867 2294 906 predictum

1283 920 1461 950 terminum
1475 920 1641 950 retineant
1657 920 1815 950 ecclesias
1831 920 1908 950 aliis
1925 929 1981 950 sex
1998 920 2170 950 mensibus
2181 919 2294 950 vidua-

1282 977 1342 1008 tas,
1357 978 1474 1003 extunc
1487 973 1613 1003 eisdem
1624 973 1774 1004 ecclesiis
1791 973 1987 1003 auctoritate
2001 972 2182 1011 apostolica
2197 981 2294 1002 nove-

1281 1025 1348 1055 rint
1365 1035 1398 1056 se
1415 1026 1571 1064 privatos,
1589 1034 1626 1055 ac
1640 1025 1785 1064 capitula
1796 1030 1827 1056 et
1841 1025 1980 1063 collegia
1996 1029 2027 1055 et
2043 1028 2236 1060 conventus,
2252 1024 2294 1054 ad

1282 1088 1345 1117 que
1374 1078 1490 1108 electio
1512 1079 1656 1117 pertinet
1682 1078 1916 1117 predictorum,
1942 1078 2007 1109 sibi
2031 1077 2226 1117 providendi
2253 1077 2292 1108 de

1282 1131 1357 1162 aliis
1387 1131 1532 1161 habeant
1559 1132 1754 1162 auctoritate
1783 1136 1894 1161 nostra
1924 1131 2064 1161 liberam
2087 1130 2292 1161 facultatem.

1280 1184 1355 1213 Non
1371 1183 1522 1213 obstante
1538 1183 1748 1221 indulgentia
1764 1184 1812 1213 eis
1829 1192 1847 1213 a
1863 1192 2071 1222 quocumque
2084 1187 2114 1213 et
2131 1182 2193 1212 sub
2209 1191 2292 1221 qua-

1281 1245 1421 1275 cumque
1439 1236 1614 1266 verborum
1635 1236 1741 1265 forma
1757 1244 1925 1270 concessa.
1942 1245 2001 1274 per
2017 1244 2116 1274 quam
2133 1234 2293 1264 adversus

1282 1292 1442 1318 statutum
1459 1288 1651 1327 hujusmodi
1666 1292 1801 1326 possent
1818 1288 1853 1317 in
1870 1287 1982 1326 aliquo
1998 1296 2033 1317 se
2050 1287 2148 1317 tueri.
2168 1288 2294 1317 Verum

1282 1341 1375 1380 quia,
1395 1341 1481 1371 sicut
1504 1350 1541 1371 ex
1564 1345 1656 1379 parte
1681 1345 1736 1370 tua
1755 1341 1817 1370 suit
1834 1340 2039 1379 propositum
2057 1349 2168 1370 coram
2184 1339 2292 1374 nohis,

1283 1394 1343 1423 tibi
1362 1398 1397 1423 ut
1419 1402 1525 1432 usque
1547 1394 1588 1423 ad
1610 1394 1795 1424 triennium
1817 1393 2009 1433 hujusmodi
2032 1392 2294 1423 consecrationis

1282 1456 1404 1477 munus
1420 1447 1567 1485 recipere
1583 1447 1721 1476 minime
1738 1446 1895 1481 tenearis,
1910 1455 1968 1485 per
1985 1449 2115 1476 nostras
2137 1445 2309 1476 duximus

1280 1500 1409 1530 litteras
1426 1499 1678 1538 indulgendum,
1693 1508 1762 1535 nos,
1783 1499 1930 1529 volentes
1942 1498 2134 1538 hujusmodi
2146 1497 2207 1528 tibi
2223 1506 2295 1536 gra-

1283 1553 1363 1583 tiam
1389 1553 1554 1591 intcgram
1580 1561 1790 1586 conservare,
1816 1551 1983 1582 devotioni
2009 1556 2064 1581 tue
2088 1550 2296 1589 presentium

1282 1610 1396 1636 tenore
1415 1605 1638 1641 concedimus,
1656 1610 1692 1635 ut
1704 1604 1914 1643 indulgentia
1928 1603 2131 1643 hujusmodi,
2148 1603 2296 1642 predicto

1284 1663 1406 1689 statuto
1421 1667 1633 1697 nequaquam
1648 1658 1811 1693 obstante,
1830 1666 1936 1696 usque
1953 1657 1993 1687 ad
2009 1657 2176 1695 prefatum
2191 1656 2296 1686 trien·

1283 1712 1378 1742 nium
1396 1720 1491 1742 suani
1508 1711 1655 1741 obtineat
1674 1710 1877 1740 firmitatem.
1896 1710 1989 1740 Nulli
2006 1714 2065 1740 etc.
2086 1713 2198 1740 nostre
2217 1717 2297 1739 con-

1284 1764 1447 1795 cessionis
1472 1767 1531 1794 etc.
1559 1765 1632 1793 Dat.
1654 1763 1827 1801 Anagnffi,
1849 1762 2002 1792 kalendis
2024 1762 2184 1797 octobris,
2209 1769 2296 1792 anno

1284 1818 1402 1856 primo.
1422 1829 1435 1843 ³>

1356 1983 1444 2011 830

1321 2044 1463 2079 Episcopo
1488 2043 1657 2070 Caturcensi
1681 2043 1806 2075 mandat,
1831 2043 1968 2077 quatinus
1991 2043 2128 2076 magistro
2146 2041 2297 2068 Willelmo

1286 2093 1417 2127 Lacosta‚
1443 2092 1560 2128 pauperi
1583 2092 1687 2118 clerico
1711 2091 1837 2118 diocesis
1859 2091 1962 2125 ipsius,
1986 2091 2020 2116 de
2042 2090 2136 2125 aliquo
2157 2089 2297 2116 beneficio

1287 2142 1443 2177 provideat.
1462 2141 1545 2175 (itta.
1562 2141 1606 2173 Ἡ,
1623 2149 1648 2168 c.
1667 2141 1728 2171 651³,
1747 2140 1767 2167 f.
1784 2140 1852 2174 (ὁδ’.)

1770 1981 1897 2014 Anagni,
1914 1979 1948 2007 ‘25
1964 1979 2129 2014 septembre
2146 1979 2223 2006 1255.

1328 2257 1340 2270 (ι
1362 2267 1394 2279 ..,
1410 2245 1543 2281 episcopo
1562 2243 1748 2273 Calui-censi.
1770 2242 1814 2271 Ex
1831 2245 1927 2279 parte
1938 2240 2050 2270 dilecti
2067 2239 2128 2269 filii
2145 2238 2298 2277 magistri

1285 2296 1449 2326 VVillelmi
1471 2297 1625 2330 Lacosta,
1647 2294 1801 2332 pauperis
1833 2293 1946 2323 clerici
1972 2297 2026 2322 tue
2049 2292 2209 2327 diocesis,
2233 2291 2298 2321 fuit

1287 2349 1382 2379 nobis
1397 2348 1570 2378 humiliter
1585 2347 1817 2385 supplicatum,
1831 2351 1878 2380 ut,
1897 2355 1971 2376 cum
1985 2345 2067 2383 ipsc,
2084 2344 2137 2374 cui
2153 2344 2191 2374 de
2207 2343 2298 2374 litte-

1286 2411 1399 2432 rarum
1421 2401 1562 2431 scientia
1579 2399 1745 2430 laudabile
1773 2398 2000 2428 testiinonium
2018 2397 2227 2435 perhibetur,
2245 2400 2299 2426 ut-

1285 2459 1359 2493 pote
1386 2455 1443 2493 qui
1466 2454 1523 2483 diu
1542 2453 1629 2492 juris
1646 2452 1798 2482 canonici
1821 2456 1851 2481 et
1874 2450 1983 2480 civilis
2004 2449 2114 2479 studio
2132 2448 2299 2478 institisse

1286 2507 1407 2537 dicitur
1425 2511 1456 2537 et
1478 2506 1659 2545 profecisse
1678 2504 1892 2535 landabiliter
1908 2503 1942 2533 in
1961 2503 2090 2537 eodem,
2109 2501 2238 2532 nullum
2255 2500 2300 2530 sit

1289 2560 1396 2589 adhuc
1417 2559 1678 2589 ecclesiasticum
1703 2557 1902 2587 beneficium
1926 2559 2113 2590 assecutus,
2133 2553 2300 2592 provideri

1287 2613 1351 2642 sihi
1368 2613 1406 2642 de
1429 2611 1635 2649 benignitate
1658 2610 1837 2648 apostolica
1854 2608 2098 2638 mandaremus.
2120 2606 2181 2636 Pia
2196 2606 2300 2643 igitur

1287 2675 1362 2695 eum
1390 2664 1615 2695 benivolentia
1644 2666 1901 2702 prosequentes,
1935 2660 2180 2690 fraternitatem
2210 2663 2300 2688 tuam

1288 2727 1441 2756 rogamus
1456 2722 1486 2747 ct
1502 2717 1674 2746 hortamur
1691 2720 1815 2745 attente
1832 2724 1890 2753 per
1906 2712 2087 2752 apostoliea
2103 2711 2164 2741 tibi
2177 2711 2300 2749 scripta

1287 2771 1482 2801 mandantes
1506 2770 1682 2808 quatinus,
1705 2769 1733 2798 si
1755 2772 1804 2798 est
1825 2768 1886 2802 ita,
1911 2766 2017 2796 eidem
2038 2765 2158 2795 clerico
2179 2772 2299 2794 sec-un-

1288 2823 1365 2853 dum
1391 2832 1449 2853 sue
1472 2822 1646 2861 probitatis
1667 2821 1785 2851 merita
1806 2820 1844 2850 de
1863 2819 1974 2858 aliquo
1995 2816 2220 2848 ecclesiastico
2241 2815 2300 2846 be-

1288 2876 1407 2905 neficio
1437 2876 1634 2914 competenti
1663 2875 1703 2904 ad
1730 2874 1968 2913 cujuscumque
2000 2870 2210 2901 collationem
2240 2876 2301 2898 seu
