2498 3325
208 248 244 264 οη

210 267 243 276 μμ

211 325 222 338 J>

210 378 222 391 D

211 431 222 444 ))

211 484 222 497 ))

211 537 222 550 >i

209 589 221 603 >7

210 641 222 655 ))

211 696 222 709 ’i

210 748 222 762 ))

210 800 222 815 ))

209 854 221 867 ὶ)

211 906 222 919 )1

210 959 222 973 ))

210 1013 222 1026 ))

211 1065 223 1079 ))

210 1120 222 1133 ))

211 1172 222 1185 ))

209 1226 221 1239 ))

210 1279 221 1291 ))

208 1331 220 1344 )ὶ

208 1383 219 1396 >A

208 1436 220 1450 >>

210 1488 222 1503 >t

209 1541 221 1555 >t

209 1595 220 1608 ))

209 1752 221 1766 ))

248 248 265 277 O
934 244 1174 276 REGISTRES
1196 244 1504 276 D'ALEXANDRE
1527 247 1583 276 IV.

249 322 328 351 pape
349 312 437 342 tertii
460 312 607 342 continet
625 312 679 351 jus
697 321 879 342 commune.
900 312 984 342 Item
1000 320 1066 341 non
1083 314 1227 356 apparet·

248 365 409 403 originale
425 365 543 402 ipsius.
559 383 597 386 —
610 365 761 395 Secunda
774 374 849 395 vcro
866 364 1075 403 indulgentia
1090 363 1228 395 domini,

248 427 329 456 pape
347 417 533 447 Innocentii
552 418 617 447 llll
635 417 696 446 suit
721 427 778 455 per
800 417 876 447 falsi
893 417 1140 455 suggestionem
1160 416 1218 446 ob-

251 476 353 501 tenta:
379 470 463 500 salso
487 471 574 499 enim
599 471 661 500 snit
680 471 712 499 in
731 471 963 509 impetratione
981 470 1087 509 ipsius
1106 469 1218 499 indul-

250 524 359 561 gentie
382 523 514 553 domino
537 532 618 561 pape
640 528 849 559 suggestum„
871 523 957 562 quod
980 523 1118 553 ecclesie
1138 523 1218 552 Pre-

248 577 504 607 monstratensis
527 576 653 606 ordinis
676 576 715 606 ab
733 577 850 606 abbate
869 575 1171 607 Premonstratensi
1187 578 1218 605 et

249 629 397 667 patribus
419 629 595 659 abbatibus
619 639 654 658 ar
678 629 908 659 visitatoribus
933 632 964 659 et
987 628 1063 658 aliis
1086 628 1124 658 de
1147 629 1217 667 ipso

247 682 361 711 ordine
379 682 554 712 destinatis
570 682 609 711 ab
624 682 671 711 eis
684 687 713 711 et
724 692 740 711 a
751 681 841 711 nullo
853 682 917 711 alio
929 683 1060 712 fuerant
1072 682 1216 711 visitate.

247 753 285 756 —
296 737 459 765 Preterea.
474 735 548 764 dato
561 735 646 773 qnod
659 734 827 773 aliquibus
837 735 988 765 ecelesiis
997 744 1056 765 seu
1065 735 1217 765 domibus

248 788 568 818 Preinonstratensis
591 788 718 817 ordinis
739 787 949 825 indulgentia
970 788 1042 826 ipsa
1062 788 1218 826 prodesse

247 841 390 871 debs-ret.
410 840 477 869 illis
497 845 565 870 tuni
583 840 734 871 ecclesiis
750 841 881 879 prodest
897 841 1124 871 tantummodo
1136 845 1166 870 et
1179 841 1218 870 ad

249 903 304 923 eas
321 897 431 922 tamen
448 893 647 928 extenditur,
667 902 729 932 (1116
746 903 804 931 per
819 893 971 923 ordinem
987 895 1218 924 Premonstra-

250 951 375 976 tenseni
391 951 419 976 ct
438 956 501 976 non
521 956 577 985 per
593 947 783 985 episcopum
800 947 932 977 visitate
948 947 1084 977 fuerunt
1100 951 1131 977 et
1147 956 1219 977 cor-

249 1004 347 1029 recte.
375 999 439 1029 Sed
461 999 741 1030 Catltalaunensis
766 1000 939 1038 episcopus
960 1023 992 1035 ..,
1010 1000 1216 1038 priorissam,

249 1057 277 1083 et
293 1057 490 1082 conventum
504 1052 699 1082 monialium
712 1063 775 1091 que
792 1053 825 1082 in
838 1052 933 1082 domo
944 1053 983 1083 de
994 1053 1127 1083 NVanou
1139 1052 1219 1083 olim

248 1107 382 1136 suerunt
403 1106 527 1144 pluries
544 1107 703 1141 visitavit,
718 1106 918 1145 predicando
930 1106 1011 1144 ipsis
1028 1106 1114 1136 etde
1130 1110 1219 1137 statu

249 1161 365 1189 domus
398 1159 545 1198 ejusdem
576 1159 744 1198 querendo
776 1164 806 1189 et
840 1159 1107 1197 procurationem
1133 1159 1219 1189 reci-

247 1213 367 1251 piendo
385 1213 519 1247 ibidem,
539 1213 624 1242 sicut
641 1217 741 1242 testes
757 1212 902 1250 episcopi
914 1212 1028 1242 dicunt
1045 1217 1167 1250 aperte.
1181 1230 1220 1234 —

248 1267 402 1295 Preterea
430 1274 494 1294 non
521 1265 678 1302 probatur
703 1265 788 1303 quod
814 1264 930 1293 domus
953 1264 991 1294 de
1013 1265 1146 1294 VVanou
1167 1264 1219 1295 vel

247 1319 366 1347 fratres
384 1322 624 1347 commorantes
642 1317 675 1346 in
698 1326 734 1346 ea
758 1321 906 1355 spectent
922 1317 963 1346 ad
978 1317 1218 1347 monasterium

247 1370 351 1399 sancti
370 1369 477 1400 Pauli.
496 1370 545 1399 Ad
562 1369 632 1404 hec,
651 1378 724 1398 cum
742 1369 776 1398 in
793 1368 905 1398 libello
921 1372 1070 1407 porrecto
1089 1369 1126 1399 de
1146 1378 1217 1399 sen-

248 1423 361 1453 tentiis
383 1428 448 1452 tam
467 1427 594 1459 agatur,
617 1422 704 1451 dicta
721 1422 945 1459 indulgentia,
964 1431 1027 1461 que
1046 1422 1084 1452 de
1101 1422 1218 1452 visita-

248 1477 337 1506 tione
365 1480 395 1505 et
422 1475 624 1505 correctione
647 1479 677 1505 et
703 1484 768 1504 non
796 1475 834 1505 de
861 1475 1038 1505 sententiis
1058 1474 1216 1514 loquitur,

249 1529 377 1558 abbatis
394 1533 422 1557 et
439 1528 579 1557 fratrum
596 1527 828 1562 intentionem,
844 1531 1004 1566 quantum
1017 1527 1057 1557 ad
1067 1527 1218 1557 libellum

248 1581 367 1619 ipsum,
388 1590 453 1610 non
467 1581 571 1619 juvat.

249 1647 261 1661 ›>
284 1636 363 1665 l'ars
382 1644 457 1663 vero
479 1634 608 1663 abbatis
629 1638 659 1663 et
677 1634 816 1663 fratrum
838 1633 986 1672 ipsorum
1008 1633 1048 1663 ad
1068 1633 1129 1663 bec
1147 1642 1218 1663 res-

247 1687 394 1726 pondens
409 1691 439 1716 et
457 1686 561 1724 primo
581 1686 619 1715 ad
638 1685 719 1715 illud
736 1685 821 1724 quod
839 1685 901 1715 suit
926 1685 1109 1724 objectum,
1132 1686 1219 1724 quod

248 1739 410 1777 originale
441 1739 544 1777 prime
568 1738 775 1776 indulgentie
799 1747 862 1768 non
889 1743 1040 1776 apparet,
1070 1738 1216 1774 dicebat,

247 1793 332 1831 quod
350 1801 422 1821 cnm
442 1796 535 1821 tenor
554 1791 659 1829 ipsius
683 1791 717 1819 in
739 1795 868 1828 regesto
887 1791 1012 1820 domini
1030 1791 1218 1821 Innocentii

247 1845 336 1875 tertii
354 1845 394 1874 sit
414 1848 596 1882 reppertus,
615 1843 777 1881 originale
794 1852 851 1881 pro
866 1843 990 1873 nichilo
1004 1844 1216 1882 querebatur.

247 1917 284 1920 —
301 1899 348 1928 Ad
363 1898 444 1927 illud
464 1906 539 1927 vcro
555 1896 642 1935 (111011
655 1901 768 1926 contra
783 1896 961 1926 secundam
974 1896 1218 1935 indulgentiam

247 1951 373 1981 domini
398 1959 476 1988 pape
506 1949 694 1980 Innocentii
720 1950 787 1979 IIII
813 1949 876 1978 fuit
901 1949 1102 1987 oppositum,
1131 1950 1218 1988 quod

247 2004 330 2034 salso
356 2004 418 2033 fuit
440 2004 474 2032 in
496 2002 728 2040 impetratione
752 2002 885 2031 domino
905 2011 986 2041 pape
1011 2006 1215 2040 suggestum,

247 2057 333 2096 quod
350 2056 488 2085 ecclesie
515 2055 834 2085 t‘rmnonstratensis
854 2055 982 2084 ordinis
1003 2064 1021 2084 a
1042 2055 1132 2085 nullo
1152 2056 1216 2085 alio

247 2119 345 2148 quam
370 2109 409 2139 ab
435 2108 552 2137 abbate
577 2107 879 2151 Premonstratensi
906 2117 942 2137 ac
967 2107 1043 2137 aliis
1068 2109 1217 2147 ejusdem

246 2163 373 2193 ordinis
388 2162 520 2190 visitate
537 2161 682 2190 suerunt.
696 2165 888 2198 procurator
902 2161 1031 2190 abbatis
1047 2162 1217 2200 respondit

248 2215 333 2254 quod
349 2224 423 2243 cnm
447 2214 547 2243 abbas
569 2213 889 2243 Premonstratensis
908 2218 938 2243 et
957 2213 1014 2243 alii
1030 2218 1140 2252 patres
1159 2215 1217 2244 ab-

248 2268 338 2297 bates
364 2276 490 2296 necnon
515 2266 703 2296 visitatores
727 2266 884 2295 destinati
915 2266 954 2296 ab
984 2267 1032 2297 eis
1060 2268 1217 2298 ecclesias

247 2321 310 2349 sibi
328 2320 492 2358 subjectas
510 2319 548 2348 de
562 2320 635 2357 jure
656 2319 823 2348 communi
842 2319 977 2349 visitare
999 2329 1035 2349 ac
1052 2321 1217 2359 corrigere

247 2373 388 2403 valeant,
411 2372 555 2410 predicta
572 2372 727 2405 narratio,
750 2371 903 2401 videlicet
922 2372 1009 2410 quod
1023 2374 1149 2411 prefate
1164 2383 1217 2404 ec-

248 2426 346 2455 clesie
366 2426 495 2454 visitate
514 2426 649 2454 suerunt
671 2425 710 2454 ab
732 2424 826 2462 ipsis,
851 2425 1057 2463 impetratori
1076 2435 1139 2455 non
1159 2436 1217 2456 no-

210 2495 215 2505 »
247 2480 325 2513 cuit,
344 2483 373 2507 et
391 2478 431 2507 ob
448 2478 506 2507 110(-
525 2487 623 2515 super
638 2478 831 2515 probatione
850 2479 1052 2508 narrationis
1069 2480 1217 2518 ejusdem

210 2546 215 2557 ‚
248 2532 429 2569 impetrans
446 2530 576 2559 onerari
596 2539 659 2559 non
679 2530 785 2559 debet„
804 2531 841 2559 In
859 2539 896 2560 eo
913 2540 989 2560 vero
1008 2530 1218 2570 quod'impe-
1244 2555 1248 2564 .

249 2590 339 2614 trans
358 2592 510 2612 narrasse
525 2583 646 2612 dicitur
662 2583 748 2621 quod
765 2592 783 2612 a
799 2583 890 2613 nullo
904 2583 968 2614 alio
982 2584 1067 2614 dicte
1079 2585 1217 2616 ecclesie

249 2637 378 2666 fuerant
407 2635 539 2665 visitate
565 2635 715 2664 narranti
736 2635 902 2673 probatio,
930 2646 1005 2665 cum
1030 2638 1217 2675 negativam

249 2689 395 2719 narratio
413 2688 483 2725 ipsa
508 2688 684 2723 (cntineat,
705 2697 769 2717 non
787 2688 960 2724 incumbit,
979 2689 1035 2719 sed
1054 2690 1084 2719 ei
1108 2691 1218 2728 potius

249 2742 305 2781 (1111
331 2741 489 2771 ecclesias
515 2741 603 2778 ipsas
627 2740 666 2769 ab
688 2740 752 2769 alio
775 2741 853 2770 dicit
877 2742 1028 2772 visitatas
1045 2743 1161 2773 fuisse.
1180 2761 1218 2765 —

251 2795 298 2824 Ad
324 2793 406 2823 illud
431 2802 506 2823 vero
530 2793 617 2832 quod
638 2798 829 2831 procurator
853 2794 997 2832 episcopi
1020 2796 1215 2834 opponebat,

250 2847 335 2886 quod
352 2847 416 2876 ista
435 2846 644 2883 indulgentia
661 2846 701 2875 ad
719 2846 851 2875 domum
868 2847 1059 2884 predictam,
1080 2858 1143 2887 (1116
1162 2858 1218 2887 per

212 2914 223 2927 η
250 2899 552 2931 Cathalannensem
576 2898 780 2937 episcopum,
804 2904 839 2929 ut
861 2899 984 2930 dictum
1004 2905 1064 2936 est,
1083 2901 1217 2932 visitata

1303 322 1315 335 ))

1302 375 1315 389 7)

1303 428 1315 442 1>

1303 481 1315 494 ))

1303 533 1316 547 »

1303 586 1315 599 ))

1303 639 1316 653 ))

1303 691 1316 706 ))

1303 744 1315 758 ὶ)

1303 797 1316 811 ))

1303 850 1316 864 ὶ)

1303 904 1316 918 ))

1303 958 1315 972 ))

1303 1010 1316 1024 ὶ)

1303 1062 1316 1077 ))

1304 1117 1316 1130 ))

1303 1169 1316 1184 ))

1303 1222 1315 1237 ))

1303 1275 1315 1289 ))

1303 1328 1316 1342 l)

1303 1380 1316 1395 ))

1303 1434 1316 1448 ))

1303 1487 1316 1502 ))

1303 1539 1316 1554 ))

1304 1593 1316 1607 ))

1304 1646 1316 1660 ))

1304 1699 1316 1713 ))

1304 1752 1316 1766 D

1304 1804 1316 1818 7>

1303 1856 1316 1871 ))

1303 1909 1316 1924 ))

1303 1963 1316 1978 ))

1303 2017 1315 2031 ))

1303 2070 1315 2084 ))

1303 2123 1315 2138 >i

1303 2175 1315 2190 >i

1303 2229 1315 2243 ))

1303 2282 1315 2296 ))

1303 2335 1309 2349 )

1303 2388 1309 2402 )

1309 2388 1316 2402 v

1303 2440 1316 2455 ))

1303 2493 1316 2508 ))

1304 2546 1316 2561 ))

1303 2599 1316 2613 ))

1304 2652 1315 2666 ))

1304 2705 1316 2719 ))

1303 2757 1316 2772 ³)

1303 2810 1316 2824 ))

1303 2862 1316 2877 ))

1340 310 1459 341 fuerat.
1478 313 1610 342 extendi
1628 322 1692 343 non
1712 317 1849 352 poterat,
1865 313 2035 352 respondit
2048 318 2241 352 procurator
2254 314 2313 344 ab-

1340 363 1436 399 batis,
1457 365 1544 403 quod
1559 369 1590 395 et
1606 366 1634 395 si
1649 366 1794 404 predicta
1811 375 1874 405 que
1894 366 1932 396 de
1948 366 2173 404 predicatione
2189 370 2221 396 et
2237 375 2312 405 pro-

1340 417 1511 447 curatione
1533 427 1609 456 pars
1632 418 1795 456 allegabat
1819 419 1965 457 episcopi
1990 428 2067 449 vcra
2090 423 2221 454 essent,
2245 428 2311 450 non

1341 473 1472 507 propter
1485 469 1547 500 1106
1559 471 1706 500 visitatio
1719 472 1924 510 probaretur,
1941 475 1972 501 et
1983 471 2083 502 etiam
2097 472 2125 501 si
2136 471 2310 507 moniales,

1341 530 1404 560 qne
1437 522 1615 562 aliquando
1645 524 1691 553 ibi
1720 524 1876 554 dicuntur
1905 524 2011 554 fuisse
2039 534 2096 563 per
2121 524 2312 563 episcopum

1341 573 1485 609 visitate,
1505 576 1659 611 fuissent,
1678 576 1838 606 fratribus
1853 576 1937 606 dicte
1950 576 2067 606 domus
2081 581 2111 607 et
2124 577 2189 616 ipsi
2200 577 2314 608 domui

1342 636 1404 666 qne
1422 633 1583 666 qnantum
1600 629 1639 659 ad
1655 629 1881 659 visitationem
1905 634 1936 659 et
1952 630 2189 660 correctionem
2209 630 2314 668 privi-

1341 679 1461 718 legiata
1480 686 1663 712 noscuntur
1680 691 1890 722 nequaquam
1902 682 2044 717 obesset,
2057 691 2144 718 cum,
2162 683 2315 714 sicutas-

1341 733 1446 763 seruit
1461 743 1537 772 pars
1554 735 1710 773 episcopi,
1730 734 1892 765 moniales
1909 735 1979 773 ipse
1992 735 2315 766 premonstratensis

1341 786 1468 816 ordinis
1488 795 1552 816 non
1573 787 1728 817 fuissent.
1747 805 1786 809 —-
1803 787 1851 817 Ad
1868 787 1951 817 illud
1967 796 2045 817 vero
2061 787 2148 827 quod
2161 796 2315 826 procura-

1342 842 1392 867 tor
1405 839 1549 878 episcopi
1564 840 1759 878 opponebat,
1775 840 1862 879 quod
1874 849 1938 871 non
1955 844 2083 870 constat
2097 840 2183 880 quod
2197 840 2314 871 domus

1341 892 1379 922 de
1395 893 1530 922 Wanou
1541 897 1665 931 spectet
1682 893 1722 923 ad
1739 893 1979 923 monasterium
1993 893 2100 923 sancti
2114 893 2221 928 Pauli,
2239 902 2316 932 pro-

1341 950 1472 975 curator
1484 946 1614 976 abbatis
1625 946 1806 985 respondit,
1820 946 1917 985 quod,
1931 945 2008 976 licet
2019 945 2079 976 hoc
2093 946 2137 976 sit
2147 946 2315 977 notorium

1341 1002 1372 1027 et
1389 1007 1487 1036 super
1501 997 1561 1027 1106
1579 998 1644 1028 alia
1663 1007 1728 1028 non
1746 998 1937 1037 requiratur
1953 998 2121 1037 probatio,
2139 1002 2186 1028 tot
2202 1002 2313 1029 tamen

1341 1054 1371 1081 et
1399 1055 1491 1081 tanta
1517 1060 1575 1089 pro
1602 1054 1694 1089 parte
1719 1051 1913 1081 monasterii
1943 1051 2091 1090 ejusdem
2117 1050 2310 1090 probantur,

1341 1108 1473 1143 propter
1491 1113 1554 1143 (1116
1570 1104 1810 1134 monasterium
1827 1104 1936 1143 ipsum
1953 1104 1993 1134 ad
2009 1103 2174 1142 agendum
2186 1113 2245 1143 pro
2257 1104 2314 1144 ju-

1340 1157 1433 1187 ribus
1450 1157 1535 1187 dicte
1552 1157 1674 1187 domus*
1685 1157 1723 1186 de
1739 1157 1813 1196 jure
1833 1156 1928 1187 debet
1945 1156 2093 1192 admitti;
2111 1165 2203 1192 nam,
2226 1157 2314 1187 sicut

1340 1219 1397 1248 per
1422 1210 1572 1239 rubricas
1594 1209 1723 1239 abbatis
1746 1209 1913 1247 probatur,
1940 1210 2060 1239 fratres
2086 1209 2171 1240 dicte
2194 1209 2312 1240 domus

1341 1272 1398 1301 per
1419 1263 1571 1293 abbatem
1598 1262 1703 1292 sancti
1728 1262 1825 1292 Pauli
1848 1267 2017 1301 ponuntur
2042 1262 2076 1291 in
2098 1262 2187 1300 ipsa.
2205 1266 2237 1292 et
2254 1270 2313 1301 per

1342 1315 1483 1345 eundem
1499 1319 1711 1345 removentur
1727 1315 1767 1345 ab
1784 1324 1832 1350 ea,
1851 1319 1882 1345 et
1901 1315 2008 1345 eidem
2027 1315 2138 1344 abbati
2154 1314 2314 1345 obediunt

1343 1372 1511 1407 tamquam
1548 1368 1612 1398 sibi
1643 1368 1834 1398 immediate
1867 1368 2007 1407 subjecti
2023 1391 2029 1403 ‚
2061 1372 2093 1398 et
2128 1368 2245 1398 domus
2273 1368 2314 1399 de

1341 1423 1474 1452 Wanou
1496 1426 1527 1451 et
1551 1421 1792 1451 monasterinm
1816 1421 1923 1451 sancti
1947 1421 2044 1451 Pauli
2068 1425 2147 1451 sunt
2161 1429 2265 1451 unum
2282 1425 2315 1451 et

1340 1475 1438 1510 idern,
1458 1484 1515 1513 per
1531 1483 1594 1513 que
1611 1479 1642 1504 et
1657 1474 1721 1504 alia
1735 1483 1799 1513 (1116
1818 1475 2032 1504 continentur
2046 1474 2081 1504 in
2094 1473 2239 1504 rubricis
2255 1473 2315 1504 ah-

1341 1527 1428 1558 batis
1444 1531 1571 1557 constat
1587 1527 1716 1566 liquido
1737 1527 1823 1566 quod
1845 1527 1962 1557 domus
1982 1527 2071 1565 ipsa,
2096 1530 2164 1556 tam
2184 1526 2314 1557 ratione

1341 1580 1554 1619 proprietatis
1573 1589 1671 1619 quam
1689 1579 1924 1618 possessionis,
1947 1583 2072 1618 spectat
2089 1579 2129 1610 ad
2145 1582 2316 1610 monaste-

1342 1633 1428 1663 rium
1450 1633 1663 1663 antedictum.
1691 1633 1730 1662 Et
1752 1633 1827 1662 dato
1848 1632 1935 1671 quod
1956 1641 2015 1671 per
2039 1632 2187 1671 predicta
2209 1631 2315 1662 solam

1341 1687 1457 1717 domus
1474 1686 1719 1724 possessionem
1737 1685 1838 1715 abbas
1854 1685 2019 1724 probaret,
2037 1685 2099 1715 hoc
2116 1684 2227 1715 abbati
2243 1685 2316 1715 suf-

1341 1740 1453 1769 ficeret
1471 1743 1504 1768 ut
1516 1743 1627 1778 posset
1644 1748 1741 1776 agere
1754 1748 1811 1777 pro
1824 1739 1958 1777 juribus
1970 1739 2086 1768 domus
2103 1738 2263 1778 ejusdem.
2275 1755 2316 1760 -

1341 1792 1390 1821 Ad
1413 1792 1495 1821 illud
1519 1796 1629 1822 autem
1655 1791 1742 1830 quod
1767 1795 1959 1829 procurator
1982 1791 2128 1830 episcopi
2150 1790 2315 1829 allegabat

1342 1845 1440 1883 quod,
1454 1854 1528 1874 cum
1540 1845 1575 1873 in
1591 1843 1703 1873 libello
1716 1848 1866 1882 porrecto
1877 1843 1916 1873 de
1929 1843 2106 1874 sententiis
2117 1847 2227 1874 tamen
2240 1852 2315 1882 aga-

1342 1902 1404 1933 tur,
1429 1898 1515 1927 dicta
1537 1897 1757 1935 indulgentia,
1777 1906 1839 1935 que
1861 1896 1899 1926 de
1919 1896 2110 1926 visitatione
2133 1901 2164 1927 et
2185 1905 2315 1926 correc-

1341 1951 1429 1981 tione
1454 1951 1560 1981 solum
1576 1951 1735 1989 loquitur,
1755 1950 1933 1980 intentioni
1954 1950 2083 1980 abbatis
2100 1959 2165 1980 non
2186 1953 2315 1988 poterat

1341 2004 1534 2043 suffragari,
1560 2013 1636 2042 pars
1660 2003 1880 2042 respondebat
1906 2003 2052 2037 abbatis,
2075 2003 2163 2042 quod
2187 2002 2228 2032 ad
2252 2002 2314 2032 hoc

1341 2058 1427 2087 valet
1443 2057 1590 2096 predicta
1608 2056 1829 2094 indulgentia,
1844 2056 1934 2095 quia,
1949 2065 2022 2086 cum
2037 2055 2153 2085 domus
2165 2054 2315 2093 predicta

1341 2114 1372 2141 et
1390 2111 1510 2140 fratres
1527 2110 1674 2149 ejusdem
1697 2119 1715 2139 a
1735 2109 1927 2139 visitatione
1947 2113 1979 2138 et
1999 2108 2203 2139 correctione
2225 2108 2314 2147 epis-

1341 2164 1412 2201 copi
1425 2163 1624 2195 eximantur,
1639 2172 1697 2201 per
1709 2172 1780 2192 eam
1794 2165 1922 2191 constat
1937 2161 2023 2200 quod
2035 2161 2212 2196 sententie,
2230 2169 2314 2200 quas

1341 2217 1514 2255 episeopus
1533 2220 1665 2254 propter
1686 2215 1747 2245 hoc
1771 2215 1858 2253 quod
1883 2214 1923 2244 ad
1944 2213 2170 2244 visitationem
2194 2217 2226 2244 et
2241 2221 2314 2243 cor-

1341 2269 1522 2299 rectionem
1537 2268 1753 2299 exercendam
1766 2267 1933 2297 admissus
1949 2275 2013 2296 non
2028 2266 2091 2296 suit
2103 2265 2252 2304 protulit,
2265 2265 2314 2295 in-

1338 2323 1426 2362 juste
1440 2322 1585 2351 suerunt.
1602 2322 1743 2359 Insuper
1756 2319 2000 2358 proponebatur
2010 2328 2046 2349 ex
2064 2323 2155 2357 parte
2170 2318 2310 2354 abbatis,

1342 2375 1439 2414 quod,
1455 2379 1485 2405 et
1497 2375 1525 2404 si
1537 2374 1682 2413 predicte
1694 2373 1902 2410 indulgentie
1916 2381 1980 2401 non
1990 2372 2146 2411 juvarent
2160 2371 2314 2401 abbatem

1342 2437 1401 2458 nec
1423 2428 1556 2457 domum
1579 2427 1772 2465 predictam,
1791 2429 1954 2464 quantum
1977 2424 2017 2454 ad
2033 2424 2261 2454 visitationem
2282 2427 2314 2454 et

1341 2481 1579 2511 correctionem
1597 2480 1778 2509 eximerent
1799 2478 1838 2508 ab
1855 2477 2007 2516 episcopo
2023 2476 2198 2510 antedicto,
2216 2475 2314 2506 liber·

1342 2534 1419 2564 tatis
1432 2538 1542 2563 tamen
1554 2532 1720 2572 possessio
1733 2537 1763 2561 ct
1775 2530 1972 2570 prescriptio
1983 2529 2149 2560 libertatis
2166 2528 2314 2568 ejusdem

1342 2596 1405 2625 (1116
1421 2595 1479 2624 pro
1496 2590 1587 2624 parte
1605 2585 1734 2615 abbatis
1754 2589 1783 2613 et
1801 2584 1918 2613 domus
1941 2583 2047 2621 ipsius
2068 2582 2260 2621 probantur,
2278 2585 2314 2611 ut

1341 2639 1495 2677 superius
1519 2642 1568 2668 est
1593 2646 1801 2676 expressum,
1830 2636 1870 2665 ad
1895 2645 1959 2674 (1116
1982 2644 2059 2673 pars
2083 2633 2228 2672 episcopi
2248 2642 2312 2663 non

1340 2692 1511 2730 respondit
1536 2700 1595 2721 nec
1617 2691 1656 2720 de
1674 2691 1748 2729 jure
1769 2689 1875 2728 potuit
1900 2687 2118 2726 respondere,
2143 2686 2315 2716 sufficiunt

1341 2744 1520 2774 intentioni
1538 2744 1667 2773 abbatis
1684 2747 1713 2772 et
1731 2743 1847 2772 domus
1864 2741 1989 2779 ipsius,
2012 2749 2087 2769 cum
2104 2749 2162 2778 per
2178 2739 2239 2769 hoc
2256 2747 2314 2777 ap-

1340 2802 1453 2836 pareat
1479 2797 1662 2827 sententias
1685 2797 1775 2834 ipsas
1799 2804 1870 2825 esse
1892 2794 2036 2833 injustas
2059 2797 2091 2823 et
2115 2801 2172 2831 per
2197 2800 2314 2822 conse-

1342 2859 1447 2889 quens
1464 2850 1677 2880 revocandas.

1343 2915 1356 2930 »
1374 2904 1442 2933 Nos
1464 2903 1577 2939 igitur,
1602 2902 1725 2932 auditis
1748 2905 1779 2931 et
1801 2899 1982 2931 intellectis
2008 2898 2074 2928 hiis
2098 2901 2129 2927 et
2151 2897 2226 2927 aliis
2248 2905 2313 2935 que
