2498 3325
229 229 287 259 216

232 623 246 638 ὅ
232 571 245 585 δ
232 518 246 533 ὅ
232 466 245 480 t!
231 412 244 427 δ
232 360 245 374 ὅ
232 307 245 322 δ

231 2050 244 2065 >)

230 2104 243 2118 ὶ)

231 2156 244 2170 ))

231 2209 243 2223 D

230 2314 243 2328 ))

230 2366 242 2380 ))

230 2418 242 2433 ))

231 2470 243 2485 ))

230 2522 243 2537 >)

229 2575 242 2589 ))

228 2890 241 2904 ὅ
228 2838 241 2852 δ
228 2785 242 2800 ὅ
228 2732 242 2747 ὅ
229 2679 242 2695 8

271 299 400 325 nostros
414 295 482 333 pati
498 304 536 326 ex
551 295 768 334 ambiguitate
781 295 998 330 discriminis,
1014 295 1112 333 digne
1129 293 1235 325 solent

269 351 460 386 perpetuate
477 357 529 378 res
542 348 850 383 instrumentorum,
869 348 1007 377 minime
1020 356 1094 377 cum
1108 355 1235 385 expres-

270 401 362 430 sione
377 401 523 436 testium,
539 401 761 440 perempnari.
780 401 866 431 Hinc
882 405 931 431 est
947 400 1033 439 quod
1050 408 1108 429 nos
1123 399 1237 429 Bolez-

270 453 354 488 laus,
372 454 433 484 Dei
451 454 556 492 gratia
571 454 728 485 Cracovie
745 458 775 484 et
793 453 981 484 Sandomiri
1000 453 1080 488 dux,
1100 453 1236 482 univer-

271 506 316 536 sis
333 506 459 536 Christi
477 506 631 536 fidelibus
652 507 686 536 in
710 515 806 537 omne
828 506 935 536 solum
957 514 1094 544 presens
1113 505 1237 543 pariter

270 562 302 589 et
323 558 473 588 futurum
495 559 721 597 presentibus,
740 559 881 589 facimus
900 558 1131 593 manifestum,
1150 557 1237 596 quod

270 619 328 649 pro
339 611 485 642 remedio
495 611 603 642 felicis
615 612 724 642 anime
735 611 840 650 patris
852 611 967 646 nostri,
982 610 1068 641 clare
1079 610 1236 641 memorie

270 663 412 694 illustris
435 664 593 694 Cracovie
613 669 644 694 et
669 664 858 695 Sandomiri
877 664 970 694 ducis
996 663 1183 698 Lestkonis,
1205 666 1237 693 et

269 716 497 747 incolumitate
509 722 621 747 nostra
633 722 664 747 et
675 722 786 747 nostre
802 717 947 755 ingenue
964 716 1147 755 genitricis,
1165 716 1236 747 Gri-

270 768 418 805 mizlave,
446 773 477 799 et
497 769 749 807 Chunegundis,
776 774 887 799 nostre
914 778 1072 807 generose
1099 768 1235 804 sororis,

272 831 401 860 semper
411 826 632 861 proponentes
645 823 751 853 Deum
762 822 797 852 in
811 827 987 861 conspeetu
1002 826 1125 853 nostro,
1143 831 1160 851 a
1172 830 1237 861 quo

271 874 432 905 habemus
451 875 538 914 quod
554 875 697 905 vivimus
715 880 745 906 et
761 879 974 914 paternorum
990 875 1237 913 principatuum

271 927 494 964 gubernacula
510 928 730 966 possidemus,
747 932 934 958 constructo
950 938 1007 966 per
1024 937 1083 957 nos
1099 927 1133 957 in
1145 927 1236 957 Zavi-

272 980 364 1010 chost
376 980 472 1018 opido
488 985 600 1010 nostro
616 981 847 1012 Cracoviensis
861 981 1003 1011 diocesis
1014 980 1183 1019 hospitali,
1197 980 1238 1010 ad

270 1042 369 1063 usum
385 1033 579 1064 monasterii
595 1034 723 1064 ordinis
735 1043 917 1072 pauperum
932 1034 1117 1063 donnarum
1131 1033 1237 1063 sancti

271 1086 426 1115 Damiani
442 1086 558 1121 Asisii,
579 1090 710 1116 auctore
733 1087 816 1121 Deo,
837 1095 894 1124 per
917 1095 976 1116 nos
999 1087 1097 1116 etiam
1118 1095 1238 1117 consu-

271 1139 384 1168 mandi
399 1139 434 1168 in
451 1139 546 1178 opido
563 1139 766 1178 supradicto,
789 1144 820 1169 ct
842 1140 1119 1169 sustentationem
1137 1140 1237 1169 etiam

271 1192 479 1222 infirmorum
497 1196 527 1222 et
551 1201 731 1230 egenorum
748 1192 783 1221 in
805 1196 1000 1230 perpetuum
1019 1191 1123 1221 libere
1142 1191 1238 1221 duxi-

271 1253 345 1274 mus
368 1244 605 1274 conserendnm
625 1255 631 1272 :
651 1244 892 1279 Venderevice,
917 1244 959 1273 X.
980 1244 1180 1279 Saulowice,
1207 1248 1237 1274 et

271 1297 443 1332 Breszani,
463 1301 494 1327 et
512 1297 698 1334 W'angerce
722 1301 751 1326 et
774 1296 954 1332 Dambeni,
977 1301 1007 1327 et
1031 1297 1189 1331 Cliottou,
1207 1301 1238 1327 et

270 1350 480 1385 W'osceniki,
509 1355 539 1380 et
560 1350 715 1385 VVinare,
739 1354 769 1379 et
797 1349 958 1385 Sobotku,
987 1354 1017 1379 ct
1036 1350 1237 1381 Weseunice

272 1412 334 1441 que
355 1412 443 1432 nunc
461 1403 582 1433 Ostrou
603 1403 740 1438 dicitur,
759 1403 855 1433 villas
876 1407 906 1433 et
928 1404 974 1433 VI
997 1412 1130 1433 mansos
1151 1404 1237 1433 circa

271 1456 445 1486 Zavichost
462 1456 700 1494 supradictum,
717 1460 747 1486 et
764 1456 845 1486 duas
863 1460 967 1486 sortes
983 1457 1018 1486 in
1035 1457 1191 1487 Prezwod
1207 1461 1238 1487 et

272 1509 447 1539 ecclesiam
471 1510 505 1539 in
528 1511 722 1545 Tarnowez,
748 1519 822 1539 cum
847 1509 1002 1539 omnibus
1024 1509 1237 1547 pertinentiis

272 1562 353 1597 suis,
372 1566 402 1592 et
419 1562 457 1592 de
474 1562 541 1592 sale
558 1563 592 1592 in
610 1562 726 1592 Bolina
740 1563 799 1592 XL
815 1571 1001 1591 marcarum
1018 1562 1091 1600 puri
1109 1563 1237 1600 argenti

271 1619 302 1645 ct
319 1618 421 1645 totum
437 1615 581 1645 valorem
598 1615 684 1645 alvei
697 1615 777 1645 salis
789 1615 846 1654 qui
860 1615 971 1645 Corito
985 1615 1167 1652 vulgariter
1180 1624 1237 1653 ap-

271 1668 427 1707 pellatur,
448 1669 483 1698 in
501 1668 572 1698 loco
589 1669 647 1708 qui
667 1669 825 1706 Magnum
842 1668 896 1698 Sal
915 1668 1134 1698 communiter
1150 1677 1237 1698 nun-

271 1726 423 1760 cupatur,
456 1726 486 1751 et
513 1730 658 1751 marcam
686 1721 758 1751 auri
786 1721 824 1750 de
855 1719 1007 1750 theloneo
1034 1720 1237 1759 populariter

271 1775 357 1804 dicto
375 1775 485 1804 Brona
500 1783 628 1804 annuos
644 1774 793 1804 redditus
810 1773 999 1811 specialiter
1013 1782 1072 1811 pro
1091 1773 1237 1803 necessi-

271 1827 393 1857 tatibus
411 1827 490 1856 dicti
507 1827 701 1856 monasterii
717 1826 915 1862 relevandis,
934 1826 1039 1856 eidem
1055 1827 1237 1856 secundum

269 1879 499 1910 conventionis
523 1880 679 1914 sormam,
707 1883 803 1917 prout
830 1883 975 1908 taxatum
1000 1879 1112 1913 fucrit,
1137 1879 1236 1910 certis

270 1933 472 1971 temporibus
488 1931 734 1970 persolvendos.

271 1998 283 2012 »
303 1987 525 2015 Deccrnentes
542 1989 577 2014 ut
596 1989 741 2014 rectores
760 1984 839 2013 dicti
858 1984 1033 2022 hospitalis
1055 1985 1112 2023 qui
1129 1984 1235 2015 eidem

270 2048 327 2077 pro
346 2043 490 2076 tempore
508 2042 561 2068 aut
578 2042 736 2076 perpetuo
755 2037 881 2067 fuerint
897 2037 1054 2075 deputati,
1068 2038 1161 2076 juxta
1172 2038 1235 2067 dis-

267 2091 465 2129 positionem
483 2090 684 2119 vcncrabilis
703 2099 821 2128 sponse
838 2090 976 2125 Christi,
992 2099 1147 2128 germane
1163 2099 1235 2120 nos-

270 2148 329 2173 tre.
343 2143 509 2182 quondam
520 2143 642 2173 Galitie
653 2143 779 2180 regine,
794 2142 917 2172 sororis
931 2142 1092 2174 Salomee,
1108 2152 1235 2173 monas-

268 2197 344 2226 terii
361 2201 389 2226 el
409 2196 536 2225 ordinis
552 2195 775 2233 predictorum
793 2195 950 2232 degentes
967 2194 1028 2224 sub
1046 2195 1235 2224 obedientia

269 2249 436 2278 abbatisse
460 2248 655 2277 monasterii
679 2252 709 2277 et
729 2247 857 2277 ordinis
880 2247 1070 2280 eorundem,
1094 2247 1236 2277 firmiter

266 2306 441 2332 tencantur
461 2301 499 2331 de
522 2301 686 2339 prenotati
710 2300 926 2330 facultatibus
951 2299 1126 2338 hospitalis
1145 2300 1234 2329 indi-

267 2354 396 2391 gentias
412 2353 558 2383 relevare
576 2352 769 2383 monasterii
788 2352 958 2391 sepedicti,
974 2353 1081 2383 eidem
1099 2362 1156 2391 per
1174 2361 1234 2383 nos

268 2406 440 2436 memorati
452 2405 626 2444 hospitalis
639 2410 669 2435 et
681 2406 829 2435 omnium
841 2405 1003 2435 bonorum
1015 2406 1055 2435 ad
1066 2405 1153 2435 idem
1164 2414 1234 2444 per-

268 2459 447 2488 tinentium
464 2458 675 2496 proprietatis
694 2462 725 2487 et
739 2458 961 2496 possessionis
976 2459 1110 2497 juribus
1125 2467 1234 2489 reser—

269 2510 353 2540 vatis
366 2521 371 2546 ;
386 2514 427 2545 et,
439 2515 475 2539 ut
487 2510 667 2548 supradicti
679 2510 854 2548 hospitalis
867 2510 952 2540 bona
968 2520 1031 2549 que
1047 2511 1134 2541 idem
1151 2512 1233 2549 [per]

268 2567 415 2592 nostram
426 2562 547 2597 taliter,
560 2566 596 2591 ut
606 2566 789 2600 pretactum
806 2567 866 2598 est,
881 2563 1093 2600 donationem
1107 2563 1234 2594 obtinet

266 2615 301 2644 in
318 2615 466 2654 presenti
488 2618 518 2644 et
535 2624 598 2653 que
614 2615 649 2644 in
665 2615 816 2644 futurum
835 2620 894 2651 est,
917 2619 1049 2645 auctore
1069 2616 1148 2651 Deo,
1165 2616 1233 2654 jus-

266 2668 310 2698 tis
325 2667 432 2697 modis
449 2671 479 2697 et
494 2667 654 2705 legitimis
667 2667 873 2705 adepturum,
888 2668 1017 2706 possint
1029 2668 1179 2698 sufficere
1193 2669 1233 2698 ad

267 2720 544 2750 sustentationem
579 2720 774 2749 monasterii
811 2720 985 2750 memorati
1021 2724 1053 2750 et
1091 2720 1232 2750 aliorum

267 2772 393 2804 Christi
404 2781 586 2811 pauperum
598 2781 672 2802 cum
683 2772 838 2808 infirmis,
854 2773 990 2811 dignum
1002 2773 1156 2804 duximus
1167 2783 1232 2804 om-

266 2826 323 2855 nia
339 2825 453 2855 eadem
468 2834 527 2863 pro
546 2834 580 2854 se
604 2829 635 2855 et
656 2824 811 2855 omnibus
828 2825 948 2855 incolis
967 2829 998 2855 et
1019 2825 1145 2856 colonis
1162 2826 1232 2856 suis

267 2877 437 2908 absolvere
458 2877 651 2907 indistincte
667 2877 708 2906 ab
728 2877 818 2907 omni
835 2877 971 2907 servitio
988 2882 1084 2913 terre,
1103 2878 1172 2908 sive
1189 2878 1232 2908 sit

955 228 1195 260 REGISTRES
1216 227 1523 266 D’ALEXANDRE
1546 228 1599 258 IV.

1321 305 1334 319 »
1359 293 1578 329 ordinarium,
1596 294 1666 324 sive
1682 294 1826 330 casuale,
1841 298 1872 325 et
1886 298 2024 328 astrosa.
2042 298 2073 324 et
2088 293 2280 333 powolowe.
2295 299 2327 325 et

1321 358 1334 372 »
1358 345 1543 384 peradelve,
1555 351 1586 376 et
1597 346 1746 381 naramb,
1757 351 1787 377 et
1798 347 1968 385 thargove‚
1979 352 2010 378 et
2021 347 2112 382 mito,
2126 347 2213 386 quod
2222 346 2326 377 latine

1321 410 1334 425 r>
1359 398 1550 428 theloneum
1572 399 1709 434 dicitur,
1731 405 1762 430 et
1781 399 1858 430 aliis
1880 400 1984 443 etiarn
2000 399 2155 430 omnibus
2177 399 2327 430 omnium

1320 462 1333 477 »
1359 460 1577 490 expensarum
1599 452 1760 491 principis
1785 452 2020 488 solutionibus,
2044 456 2075 482 et
2099 452 2263 490 aprewad,
2295 456 2326 482 et

1321 516 1334 531 1>
1358 513 1482 542 powoz,
1497 509 1625 540 etstan,
1639 509 1670 535 et
1682 505 1758 535 aliis
1770 505 1917 536 servitiis
1933 509 1965 536 et
1979 504 2270 544 procurationibus
2281 504 2327 544 ip-

1321 569 1333 583 »
1359 557 1429 586 sius
1452 557 1613 596 prinpris
1637 561 1668 587 et
1691 558 1885 588 nuntiorum
1908 557 2056 597 ejusdem
2076 561 2107 588 et
2130 561 2326 587 venatorum

1321 621 1334 635 »
1358 609 1480 647 ipsius,
1503 610 1768 649 quibuscumque
1791 610 1861 648 ipse
1880 610 2058 640 servitutes
2074 614 2105 640 et
2121 609 2326 649 procuratio—

1321 674 1334 688 »
1359 670 1418 692 nes
1435 667 1465 692 et
1489 662 1672 692 solutiones
1693 663 1885 693 nominibus
1909 667 2130 693 censeantur:
2148 662 2248 692 etiam
2263 661 2326 692 hoc

1321 727 1334 742 n
1360 715 1486 754 adJecto
1502 716 1587 754 quod
1605 716 1784 746 eorundem
1801 716 1907 746 incole
1924 721 1955 746 et
1973 715 2081 746 coloni
2096 715 2247 754 predicti,
2268 723 2327 754 per

1320 780 1333 795 »
1359 777 1419 798 nos
1435 768 1469 797 in
1486 769 1576 798 omni
1592 778 1693 799 causa
1710 769 1852 807 exempti
1866 777 1884 798 a
1897 768 2119 807 palatinorum
2132 772 2163 798 et
2176 766 2325 798 castella-

1321 833 1334 848 n
1359 830 1477 851 norum
1494 826 1524 851 et
1537 821 1688 861 judicum
1700 821 1956 860 provincialium
1970 825 2001 851 et
2014 820 2238 860 quorumlibet
2254 828 2327 850 nos-

1321 885 1334 900 »
1360 878 1484 903 trorum
1497 874 1870 913 officiatorumjudieiis,
1883 873 1925 903 ad
1935 877 2082 903 nostram
2093 877 2125 903 et
2138 877 2327 903 nostrorum

1321 937 1334 952 n
1359 930 1565 964 posterorum
1593 926 1761 956 dumtaxat
1786 935 1844 964 per
1866 926 2012 956 litteram
2034 925 2166 956 valeant
2190 932 2328 964 presen-

1321 990 1335 1004 τ)
1360 978 1440 1007 tiam
1455 979 1638 1016 provocari,
1655 979 1848 1017 pecuniaria
1867 987 1953 1017 pena
1971 977 2129 1017 hospitali
2145 977 2272 1016 prefato
2288 985 2327 1008 ex

1321 1042 1334 1057 »
1360 1034 1472 1060 nostra
1484 1030 1534 1060 vel
1551 1035 1738 1061 nostrorum
1751 1036 1956 1070 posterorum
1969 1030 2135 1061 sententia
2145 1033 2325 1061 reservata.

1321 1095 1334 1109 »
1359 1084 1577 1113 Decernimus
1597 1085 1708 1119 etiam,
1727 1088 1762 1114 ut
1778 1084 1959 1122 supradicti
1977 1083 2119 1122 exempti
2136 1083 2177 1113 ad
2192 1082 2327 1113 edifica-

1322 1148 1334 1163 »
1359 1137 1482 1166 tionem
1500 1141 1530 1166 et
1544 1137 1786 1174 reparationem
1803 1141 1985 1167 castrorum
2000 1140 2031 1166 et
2047 1136 2086 1166 ad
2101 1135 2327 1174 expeditiones

1322 1201 1335 1216 »
1360 1189 1474 1219 venire
1499 1193 1553 1219 aut
1579 1189 1691 1228 aliqua
1719 1190 1854 1219 servitia
1879 1189 1931 1220 vel
1956 1189 2106 1220 subsidia
2135 1188 2327 1227 impendere

1322 1253 1334 1268 >2
1359 1241 1550 1271 nullatcnus
1567 1246 1754 1272 teneantur.
1769 1242 1897 1279 Quibus
1913 1242 2013 1272 etiam
2029 1241 2244 1272 construendi
2261 1249 2326 1271 mo-

1322 1306 1334 1320 »
1359 1293 1494 1324 lendina
1511 1298 1541 1323 et
1563 1294 1693 1324 locandi
1715 1294 1883 1324 soluturas
1904 1303 2040 1324 censum
2063 1293 2229 1332 sepedicto
2248 1293 2327 1325 hos-

1322 1359 1335 1373 »
1359 1346 1453 1385 pitali
1471 1346 1636 1382 tabernas,
1651 1347 1791 1377 liberam
1801 1347 2013 1377 concedimus
2028 1346 2230 1377 facultatem.
2245 1347 2326 1377 Tes-

1322 1411 1335 1426 ι»
1361 1403 1408 1428 tes
1437 1404 1547 1429 autem
1574 1399 1764 1439 hujusmodi
1793 1400 1841 1430 rei
1869 1404 1947 1430 sunt
1975 1399 2024 1429 hii
2052 1410 2058 1429 :
2087 1399 2188 1430 Fulco
2214 1403 2327 1430 noster

1322 1464 1335 1479 ›>
1361 1452 1591 1488 cancellarius,
1604 1454 1720 1483 Lesota
1734 1453 2023 1484 Scarbimiriensis
2034 1453 2234 1492 prepositus,
2245 1453 2327 1483 Lau-

1322 1518 1335 1532 »
1359 1506 1488 1536 rentius
1518 1506 1605 1536 beati
1635 1506 1782 1536 Floriani
1811 1506 1846 1536 in
1876 1506 2047 1537 Cracowia
2077 1510 2109 1536 et
2141 1506 2327 1536 WVernerus

1322 1572 1335 1586 »
1360 1563 1472 1589 sancte
1498 1559 1602 1589 Mario
1627 1560 1661 1589 in
1689 1559 1864 1589 Zavichost
1891 1559 2043 1589 canonici
2069 1563 2101 1589 et
2128 1558 2186 1589 alii
2209 1566 2328 1597 quam-

1322 1625 1334 1639 »
1359 1612 1471 1651 plures
1496 1612 1728 1643 Cracoviensis
1754 1612 1896 1642 diocesis
1919 1612 2124 1642 clericorum.
2157 1612 2202 1641 Ex
2230 1610 2327 1641 laicis

1322 1677 1335 1692 »
1360 1670 1481 1700 autem,
1519 1665 1690 1700 Clemens,
1721 1665 1894 1700 Cracovie,
1931 1670 1962 1696 et
1998 1665 2208 1703 Sengnevus,
2243 1663 2328 1694 San-

1322 1730 1335 1744 »
1360 1718 1480 1748 domiri
1507 1718 1662 1756 palatini,
1695 1718 1791 1748 Sulco
1822 1717 2051 1748 VVislieiensis
2078 1721 2109 1748 et
2139 1717 2258 1748 Petrus
2287 1715 2327 1746 de

1322 1784 1334 1798 »
1359 1772 1502 1810 N‘Voyniz
1518 1771 1690 1801 castellani
1714 1775 1742 1801 et
1767 1771 1980 1810 quamplures
2002 1770 2060 1801 alii
2079 1769 2233 1800 curiales.
2251 1770 2326 1800 Dat.

1322 1836 1334 1850 1>
1360 1825 1393 1854 in
1410 1824 1595 1859 Zavichost,
1611 1833 1698 1853 anno
1709 1824 1873 1854 dominice
1888 1823 2130 1854 incarnationis
2143 1822 2324 1857 M⁰CC⁰LV‚

1321 1889 1334 1904 »
1359 1877 1540 1907 indictione
1556 1878 1665 1911 xlm,
1686 1877 1787 1907 XIIII
1802 1876 1962 1906 kalendas
1979 1876 2071 1906 maii.
2091 1888 2104 1903 »

1358 1930 1452 1960 Nulli
1474 1934 1535 1960 etc.
1556 1934 1667 1960 nostre
1690 1929 1952 1960 confirmationis
1976 1933 2036 1959 etc.
2060 1929 2134 1958 Dat.
2155 1929 2324 1968 Anagnie,

1318 1984 1347 2013 V
1362 1983 1437 2012 idus
1456 1983 1600 2020 augusti,
1618 1991 1704 2012 anno
1720 1983 1838 2020 primo.
1858 1994 1870 2008 n

1390 2147 1476 2175 218
1916 2147 2044 2181 Anagni.
2062 2147 2076 2174 3
2092 2148 2160 2174 aout
2177 2147 2254 2174 1255.

1353 2209 1527 2235 Abbatissae
1552 2212 1580 2235 et
1603 2209 1759 2235 conventui
1785 2208 1952 2235 monasterii
1975 2216 2000 2234 s.
2025 2208 2131 2235 Mariae
2156 2208 2274 2243 Regalis
2296 2208 2326 2236 in

1317 2258 1457 2284 suburbio
1482 2256 1637 2291 Bul-gensi,
1655 2257 1859 2284 Cistcrciensis
1881 2257 2005 2288 ordinis,
2028 2257 2171 2284 licentiam
2194 2256 2327 2284 concedit

1317 2307 1488 2342 postulatam
1506 2306 1627 2332 faciendi
1644 2307 1868 2341 processionem,
1886 2306 2084 2333 saecularibus
2099 2305 2237 2338 exclusis,
2252 2305 2326 2333 infra

1317 2359 1398 2390 septa
1415 2354 1597 2386 monasterii,
1615 2355 1739 2389 singulis
1755 2355 1838 2380 anuis
1855 2355 1881 2380 in
1905 2354 2060 2380 festivitate
2082 2354 2218 2382 Omnium
2235 2353 2326 2381 Sanc-

1316 2407 1410 2430 torum
1435 2408 1462 2430 et
1481 2404 1565 2429 etiam
1588 2404 1614 2429 in
1638 2403 1771 2437 sequenti
1792 2403 1837 2428 die
1858 2411 1922 2429 cum
1945 2402 2106 2429 celebratur
2124 2402 2325 2429 defunctorum

1316 2452 1451 2479 officium.
1470 2451 1552 2483 (Rea.
1571 2451 1615 2482 ⁵24,
1631 2460 1657 2477 c.
1675 2451 1735 2484 573,
1753 2451 1845 2484 1286.)

1358 2564 1371 2579 «
1390 2575 1424 2588 ..‚
1442 2553 1597 2586 abbatisse,
1618 2558 1643 2581 et
1663 2553 1828 2581 conventui
1846 2553 2026 2582 monaste-rii
2043 2557 2145 2582 sancte
2161 2552 2258 2581 Μανία
2274 2552 2324 2581 Re-

1314 2606 1393 2643 galis
1410 2606 1443 2634 in
1460 2606 1604 2634 suburbio
1620 2606 1778 2643 Buryensi,
1797 2606 2003 2635 Cisterciensis
2018 2605 2147 2634 ordinis.
2166 2604 2213 2635 Ex
2231 2608 2322 2643 parte

1315 2662 1480 2688 vestra-.
1489 2659 1563 2688 Dat.
1573 2658 1736 2696 Anagnie,
1747 2659 1797 2688 III
1807 2667 1911 2688 nonas
1923 2657 2068 2696 augusti,
2079 2665 2166 2687 anno
2176 2656 2294 2695 primo.
2306 2667 2320 2684 ι)

1387 2822 1475 2850 '219
1893 2822 2020 2856 Anagni,
2037 2821 2069 2848 21
2087 2821 2154 2848 aot‘it
2172 2821 2249 2848 1255.

1350 2882 1441 2910 Fratri
1461 2883 1582 2916 Rufino,
1605 2884 1710 2910 vicario
1731 2884 1760 2910 in
1783 2883 1880 2911 Sicilia
1902 2888 1930 2910 et
1954 2882 2083 2910 Calabria
2104 2882 2271 2917 O[ctaviani1
2294 2889 2321 2910 s·
