2498 3325
1005 210 1229 249 PREMIERE
1251 210 1411 247 ANNEE.

159 287 326 327 ceptastis.
341 287 410 317 Nos
420 286 544 324 itaque,
560 287 679 316 vestris
692 285 991 324 supplicationibus
1002 283 1166 318 inclinati,

160 340 404 371 ordinationem
426 339 533 377 ipsam
558 342 664 368 ratam
687 343 718 368 et
743 342 870 376 gratam
892 337 1069 371 habentes,
1096 345 1169 366 eam

160 392 355 423 auctoritate
381 383 560 429 apostoliea
581 391 815 421 confirmamus
839 394 900 420 etc.
922 398 1027 428 usque
1051 399 1057 418 :

1081 398 1169 418 coni-

161 445 342 475 munimus.
360 443 545 478 Deiectum,
559 443 588 473 si
602 444 677 482 quis
692 443 728 472 in
744 443 980 481 compromisso
996 442 1169 480 1011110111-

162 498 254 528 sione
271 505 330 526 seu
349 495 558 526 ordinatione
574 495 766 534 hujusmodi
782 495 900 529 extitit,
922 495 1112 533 supplentes
1131 495 1169 524 de

160 549 368 589 plenitudine
390 549 575 587 potestatis.
601 549 762 578 Tenorem
787 552 897 578 autem
916 548 1022 586 ipsius
1043 548 1170 578 instru-

161 602 266 632 menti
284 602 323 632 de
338 601 438 631 verbo
455 601 495 631 ad
510 601 647 631 verbum
662 600 874 639 presentibus
890 601 996 631 inseri
1015 601 1168 636 fecimus,

162 656 220 695 qui
240 655 313 685 talis
330 658 379 685 est
396 665 402 683 ι

167 2888 180 2904 δ
166 2835 180 2851 ³5
166 2783 179 2798 ὅ
166 2730 180 2745 δ
167 2678 181 2694 ὅ
167 2625 180 2641 ἕ
167 2573 180 2588 5
166 2521 180 2536 ὕ
166 2467 180 2483 :1
165 2415 179 2430 ὅ
163 2363 177 2378 ²55

677 700 778 732 Rome,
799 701 829 728 13
847 701 1001 727 novembre
1019 701 1097 728 1255.

204 776 217 791 α
234 763 416 800 Johannes,
427 764 643 794 miseratione
657 763 770 792 divina
781 763 888 793 sancti
898 763 1029 793 Nicolai
1043 764 1076 792 in
1090 764 1170 794 Car-

201 826 274 847 cere
290 817 443 847 Tulliano
460 817 619 846 diaconus
638 815 833 851 cardinalis,
856 816 1024 846 universis
1043 816 1170 847 Christi

200 869 355 899 fidelibus
365 870 400 899 in
409 873 616 908 perpetuum.
627 869 783 899 Produxit
794 869 906 899 advite
916 869 1071 899 militiam
1080 870 1169 900 Deus

200 923 370 953 hominem
394 923 625 962 questionibus
642 922 842 952 absolutum.
860 923 1040 960 Ingruente
1059 926 1169 952 tamen

201 976 337 1006 occiduo
347 985 405 1006 sue
417 976 617 1006 conditionis
629 984 758 1010 occasu,
773 984 872 1014 quem
885 979 978 1005 vetus
992 975 1170 1005 subintulit

201 1029 370 1059 aviditatis
393 1028 549 1066 inglivies
567 1028 767 1067 appetitibus
790 1027 922 1058 illectus
943 1028 1088 1064 illicitis,
1113 1038 1170 1067 ag·-

201 1081 294 1119 gredi
307 1081 429 1120 jurgia,
450 1081 562 1111 subire
580 1081 699 1119 litigia,
718 1081 946 1112 contentiones
963 1086 1116 1120 appetere
1132 1092 1170 1113 ex

202 1134 333 1164 arbitrii
353 1134 587 1173 pervicacitate
602 1134 804 1172 presumpsit
823 1143 839 1164 e
856 1134 977 1173 quibus
996 1135 1171 1174 dispendia

201 1187 381 1226 prodeunt,
407 1187 537 1217 labores
561 1191 752 1225 emergunt,
778 1196 815 1216 ac
839 1187 1008 1217 interdum
1031 1188 1171 1218 humani

200 1240 423 1279 proficiscitur
442 1240 566 1270 federis
584 1240 781 1278 corruptela
806 1240 952 1271 Tandem
970 1242 1171 1279 provisionis

203 1292 316 1322 divine
335 1293 513 1322 consilium
536 1293 683 1323 remedia
704 1293 865 1323 nonnulla
879 1294 1033 1331 produxit
1048 1294 1083 1323 in
1101 1304 1171 1325 me-

205 1345 296 1375 dium
312 1345 434 1384 quibus
447 1345 567 1385 judicii
589 1345 698 1383 rigore
714 1345 907 1376 multotiens
924 1355 960 1376 ac
976 1346 1171 1386 plerumque

203 1398 413 1436 providentia
442 1399 600 1437 equitatis
634 1398 830 1437 arbitriique
864 1399 1025 1430 beneficio
1055 1400 1171 1430 licium

205 1451 353 1480 involuta
372 1451 582 1481 dirimantur.
602 1452 687 1481 Sane
704 1451 843 1481 materia
859 1452 1044 1490 questionis
1061 1458 1173 1484 exorta

203 1503 345 1533 vertitur
369 1503 456 1533 inter
473 1509 518 1539 ’..,
547 1503 748 1542 episcopum,
776 1508 807 1533 et
839 1505 1021 1542 capitulum
1048 1506 1172 1537 Colim-

204 1556 356 1586 brienses
374 1565 411 1586 ex
427 1560 519 1594 parte
534 1565 612 1592 una,
632 1560 662 1586 et
679 1579 710 1591 ..,
727 1556 928 1594 episcopum,
944 1562 972 1587 et
991 1558 1172 1596 capitulum

203 1609 436 1646 Egitanienses
455 1618 492 1639 ex
508 1608 622 1644 altera,
641 1608 857 1639 ecclesiarum
873 1619 1007 1639 suarum
1025 1613 1170 1648 nomine,

204 1670 303 1700 super
324 1670 460 1692 suarum
480 1661 680 1691 limitatione
697 1661 882 1697 diocesum,
905 1663 1104 1701 quibusdam
1121 1674 1173 1695 ec-

205 1714 328 1749 clesiis,
358 1713 566 1752 quorundam
590 1713 737 1743 locorum
760 1714 1003 1753 episcopalil‘lus
1022 1717 1170 1755 jin-ibus,

205 1767 481 1806 sequestrationis
499 1767 707 1805 providentia
726 1767 835 1797 felicis
856 1769 1096 1801 recordationis
1116 1772 1173 1801 do-

203 1820 287 1849 mini
311 1821 336 1850 1.
354 1829 436 1859 pape
454 1821 522 1850 IIII
538 1820 625 1849 facta
640 1820 806 1855 mandato,
822 1822 1092 1859 possessionibus
1110 1823 1173 1854 lai-

203 1873 332 1903 calibus
359 1873 491 1908 debitis,
519 1873 685 1903 fructibus
713 1874 892 1912 perceptis,
916 1875 1170 1914 invasionibus,

204 1926 472 1965 spoliationibus,
505 1926 668 1964 dampnis,
698 1926 898 1964 quibusdam
922 1928 997 1958 aliis
1022 1930 1172 1961 articulis

203 1988 333 2010 necnon
358 1984 389 2009 et
413 1979 692 2017 consurgentibus
717 1989 755 2009 ex
783 1980 908 2010 eisdem
935 1981 969 2010 111
999 1983 1172 2021 Hyspanie

201 2033 363 2072 partibus,
377 2042 487 2062 coram
502 2032 623 2071 quibus
636 2032 771 2062 arbitris
784 2033 835 2063 vel
846 2042 959 2064 eorum
972 2035 1172 2067 subarbitris

203 2094 240 2116 ac
263 2086 396 2115 demum
418 2086 453 2115 in
474 2087 625 2115 Romana
643 2085 745 2116 Curia
761 2085 796 2115 in
811 2087 981 2124 presentia
997 2089 1172 2127 quamplu-

201 2138 290 2168 rium
316 2139 543 2168 Romanorum
572 2138 766 2176 pontificum
796 2143 826 2168 et
857 2139 1045 2170 auditorum
1070 2142 1105 2170 in
1136 2151 1173 2172 ea

203 2199 435 2221 concessorum
461 2190 501 2219 ab
527 2191 627 2229 ipsis,
657 2200 833 2230 coramque
857 2192 1027 2231 judicibus
1051 2204 1069 2223 a
1090 2194 1173 2225 Sede

205 2243 384 2283 apostolica
411 2243 571 2281 delegatis
604 2252 640 2274 ac
667 2244 892 2283 subdelegatis
923 2255 1036 2276 eorum
1058 2247 1173 2278 multis

203 2297 408 2335 temporibus
424 2297 464 2326 ab
477 2297 573 2327 etatis
586 2297 741 2327 moderno
754 2298 914 2328 memoria
925 2299 994 2329 fere
1008 2301 1174 2338 prenimia

202 2354 367 2381 vetustate
384 2350 519 2380 remotis
536 2350 597 2380 sub
608 2359 825 2388 processuum
841 2352 1047 2384 involutione
1064 2355 1174 2385 multi-

204 2403 300 2433 modo
317 2403 426 2432 extitit
442 2402 612 2432 ventilata.
636 2402 756 2441 Sicque
772 2405 924 2442 personis
939 2408 1174 2445 prosequenti-

205 2455 267 2485 bus
284 2464 357 2486 eam
373 2455 411 2485 de
428 2455 537 2485 medio
556 2459 740 2494 temporum
755 2456 894 2487 veritate
909 2458 1050 2489 sublatis
1064 2460 1174 2490 multi-

205 2508 302 2539 fariis
323 2508 571 2538 irritationibus
594 2508 736 2546 implexa
763 2510 924 2540 remansit
949 2520 985 2541 ac
1007 2511 1175 2543 multifor-

205 2561 316 2591 mibus
339 2560 488 2591 cecitatis
509 2560 641 2591 nebulis
662 2561 833 2592 obfuscata
851 2572 957 2602 usque
976 2564 1015 2594 ad
1034 2574 1071 2595 eo
1088 2566 1176 2604 quod

206 2613 414 2644 diversorum
436 2622 652 2651 processuum
688 2614 888 2646 exuberante
919 2616 1087 2647 volumine
1118 2628 1175 2648 111-

207 2675 282 2705 gere
300 2667 540 2705 quodammodo
564 2666 737 2697 videbatur
758 2668 798 2698 ad
816 2668 994 2700 infinitatis
1013 2671 1174 2701 abissum.

204 2719 360 2750 Ceterum
376 2719 584 2749 venerabiles
600 2722 710 2757 patres
726 2720 843 2757 Egeas,
862 2721 1127 2756 Colimbriensis,
1146 2728 1177 2754 et

204 2771 399 2807 Rodericus,
416 2771 643 2809 Egitaniensis
657 2772 814 2811 episcopi,
831 2778 861 2803 et
877 2775 1035 2812 magister
1050 2776 1178 2806 Johan-

205 2832 274 2860 neS,
304 2823 574 2860 Colimbriensis‚
600 2827 630 2854 et
647 2825 781 2861 Petrus,
800 2830 914 2857 cantor
937 2828 1176 2865 Egitaniensis,

205 2876 427 2915 capitulorum
449 2880 696 2915 procuratores,
716 2878 888 2910 occasione
910 2881 1096 2919 questionis
1115 2881 1178 2911 1111-

288 2941 512 2966 ALEXANDRE
530 2941 581 2973 IV,
601 2944 619 2966 t.
639 2942 659 2966 Ι.

2201 217 2255 246 281

1254 292 1266 307 »
1288 281 1435 320 jusmodi
1452 282 1492 311 ad
1503 282 1637 313 Curiam
1654 285 1867 311 memoratam
1878 280 2098 319 personaliter
2113 290 2256 312 accesse-

1253 345 1266 360 5)

1252 398 1265 412 ))

1290 338 1379 369 runt,
1405 338 1435 364 et
1458 343 1567 364 coram
1590 335 1697 369 nobis,
1723 334 1787 363 sibi
1809 342 1867 372 per
1886 333 1995 363 felicis
2020 334 2258 364 recordationis

1292 387 1461 416 dominum
1476 389 1502 417 Ι.
1519 397 1637 426 papam
1654 388 1721 417 IIII
1739 386 1887 416 auditore
1902 395 2068 421 concesso,
2087 387 2258 417 nonnullis

1292 440 1495 477 temporibus
1512 440 1697 477 litigarunt.
1717 439 1786 477 Ipsi
1803 438 1946 471 tandem,
1968 439 2155 468 animarum
2170 439 2258 477 peri-

1291 491 1375 521 culis
1391 501 1565 530 precavere
1585 491 1749 525 volentes,
1769 491 1826 529 qui
1844 495 1979 528 possent
1994 495 2144 528 pretextu
2160 500 2258 530 ques-

1292 544 1394 574 tionis
1420 545 1583 582 premisse
1614 543 1804 580 contingere
1835 551 1999 580 causeque
2026 543 2258 581 antiquitatem

1292 597 1598 634 circumspicientes
1612 596 1719 634 ipsius
1733 604 1768 624 ac
1781 594 2064 624 interminabilem
2076 595 2260 633 (1110511110-

1293 658 1444 687 gressum
1467 649 1593 678 eisdem
1616 648 1673 687 qui
1694 647 1869 677 succedere
1886 652 2020 685 possent
2041 648 2260 685 inposterum

1293 703 1321 732 si
1334 702 1454 741 judicii
1468 702 1628 732 severitas
1641 705 1840 735 servaretur,
1853 700 2069 738 laborumque
2086 701 2259 739 dispendia

1293 764 1330 785 ac
1343 755 1511 793 impendia
1525 759 1718 792 sumptuosa
1732 753 1854 791 quibus
1871 756 1936 782 tam
1950 753 2014 790 ipsi
2031 762 2129 791 quam
2146 754 2261 791 prede-

1293 816 1441 837 cessores
1458 816 1572 836 eorum
1594 801 1698 835 dictas
1721 805 1878 835 ecclesias
1902 805 2083 834 affecerunt
2102 810 2131 834 et
2153 806 2262 836 affice-

1292 864 1367 889 rent
1388 860 1423 888 in
1444 860 1595 888 futurum
1617 862 1714 896 atque
1736 857 1927 896 hujusmodi
1944 857 2073 894 negocii
2092 857 2191 887 finem
2209 866 2262 887 ce-

1292 912 1396 942 lerem
1426 912 1618 941 affectantes
1649 910 1838 949 specialiter
1868 918 1904 939 ac
1936 909 2135 947 generaliter
2165 919 2263 948 super

1293 965 1448 995 omnibus
1471 964 1683 1003 supradictis,
1703 967 1733 993 et
1753 963 1874 997 causis,
1896 962 2145 997 controversiis,
2164 971 2263 1000 ques-

1293 1018 1441 1047 tionibus
1466 1021 1497 1047 et
1519 1017 1635 1046 litibus
1658 1016 1756 1046 motis
1781 1020 1812 1046 et
1835 1024 1898 1054 que
1920 1014 2045 1044 moveri
2068 1019 2207 1053 possunt
2226 1015 2263 1044 in

1292 1075 1472 1110 posterum,
1495 1068 1818 1109 sequestrationibus
1832 1067 1929 1097 factis
1941 1070 1972 1097 et
1985 1066 2086 1097 etiam
2100 1067 2264 1097 faciendis

1294 1128 1325 1154 et
1347 1123 1500 1162 pluribus
1522 1122 1671 1152 articulis
1696 1121 1771 1151 aliis
1789 1120 1824 1149 in
1843 1120 2078 1158 compromisso
2097 1119 2264 1149 distinctis

1294 1176 1487 1215 expressim,
1503 1175 1538 1204 in
1555 1183 1614 1204 nos
1631 1183 1690 1204 suo
1705 1178 1735 1203 et
1750 1172 1966 1203 ecclesiarum
1980 1180 2116 1201 suarum
2130 1171 2264 1201 nomine

1294 1238 1399 1267 nuper
1409 1228 1707 1267 compromiserunt
1716 1226 1860 1256 ultronei
1871 1224 2081 1263 tamquamin
2089 1224 2262 1259 arbitrum,

1295 1283 1525 1313 arbitratorem
1549 1286 1646 1320 atque
1666 1279 1918 1318 compositorem
1935 1277 2159 1311 amicabilem,
2178 1277 2264 1307 dicto

1295 1335 1444 1370 arbitrio,
1462 1335 1638 1369 sententie,
1656 1336 1819 1372 precepto,
1838 1330 2052 1365 ordinationi,
2072 1330 2264 1360 diffinitioni

1293 1388 1457 1418 faciendis
1480 1396 1538 1426 per
1559 1395 1630 1421 nos,
1650 1386 1707 1416 lite
1729 1388 1913 1414 contestata
1935 1387 1965 1413 et
1982 1392 2047 1413 11011
2069 1386 2261 1418 contestata,

1295 1440 1539 1478 sollempnitate
1556 1439 1641 1478 juris
1661 1442 1790 1467 servata
1807 1441 1837 1466 et
1854 1445 1919 1466 non
1938 1439 2077 1470 servata,
2097 1444 2197 1465 causa
2212 1435 2264 1464 in-

1296 1497 1420 1524 structa
1443 1497 1474 1523 et
1499 1501 1565 1522 non
1590 1492 1770 1525 instructa,
1799 1498 1833 1519 50
1860 1488 2004 1518 totaliter
2027 1487 2261 1523 submittendo,

1294 1551 1390 1586 prout
1404 1547 1438 1576 in
1450 1546 1672 1576 instrumento
1684 1543 1815 1582 publico
1828 1542 1903 1571 111110
1916 1542 2064 1571 confecto
2079 1540 2265 1577 sigillorum

1294 1602 1442 1639 ipsorum
1457 1600 1686 1637 episcoporum
1699 1595 1919 1634 impressione
1935 1593 2064 1623 munito
2080 1593 2141 1623 hec
2155 1592 2265 1622 onmia

1295 1654 1427 1693 plenius
1453 1656 1483 1682 et
1509 1651 1698 1689 expressius
1724 1649 1948 1679 continentur.
1976 1647 2044 1676 Nos
2066 1651 2186 1680 autem,
2209 1654 2266 1675 vo-

1295 1707 1401 1737 lentes
1427 1710 1494 1735 tam
1515 1705 1608 1734 varia
1629 1710 1845 1742 processuum
1865 1699 2081 1738 perplexitate
2102 1698 2266 1736 prolixum

1296 1760 1396 1799 hujus
1420 1757 1643 1788 contentionis
1667 1754 1860 1785 abbreviare
1883 1752 2075 1790 negocium,
2094 1760 2129 1780 ac
2149 1751 2189 1780 ad
2209 1759 2266 1780 sue

1297 1811 1448 1843 veritatis
1467 1809 1660 1847 indaginem
1683 1811 1912 1838 summotenus
1932 1803 2118 1843 pervenire,
2137 1802 2267 1832 libellos

1296 1864 1409 1896 offerri
1438 1863 1670 1893 mandavimus
1707 1860 1747 1889 ab
1785 1859 1944 1889 alterutra
1979 1856 2125 1895 partium
2155 1863 2265 1884 coram

1296 1918 1404 1953 nobis,
1422 1917 1479 1956 qui
1497 1917 1633 1945 fuerunt
1650 1913 1791 1943 exhibiti
1806 1912 1841 1941 in
1860 1911 1920 1940 bac
1936 1910 2042 1939 forma
2059 1919 2065 1938 2

1299 1985 1311 1998 ›>
1336 1971 1455 2002 Coram
1481 1969 1592 2003 vobis,
1618 1966 1799 1997 reverende
1822 1968 1929 2003 pater,
1953 1962 2086 1992 domino
2110 1963 2135 1991 Ι.
2161 1961 2267 1991 sancti

1297 2024 1428 2056 Nicolai
1441 2023 1475 2052 in
1490 2022 1630 2053 Carcere
1643 2019 1796 2050 Tulliano
1813 2018 1950 2046 diacono
1965 2014 2137 2049 cardinali,
2151 2018 2266 2052 petunt

1298 2078 1471 2117 episcopus
1495 2080 1525 2105 et
1545 2075 1704 2112 magister
1722 2072 1904 2105 Johannes,
1923 2072 2115 2108 procurator
2131 2066 2267 2105 capituli

1296 2129 1569 2163 Colimbriensis,
1588 2136 1624 2157 011
1646 2126 1800 2156 mandato
1817 2123 1943 2153 1101111111
1965 2121 2116 2156 Honorii,
2135 2119 2268 2150 restitui

1296 2184 1360 2214 sibi
1377 2181 1635 2215 Coullerianam,
1647 2178 1845 2212 Celoricum,
1858 2176 1997 2206 Linares
2013 2178 2043 2203 et
2055 2173 2268 2210 Felgosinum

1298 2237 1333 2266 in
1350 2234 1582 2274 spiritualibus
1600 2237 1631 2262 et
1648 2230 1902 2269 temporalibus,
1922 2227 2029 2266 quoad
2045 2227 2121 2265 jura
2140 2225 2268 2263 episco-

1297 2291 1397 2330 palia,
1411 2298 1486 2319 cum
1499 2286 1651 2318 terminis
1666 2290 1696 2315 et
1712 2282 1925 2323 pertinentiis
1939 2289 2002 2320 que
2018 2283 2107 2310 tenet
2121 2282 2151 2308 et
2164 2277 2268 2316 possi-

1299 2345 1352 2375 det
1377 2342 1427 2373 vel
1451 2340 1547 2380 quasi
1570 2339 1617 2369 ibi
1643 2337 1783 2368 ecclesia
1808 2332 2035 2373 Egitaniensis
2062 2335 2092 2361 et
2119 2331 2158 2360 dc
2182 2331 2268 2359 facto

1299 2407 1373 2428 cum
1393 2394 1558 2425 fructibus
1578 2391 1735 2430 temporis
1752 2388 1912 2428 preteriti,
1932 2395 2014 2425 quos
2036 2386 2165 2414 fructus
2185 2382 2269 2413 exti-

1298 2455 1389 2482 mant
1413 2453 1554 2489 quatuor
1576 2446 1669 2476 milia
1690 2443 1901 2474 marcharum
1921 2439 2061 2478 argenti,
2082 2437 2133 2468 vel
2154 2439 2269 2475 petunt

1298 2504 1445 2544 predicta
1462 2500 1644 2532 secundum
1658 2496 1901 2537 providentiam
1915 2492 2040 2523 domini
2058 2500 2139 2530 pape
2158 2491 2183 2519 1.
2200 2489 2268 2519 1111

1300 2555 1521 2597 sequestrari,
1544 2554 1573 2584 si
1591 2554 1675 2583 sorte
1697 2551 1761 2581 sibi
1785 2558 1850 2579 non
1875 2546 2027 2577 videritis
2050 2541 2267 2574 restituenda.

1299 2612 1383 2642 Item
1398 2612 1515 2648 petunt
1530 2616 1568 2637 ex
1583 2604 1738 2635 mandato
1755 2601 1880 2631 domini
1896 2601 1921 2629 Ι.
1942 2599 1991 2629 III
2009 2601 2039 2628 et
2058 2595 2184 2626 domini
2200 2594 2268 2623 Ho-

1300 2663 1387 2693 norii
1413 2659 1614 2692 sententiam
1641 2657 1702 2687 sub
1729 2654 1890 2685 arbitrum
1916 2651 2018 2681 latam
2045 2657 2102 2687 pro
2130 2645 2269 2677 ecclesia

1300 2713 1537 2748 Colimbriensi
1550 2715 1664 2742 contra
1677 2708 1926 2747 Egitaniensem
1943 2712 2041 2742 super
2057 2699 2268 2731 restitutione

1301 2769 1451 2800 omnium
1467 2763 1705 2804 episcopalium
1719 2760 1845 2801 jurium
1860 2756 2086 2796 spiritualium
2103 2757 2132 2783 et
2149 2757 2267 2789 tempo-

1302 2823 1423 2853 ralium
1444 2824 1475 2850 et
1497 2820 1665 2848 fructuum
1688 2814 1789 2845 medii
1812 2811 1968 2850 temporis
1994 2808 2092 2838 totius
2117 2806 2217 2835 Berre
2239 2807 2269 2832 et

1303 2873 1514 2907 Coulleriane
1539 2869 1691 2900 mandari
1716 2864 1901 2897 executioni
1925 2864 1959 2892 in
1983 2859 2126 2893 Guarda,
2149 2858 2266 2891 Tauro,

2116 2923 2146 2948 ³6
