2498 3325
0 1530 10 1986 -‹v--3-—--—vv—--⁷2—
0 1469 6 1493 s.
0 1428 4 1435 ν

4 2900 18 2947 ξι,
7 2859 15 2879 η

0 2971 21 3008 ⁴0¹

6 3182 26 3325 —m*

992 250 1223 296 DEUXIEME
1244 249 1402 287 ANNEE.
2193 256 2251 286 359

150 329 285 356 obstante
306 328 510 363 impedimento
533 327 693 362 praedicto,
711 327 738 353 in
755 326 938 353 matrimonio
954 326 996 351 sic
1011 327 1159 351 conta-acto

153 385 300 404 remanere
318 378 417 403 valeat.
435 376 517 410 (Res.
534 375 578 409 ⁵24,
597 376 615 401 f.
637 375 696 408 149,
713 383 780 401 ann.
796 374 835 407 11,
852 382 878 401 c.
896 374 968 407 144.)

194 491 206 505 1(
226 479 285 507 Ade
300 479 379 507 dicto
394 479 518 506 Rourele
534 477 567 505 de
581 477 699 511 Insula,
721 477 920 504 Tornaeensis
936 476 1071 504 diocesis.
1090 473 1161 504 Etsi

150 531 340 570 conjunctio
373 530 487 568 copule
516 547 564 558 —.
600 530 673 559 Dat.
705 529 877 563 Laterani,
908 529 972 559 VII
1000 527 1160 557 kalendas

150 585 274 619 martii,
294 593 380 614 anno
397 583 553 613 secundo.
576 594 588 608 >1

225 775 342 803 11³2ss

188 836 369 869 lndulgciitia
406 840 522 862 centum
560 836 670 861 dicrum
711 835 935 869 cooperantibus
969 834 1159 860 aedificationi

151 885 340 912 Lexoviensis
356 884 636 919 eain1›aniliS.(Rf.c.
654 883 698 914 24,
717 883 735 910 Γ,
755 883 814 917 149,
832 892 899 909 aun.
917 883 953 913 Il,
972 891 998 909 e.
1020 883 1089 914 145).

709 773 822 806 Latrau,
838 773 872 799 ‘26
888 773 992 799 levrier
1012 772 1088 799 1256.

194 1000 207 1014 «
241 987 396 1016 L'niversis
424 986 539 1015 Christi
566 986 705 1021 fidelibus
732 986 785 1014 llas
819 986 936 1013 litteras
967 985 1161 1021 inspecturis.

151 1040 326 1076 Quoniam,
342 1043 376 1068 111
393 1039 437 1068 ait
455 1037 633 1076 apostolus,
645 1047 749 1076 usque
766 1037 887 1066 :vitam
904 1041 1063 1067 eternam.
1079 1037 1162 1067 Cum

150 1093 264 1131 igitur,
284 1093 370 1121 sicut
390 1092 530 1121 dilectus
553 1091 642 1120 filius
664 1091 822 1128 magister
842 1090 965 1120 Paulus
984 1090 1022 1120 de
1042 1092 1162 1120 Sancto

150 1145 269 1184 Helya,
288 1144 467 1174 canonicus
484 1143 710 1178 Lexoviensis,
730 1143 900 1181 proposuit
919 1152 1028 1172 coram
1053 1142 1160 1177 nohis,

696 1197 885 1234 episcopus,
909 1200 939 1225 et
962 1195 1074 1225 dilecti
1101 1195 1163 1224 filii

150 1251 332 1289 capitulum
360 1250 581 1280 Lexovienses
607 1249 792 1287 campanile
818 1249 852 1278 111
882 1258 995 1279 eorum
1022 1248 1163 1278 ecclesia

151 1304 304 1334 edificare
332 1303 518 1341 inceperint
545 1311 642 1340 opere
669 1311 733 1331 non
757 1302 923 1331 modicum
950 1306 1159 1339 sumptuoso,

151 1357 260 1395 sitque
278 1356 317 1385 ad
333 1356 367 1384 id
382 1355 530 1385 fidelium
547 1355 696 1384 subsidia
713 1359 890 1393 oportuna,
910 1355 1161 1384 universitatem

149 1197 352 1228 venerabilis
380 1198 483 1227 frater
509 1201 620 1226 noster
643 1219 674 1231 ..,

150 1414 293 1439 vestram
311 1417 478 1446 rogamus,
493 1417 666 1437 monemus
684 1412 714 1437 01
730 1408 902 1437 hortamur
919 1412 1041 1437 attente
1058 1407 1093 1436 in
1109 1416 1162 1436 re-

151 1463 347 1492 missionem
359 1461 451 1491 vehis
465 1461 695 1499 peccaminum
707 1461 932 1500 injungentes,
944 1465 1108 1499 quatenus
1123 1461 1161 1490 de

150 1515 247 1545 bonis
267 1519 327 1544 etc.
346 1523 451 1552 usque
470 1524 476 1542 ε
495 1514 700 1552 adjutricem,
716 1519 848 1544 centum
865 1514 935 1543 dies
952 1518 1012 1543 etc.
1028 1522 1134 1551 usque
1153 1523 1159 1541 :

151 1568 350 1598 relaxamus.
384 1567 601 1597 Presentihus
633 1571 705 1605 post
734 1567 946 1605 septennium
977 1572 1038 1597 etc.
1072 1567 1160 1603 Quas

150 1621 239 1650 mitti
267 1625 327 1650 etc.
356 1621 430 1649 Dat.
462 1620 644 1654 Lateriani,
675 1621 704 1650 V
729 1620 889 1650 kalendas
916 1620 1044 1655 martii,
1074 1628 1160 1649 anno

150 1673 306 1704 secundo.
331 1686 342 1699 n

226 1865 341 1894 1180

186 1927 378 1954 Ecclesiam-um
400 1927 435 1953 de
457 1926 551 1957 Lenn,
580 1926 739 1953 ἵει-(11011111
764 1930 792 1953 01
815 1926 946 1962 Andeby,
965 1927 1162 1954 Norwiccnsis

150 1976 293 2005 diocesis,
323 1975 559 2002 constitutionem
592 1976 618 2001 in
650 1975 794 2010 prioratus
819 1975 979 2003 confirmat.
1011 1976 1091 2008 (Rea.
1116 1977 1161 2009 ²24,

151 2024 170 2051 f.
192 2025 250 2058 149,
267 2033 334 2050 ann.
353 2023 390 2058 11,
406 2032 432 2050 c.
452 2024 524 2056 146.)

711 1863 825 1895 Latran,
840 1863 872 1890 ‘26
890 1864 993 1890 fe'vricr
1013 1865 1088 1890 1¹:³50.

194 2137 206 2152 «
227 2148 261 2160 ..,
278 2127 380 2163 priori
399 2131 424 2154 et
443 2127 608 2154 conventui
627 2127 881 2155 Norwieensilms.
907 2126 995 2157 Solet
1016 2135 1164 2157 annuere

151 2183 213 2208 etc.
224 2187 330 2216 usque
342 2187 348 2206 t
360 2177 537 2216 impertiri.
552 2179 671 2208 Vestra
685 2187 764 2208 sane
779 2179 874 2209 nobis
887 2179 1035 2209 exhibita
1051 2180 1165 2217 petitio

153 2231 343 2261 continebat
363 2231 460 2269 quod,
479 2240 551 2260 cum
569 2240 587 2261 a
604 2231 799 2262 fundatione
815 2232 1044 2262 Norwicensis
1060 2233 1165 2262 eccle-

153 2284 203 2313 sie
221 2283 366 2321 episcopi
384 2283 632 2319 Norwieenses,
652 2285 709 2322 qui
728 2285 854 2315 suerint
872 2294 930 2323 pro
946 2290 1107 2323 tempore,
1126 2286 1166 2315 ad

152 2340 261 2366 vestre
283 2335 457 2373 religionis
481 2341 709 2374 augmentum,
729 2337 767 2367 de
784 2338 897 2373 Leme,
919 2338 957 2368 de
973 2338 1166 2368 Gernenuia

153 2393 184 2418 et
200 2388 239 2418 de
257 2388 398 2426 Andehy
415 2388 588 2422 ecclesias,
610 2390 838 2420 Norwicensis
854 2390 1012 2425 diocesis,
1031 2391 1069 2420 de
1088 2400 1166 2420 con-

154 2449 255 2471 sensu
274 2445 487 2479 patronorum
504 2441 720 2471 ecclesiarum
737 2442 885 2480 ipsarum
902 2443 994 2473 vohis
1012 2443 1166 2473 duxerint

153 2493 390 2531 assignandas,
408 2502 481 2528 vos,
502 2493 670 2523 diocesani
696 2495 759 2524 loci
786 2496 961 2525 accedente
987 2505 1163 2531 consensu,

153 2546 319 2585 prioratus
336 2546 558 2576 constituistis
576 2547 614 2577 de
632 2547 782 2578 ecclesiis
801 2548 1018 2586 supradictis3
1040 2548 1166 2579 facien-

155 2603 203 2628 tes
228 2599 262 2628 in
289 2608 402 2629 earum
426 2599 574 2638 qualibet
596 2600 738 2638 priorem
758 2605 789 2631 et
809 2605 874 2631 tres
892 2601 1072 2631 monachos
1090 2611 1165 2631 cum

154 2652 360 2691 presbyteris
380 2652 588 2683 secularibus
608 2655 821 2689 commorari,
841 2655 896 2693 qui
915 2664 1027 2684 curam
1051 2659 1166 2689 gerant

155 2705 343 2735 animarum
359 2705 394 2734 in
411 2705 505 2743 ipsis.
526 2707 594 2735 Nos
610 2707 713 2743 igitur
729 2707 848 2737 vestris
866 2707 1166 2746 supplicationilms

154 2757 319 2793 inclinati,
332 2759 580 2789 concessionem
591 2763 621 2789 et
633 2760 875 2790 ordinationem
892 2760 1081 2799 hujusmodi
1096 2769 1166 2798 pro-

153 2810 229 2841 vide
248 2811 352 2840 factas
376 2815 407 2841 et
431 2811 471 2840 ab
495 2813 632 2851 antiquo
655 2816 690 2841 ut
713 2813 864 2843 asseritis
887 2813 1094 2848 observatas,
1113 2822 1167 2842 ra-

155 2867 206 2893 tas
222 2868 252 2893 ct
269 2867 378 2901 gratas
395 2863 572 2900 habentes,
591 2874 646 2895 eas
664 2866 859 2896 auctoritate
883 2866 1062 2904 apostolica
1088 2875 1167 2896 con-

155 2916 326 2946 firmamus
346 2920 406 2947 etc.
425 2926 530 2956 usque
549 2928 554 2946 ε
576 2919 831 2949 communimus.
856 2919 948 2949 Nulli
972 2923 1031 2949 etc.
1056 2923 1167 2949 nostre

1241 323 1503 354 confirmationis
1526 328 1587 355 etc.
1614 326 1686 355 Dat,
1707 326 1878 362 Laterani,
1895 328 1924 357 V
1941 327 2100 358 kalendas
2124 329 2247 365 martii,

1242 385 1328 406 anno
1345 377 1500 407 secundo.
1519 390 1532 404 »

1315 570 1423 597 1181

1278 630 1464 665 Iun-ascripto
1482 632 1612 663 mandat,
1632 636 1662 659 ut
1678 633 1793 660 fratrem
1810 633 1961 668 Egidium,
1983 639 2124 662 rectorem
2141 637 2250 663 heremi

1242 679 1276 704 de
1295 679 1389 705 Monte
1407 679 1509 710 Viclio,
1527 680 1705 707 Castellanae
1720 682 1855 714 diocesis,
1874 683 1901 709 in
1920 687 2060 710 rectorem
2076 685 2179 711 domus
2195 685 2251 711 Le-

1243 736 1393 761 prosorum
1411 728 1444 754 de
1461 728 1552 761 Delio,
1565 730 1696 763 ejusdem
1713 730 1849 765 diocesis,
1866 732 1899 758 ad
1917 732 2075 759 Romanam
2091 733 2252 760 Ecclesiam

1243 776 1319 801 nullo
1337 777 1429 801 modio
1447 778 1635 811 pertinentis,
1653 787 1738 812 quem
1759 779 1909 813 elegerunt
1926 781 2028 807 fratres
2044 782 2251 809 convenientes

1242 823 1269 849 in
1289 832 1387 855 unum,
1406 825 1488 851 faciat
1504 826 1624 852 admitti.
1644 826 1726 859 (Rho.
1745 828 1789 861 24,
1806 828 1824 854 f.
1846 829 1903 857 149,
1921 837 1986 856 ann.
2003 829 2045 861 II,
2062 839 2088 857 e⁴
2108 831 2179 863 147.)

1798 571 1913 605 Latran,
1929 573 1962 600 26
1978 574 2083 600 sevi-ier
2100 575 2176 601 1256.

1285 944 1297 958 «
1314 933 1528 962 PrioriSancli
1541 935 1896 965 BarllzolomeiCivitatis
1909 939 2085 967 t'astellane
2103 939 2149 968 Ex
2160 943 2253 977 parte

1244 985 1440 1015 dilectorum
1456 1004 1504 1014 ——.
1522 988 1596 1016 Dat.
1615 992 1649 1017 ut
1666 997 1776 1025 supra.
1798 1000 1810 1014 ³>

1317 1185 1432 1212 1182

1281 1247 1464 1273 Denuntiatio
1481 1249 1631 1282 symoniae
1654 1253 1753 1275 contra
1775 1249 1946 1276 Dalmatium
1969 1252 2100 1278 abbatem
2118 1252 2151 1278 de
2170 1253 2252 1279 Rivi-

1244 1296 1319 1329 pullo
1336 1295 1400 1321 lata.
1421 1296 1502 1328 (11111.
1520 1297 1563 1331 Μ,
1583 1297 1601 1323 f.
1623 1297 1681 1327 149,
1699 1306 1763 1323 ann.
1785 1297 1819 1331 ΙΙ,
1837 1307 1861 1324 c.
1884 1299 1952 1331 148.)

1284 1417 1296 1430 «
1318 1404 1438 1434 Dilecti
1454 1404 1515 1433 filii
1532 1406 1752 1443 Baymundus
1769 1406 1807 1436 de
1823 1407 1982 1445 Colunge,
1996 1409 2095 1446 prior,
2113 1410 2252 1440 Pontius

1242 1457 1280 1486 de
1296 1457 1465 1492 Balzaron,
1476 1458 1664 1495 prepositus
1680 1459 1825 1493 Ausone,
1840 1460 2061 1498 Raymundus
2078 1462 2117 1492 de
2132 1462 2253 1492 Villari

1241 1510 1358 1545 Acuto,
1375 1510 1565 1540 Bernardus
1582 1511 1620 1540 de
1638 1512 1794 1547 Luciano,
1812 1513 1952 1542 Pontius
1968 1514 2006 1543 de
2020 1514 2171 1551 Olivella,
2188 1516 2253 1546 Be-

1241 1563 1416 1600 rengarius
1434 1563 1471 1592 de
1490 1563 1618 1601 Basilig
1633 1564 1671 1594 de
1688 1564 1833 1599 Caschrr,
1851 1565 2076 1597 Galcerandus
2093 1568 2131 1598 de
2150 1569 2251 1599 Podio

1240 1616 1316 1645 Alto
1333 1620 1363 1646 et
1379 1616 1437 1645 alii
1453 1616 1650 1647 adherentes
1667 1618 1804 1653 eisdem,
1824 1619 1979 1648 monaehi
2000 1622 2196 1651 monasterii
2212 1622 2251 1652 de

1242 1668 1424 1706 Rivipullo,
1445 1669 1485 1698 ad
1502 1671 1687 1700 Romanam
1706 1670 1888 1700 Ecclesiam
1911 1672 1997 1701 sicut
2017 1673 2140 1703 dicitur
2160 1674 2252 1704 nullo

1241 1721 1350 1751 medio
1372 1722 1588 1760 pertinentis,
1610 1723 1737 1753 ordinis
1761 1724 1868 1753 saneti
1890 1725 2078 1761 Benedicti,
2096 1727 2252 1758 Vicensis

1242 1774 1400 1810 diocesis,
1420 1784 1480 1805 sua
1505 1775 1601 1805 nobis
1629 1776 1882 1806 denuntiatione
1906 1782 2146 1815 monstrarunt,
2165 1781 2253 1819 quod

1243 1827 1440 1863 Dalmatius,
1453 1828 1554 1858 abbas
1570 1829 1677 1867 ipsius
1693 1830 1900 1866 monasterii,
1913 1832 2067 1869 symonia
2083 1836 2143 1862 etc.
2159 1837 2222 1864 cat.
2237 1846 2250 1860 »

1318 2028 1433 2056 1183

1282 2090 1544 2125 Archipresbytero
1567 2089 1596 2115 S.
1616 2090 1720 2123 Angeli
1744 2090 1814 2124 ripis
1835 2090 1957 2122 Conim.,
1976 2093 2042 2126 qui,
2061 2102 2110 2127 [101
2126 2094 2255 2121 fautores

1798 2027 1911 2061 Latran,
1932 2030 2086 2064 1811111νίοι-
2106 2032 2180 2059 1256.

1245 2138 1367 2164 Com-adi
1384 2142 1486 2172 captus
1502 2142 1529 2164 01
1545 2138 1653 2164 carceri
1671 2139 1852 2172 mancipatus
1869 2140 1922 2165 fuit
1936 2144 1963 2166 et
1978 2141 2057 2174 plura
2074 2142 2146 2167 bona
2158 2142 2255 2169 amisit

1247 2195 1297 2221 pro
1318 2186 1469 2212 devotione
1486 2186 1643 2218 Ecclesiae,
1661 2186 1820 2220 dispensat.
1841 2191 1870 2213 ut
1887 2188 2011 2214 retinere
2028 2190 2119 2216 valeat
2136 2191 2189 2217 tria
2205 2191 2256 2218 be-

1248 2236 1347 2261 neficia
1373 2235 1571 2261 ecelesiastica
1595 2243 1660 2260 cum
1682 2235 1841 2261 animarum
1863 2244 1932 2262 cura
1954 2237 1980 2262 in
2003 2237 2110 2264 diocesi
2129 2240 2254 2272 Alifana,

1247 2292 1370 2318 quorum
1385 2288 1542 2318 proventus
1553 2283 1639 2309 annui
1654 2282 1678 2308 X
1694 2283 1794 2310 uncias
1805 2285 1867 2310 auri
1881 2293 1934 2311 non
1949 2286 2105 2313 excedunt.
2117 2288 2198 2322 (Res.
2210 2288 2255 2321 ⁶24,

1246 2333 1266 2359 f.
1286 2332 1345 2366 149,
1362 2341 1428 2358 ann.
1446 2331 1483 2364 11,
1501 2340 1526 2359 c.
1546 2332 1617 2364 149.)

1289 2453 1301 2467 «
1323 2463 1355 2475 ..,
1374 2441 1635 2478 ‹crcluipresbytero
1651 2441 1758 2470 Sancti
1770 2441 1878 2477 Anyeli
1895 2442 1973 2479 ripis
1990 2443 2121 2479 Comini„
2136 2445 2259 2480 Alifane

1247 2495 1382 2523 diocesis.
1402 2495 1464 2523 Pro
1478 2493 1652 2523 devotione
1665 2494 1796 2524 sincera
1808 2504 1907 2532 quani
1921 2499 1954 2524 111
1970 2500 2000 2526 et
2014 2496 2154 2528 dilectus
2169 2498 2257 2530 filius

1244 2548 1344 2587 judex
1360 2547 1517 2581 Thomas,
1537 2551 1629 2585 pater
1653 2551 1746 2582 tuus,
1767 2548 1854 2577 circa
1875 2549 2058 2579 Romanam
2075 2551 2259 2582 Ecclesiam

1248 2601 1374 2638 geritis,
1392 2604 1436 2635 tu,
1450 2600 1535 2629 sicut
1552 2601 1756 2638 asseris,per
1768 2601 1915 2631 fautores
1933 2603 2098 2640 quondam
2108 2604 2256 2641 Corradi,

1248 2653 1317 2682 nati
1343 2653 1507 2691 quondam
1525 2653 1687 2683 Friderici
1710 2654 1935 2691 imperatoris,
1954 2659 2068 2693 captus
2085 2660 2116 2686 et
2134 2657 2260 2688 tamdiu

1247 2706 1343 2736 suisti
1367 2706 1491 2735 carceri
1514 2706 1739 2744 mancipatus,
1760 2707 1863 2736 donec
1886 2711 1915 2737 te
1938 2717 1995 2745 pro
2019 2713 2107 2739 certa
2130 2718 2260 2740 summa

1248 2759 1388 2797 pecunie
1412 2759 1599 2794 redemisti,
1624 2759 1710 2789 dicto
1738 2764 1829 2797 patro
1857 2763 1912 2789 tuo
1941 2769 2015 2790 cum
2043 2771 2103 2791 sua
2130 2763 2260 2793 familia

1248 2816 1321 2851 post
1346 2811 1562 2841 amissionem
1590 2811 1751 2841 bonorum
1781 2812 1927 2850 plurium
1952 2813 1986 2842 in
2013 2815 2111 2844 exilio
2136 2816 2260 2845 consti-

1249 2869 1330 2895 tuto.
1354 2882 1393 2886 —
1417 2865 1491 2894 Dat.
1516 2865 1687 2900 Laterani,
1712 2866 1772 2896 XV
1795 2865 1953 2896 kalendas
1977 2867 2153 2903 februarii,
2173 2877 2260 2899 anno

1252 2918 1408 2949 secundo.
1431 2930 1442 2944 >1
