2441 3330
182 239 238 269 158

179 304 390 338 beneficium,
409 303 437 333 si
459 309 657 342 oportunum
674 305 792 340 fuerit,
817 305 1028 343 indulgentes
1044 304 1188 334 auctori-

179 361 245 387 tate
261 357 466 395 presentium
483 361 689 395 potestatem.
707 359 780 388 Non
795 358 1004 388 obstantibus
1019 357 1187 397 aliquibus

178 409 300 440 litteris
320 409 360 439 ad
376 410 647 448 metropolitanos
663 428 712 440 —.
731 410 823 441 Nulli
841 415 902 441 etc.
921 415 1032 441 nostre
1052 419 1188 440 conces-

179 462 285 492 sionis
311 465 369 491 etc.
400 462 473 492 Dat.
498 463 653 501 Neapoli,
682 464 763 494 VIII
787 463 946 494 kalendas
967 463 1073 502 junii,
1100 471 1187 493 anno

177 515 295 553 primo.
316 527 328 542 »

214 627 245 653 In
263 636 289 655 e.
307 636 344 654 m.
362 648 390 659 ..,
408 628 501 654 abbati
515 629 679 655 mouasterii
692 628 892 662 Can-roffensis,
905 629 1013 655 ordinis
1025 629 1114 655 sancti
1130 628 1186 654 Bo-

177 676 293 708 nedicfi,
312 676 491 704 pictavensis
507 678 642 708 diocesis.
660 681 688 704 et
703 678 757 704 sub
772 679 871 704 eadem
887 678 951 704 data

247 856 332 884 541

213 918 318 945 Abbati
342 928 366 945 s.
392 919 496 946 Mariae
523 920 634 946 Rotbae
660 921 818 954 Amatoris,
837 921 1033 947 Messanensis
1049 921 1183 953 diocesis,

178 967 302 996 mandat.
327 969 463 1002 quatinus
485 970 637 1002 compellat
663 974 692 995 ut
719 969 827 996 Pan-isio
850 969 1051 996 archidiacono
1073 969 1186 996 Messa-

179 1015 275 1049 nensi,
293 1026 307 1042 a
325 1017 468 1051 quondam
489 1017 640 1044 Frederico
657 1020 827 1052 imperatore
843 1019 966 1053 spoliato
982 1024 1009 1045 et
1027 1020 1052 1045 in
1071 1027 1185 1046 carcere

177 1065 302 1095 detento,
321 1065 394 1092 bona
411 1068 609 1093 restituantur.
628 1067 712 1100 (leeg.
730 1067 773 1100 Ἡ,
790 1075 815 1094 c.
832 1068 894 1096 447,
912 1068 930 1093 f.
947 1068 1002 1099 63)

780 858 896 892 Naples,
917 859 942 884 11
963 867 1016 884 mni
1037 859 1112 885 1255.

219 1185 231 1199 «
323 1174 424 1202 abbati
445 1180 546 1203 sancte
571 1176 664 1203 Mario
691 1176 779 1204 Ilollte
799 1177 958 1209 amatoris,
980 1176 1185 1206 Cistrrriensis

176 1226 312 1259 ordinis,
334 1227 529 1256 illesscmeusis
547 1228 681 1257 diocesis.
705 1228 821 1257 Oblata
843 1228 939 1258 nobis
960 1238 996 1257 ex
1023 1233 1112 1266 parte
1135 1229 1185 1258 di-

175 1277 252 1307 lecti
279 1278 340 1306 filii
370 1279 509 1315 Parisii,
541 1279 766 1309 archidiaconi
797 1281 1040 1313 Messanensis,
1070 1281 1184 1318 petitio

175 1329 376 1366 continebat,
401 1331 488 1369 quod
510 1332 675 1369 quondam
693 1333 745 1362 Fr.
766 1333 988 1362 Romanorum
1007 1333 1185 1370 imperator

175 1382 284 1420 ipsum
301 1383 479 1414 crudeliter
497 1384 650 1414 detinens
669 1385 766 1423 longo
784 1389 927 1423 tempore
945 1386 1068 1415 carceri
1090 1395 1184 1416 man-

175 1435 319 1473 cipatum
342 1437 496 1466 omnibus
519 1437 615 1467 bonis
640 1438 710 1467 suis
735 1442 801 1467 tam
824 1438 1059 1468 ecclesiasticis
1084 1448 1182 1478 quam

174 1489 353 1519 mundanis
370 1489 523 1527 spoliavit
544 1491 696 1520 eundem.
718 1491 801 1521 Cum
817 1491 920 1528 igitur
935 1496 1084 1529 pretextu
1108 1502 1183 1530 spo-

173 1541 323 1571 liationis
340 1541 542 1579 hujusmodi,
561 1543 714 1573 nonnulli
731 1544 858 1573 fructus
876 1547 906 1573 et
921 1547 1101 1582 proventus
1117 1554 1183 1574 om-

174 1593 268 1623 nium
297 1594 459 1624 bonorum
488 1604 624 1626 suorum
656 1600 722 1626 tam
753 1596 1054 1627 ecclesiasticorum
1083 1607 1183 1636 quam

175 1646 377 1676 secularium
402 1647 499 1685 longo
519 1652 665 1688 tempore
684 1650 899 1679 detinuerunt
920 1654 950 1680 et
973 1650 1080 1680 adhuc
1098 1651 1183 1681 deti-

173 1703 275 1730 neant
293 1703 467 1738 occupatos
484 1710 521 1730 ac
539 1701 569 1731 ei
586 1702 624 1732 de
640 1702 723 1740 ipsis
740 1702 933 1732 satisfacere
955 1704 1184 1734 contradicant

173 1753 208 1782 in
222 1752 328 1791 ipsius
342 1762 407 1782 non
422 1754 586 1783 modicum
599 1755 821 1794 prejudicium
837 1759 868 1785 et
881 1764 1070 1793 gravamen,
1086 1756 1182 1787 nobis

173 1806 346 1836 humiliter
368 1807 566 1845 supplicavit
588 1813 623 1838 ut
645 1809 818 1847 providere
839 1809 905 1838 sibi
923 1818 1022 1848 super
1043 1809 1104 1840 hoc
1124 1820 1182 1848 pa-

172 1864 266 1889 terna
300 1860 525 1891 sollicitudine
557 1871 758 1892 curaremus.
792 1863 953 1899 Quocirca
984 1863 1181 1893 mandamus

172 1912 330 1950 quatinus
351 1912 538 1943 detentores
563 1914 753 1953 hujusmodi
772 1915 955 1945 monitione
976 1916 1182 1953 presentium

170 1973 228 2002 per
251 1974 426 1994 censuram
446 1966 706 1996 ecclesiasticam
727 1967 915 2006 compellas,
932 1972 969 1997 ut
987 1968 1090 1998 dictos
1106 1969 1182 1998 red-

170 2017 258 2047 ditus
275 2021 306 2046 et
322 2022 511 2055 proventus,
531 2024 627 2057 prout
640 2020 767 2059 justum
786 2021 899 2055 fuerit,
917 2021 1066 2059 plenarie
1083 2022 1181 2052 resti-

172 2074 265 2098 tuant
282 2070 515 2101 archidiacono
536 2077 728 2103 memorato.
748 2074 821 2103 Non
839 2073 990 2103 obstante
1009 2075 1037 2103 si
1059 2074 1181 2113 aliqui-

170 2122 231 2152 bus
245 2140 294 2151 —.
315 2124 470 2154 Invocato
487 2125 527 2154 ad
542 2124 603 2154 1100
620 2130 680 2155 etc.
700 2127 772 2156 Dat.
788 2126 938 2165 Neapoli,
954 2128 982 2157 V
996 2127 1070 2157 idus
1087 2128 1178 2163 maii,

169 2184 256 2205 anno
273 2176 391 2213 primo.
414 2188 426 2203 »

237 2360 324 2388 542
771 2364 889 2399 Napies,
906 2365 938 2392 ι26
956 2366 1010 2392 mai
1028 2366 1105 2393 1‘255.

203 2420 295 2447 Priori
316 2425 344 2448 et
363 2422 500 2450 fratribus
522 2424 549 2451 b.
572 2424 677 2451 Mariae
697 2426 732 2451 de
753 2425 849 2452 Monte
870 2426 988 2454 Sanario
1005 2427 1176 2463 Florentiae,

167 2469 266 2496 Servis
282 2477 307 2497 s.
326 2469 431 2496 Mariae
452 2472 611 2505 vulgariter
627 2474 816 2509 nuncupatis,
835 2476 944 2502 ordinis
964 2484 988 2503 s.
1007 2478 1175 2511 Augustini,

166 2518 298 2544 concedit
319 2522 349 2545 ut
364 2519 391 2544 in
408 2520 545 2547 omuibus
561 2522 631 2548 locis
648 2523 771 2557 propriis
788 2525 888 2550 domos
905 2526 1095 2559 necessarias,
1112 2535 1177 2552 ora-

166 2566 270 2592 torium
288 2570 317 2593 et
329 2569 535 2595 coemeterium
554 2570 657 2597 habere
673 2572 796 2605 possint.
814 2572 897 2607 (Reg.
913 2574 959 2607 ζ24,
973 2582 998 2601 0.
1013 2574 1074 2608 448,
1091 2575 1110 2603 f.
1127 2575 1174 2609 633

167 2614 313 2641 I'ormAsr
330 2615 437 2649 15886.)

206 2736 218 2750 «
243 2747 278 2759 ..,
302 2725 406 2762 priori
432 2731 458 2754 et
483 2728 635 2762 fratribus
663 2729 741 2758 beate
762 2730 858 2758 Marte
885 2731 918 2759 cle
936 2732 1032 2761 Monte
1053 2734 1175 2771 Sorzaya

164 2776 353 2812 Florentiae,
371 2778 474 2807 Servis
487 2784 588 2808 sancte
604 2781 698 2810 Maria
714 2783 886 2819 vulgariter
902 2787 1105 2822 nuncupatis,
1123 2795 1175 2814 or-

163 2829 247 2858 dinis
268 2830 368 2858 sancti
391 2831 570 2867 Augustini.
594 2833 711 2863 Vestre
740 2834 924 2865 devotionis
946 2837 1101 2874 precibus
1123 2855 1171 2867 —.

162 2882 236 2911 Dat.
254 2881 404 2920 Neapoli,
424 2883 488 2913 VII
504 2883 662 2914 kalendas
672 2885 773 2924 junii,
792 2896 879 2917 anno
894 2888 1009 2926 primo.
1032 2901 1044 2916 >a

906 239 1145 270 REGISTRES
1167 237 1474 268 D'ALEXANDRE
1497 239 1552 269 1v.

1341 304 1429 332 543

1307 366 1411 392 Abbati
1429 366 1582 393 Ari-casiae
1601 367 1801 394 Atrebatensis
1816 367 1950 396 diocesis.
1965 371 1994 394 et
2015 367 2105 401 ipsius
2125 367 2234 394 ordinis
2250 375 2275 394 s.

1271 415 1427 448 Augustini
1456 414 1674 447 diffinitoribus,
1699 415 1747 450 qui
1774 416 1907 442 vescendi
1932 416 2068 442 carnibus
2092 416 2194 442 (liebus
2220 424 2275 443 non

1270 463 1423 496 prohibitis
1435 464 1460 489 iu
1477 465 1574 497 regula
1589 465 1613 490 iu
1629 464 1790 490 refectoriis
1801 465 1863 490 suis
1874 464 1928 491 sub
1945 465 2057 491 silentio
2073 473 2137 490 cum
2156 465 2277 491 lectione

1268 511 1363 537 diviua
1385 512 1515 538 licentiae
1537 512 1755 538 concessionem
1781 513 1936 547 petiebant,
1959 513 2090 539 conce-lit
2113 513 2275 539 facultatem

1268 560 1417 586 ordinandi
1437 568 1525 595 super
1546 561 1602 587 biis
1624 565 1706 595 prout
1722 561 1835 587 utilitati
1851 562 2091 588 monasteriorum
2107 561 2276 596 expedierit.

1267 608 1339 641 (lieo
1368 608 1409 637 2¹..
1428 617 1444 635 c
1472 609 1532 641 4219,
1551 610 1570 636 f.
1586 609 1640 641 63.)

1874 304 1991 338 Naples,
2007 305 2040 332 26
2056 304 2108 332 mai
2128 305 2205 332 1‘255.

1310 722 1322 736 ιι
1345 733 1381 744 ,.,
1399 711 1500 739 abbati
1515 712 1684 740 Ari-ouisie.
1703 712 1824 740 ordinis
1837 713 1938 741 sancti
1957 714 2138 750 Augustini,
2156 713 2276 742 Atreba-

1269 764 1359 791 tensis
1371 763 1504 795 diocesis,
1518 768 1543 792 el
1560 764 1654 800 ipsius
1670 764 1790 793 ordinis
1801 764 2029 800 diffinitoribus.
2046 764 2193 802 Exparte
2207 768 2274 799 tua,

1269 815 1314 844 fili
1332 815 1444 849 abbas,
1463 819 1493 845 et
1510 815 1704 845 coabbatum
1722 820 1853 846 tuorum
1870 826 1906 846 ac
1917 816 2194 846 monasteriorum
2207 825 2277 847 ves—

1268 854 1391 897 t'rorum
1408 871 1630 897 conventuum
1648 868 1711 897 fuit.
1727 868 1929 906 propositum
1946 877 2055 898 coram
2069 868 2175 903 nobis,
2189 868 2278 908 quod

1268 924 1358 949 extra
1377 920 1843 956 refectoria,monasteriorum
1860 921 2007 959 ipsorum
2021 921 2155 950 utimini
2171 921 2276 951 carni-

1268 972 1329 1002 bus
1357 973 1443 1002 sicut
1470 973 1692 1003 consuevistis
1721 973 1883 1004 hactenus
1910 974 1950 1003 ab
1980 974 2116 1013 antiquo
2143 978 2174 1003 et
2198 974 2277 1003 dum

1269 1025 1353 1054 nulli
1375 1030 1439 1054 tam
1461 1025 1653 1055 fundatores
1672 1026 1861 1056 eorumdem
1882 1026 2160 1056 monasteriorum
2177 1033 2277 1065 quam

1269 1077 1327 1107 alii
1350 1078 1477 1108 nobiles
1499 1078 1575 1108 laici
1597 1079 1634 1108 ad
1659 1079 1744 1108 dicta
1761 1079 1963 1109 monasteria
1982 1078 2188 1108 declinantes
2211 1086 2276 1108 non

1268 1136 1405 1169 possunt
1422 1140 1440 1160 a
1457 1136 1564 1161 vestro
1581 1136 1611 1161 et
1627 1132 1861 1161 canonicorum
1882 1132 2047 1161 utentium
2065 1136 2154 1162 extra
2171 1132 2276 1162 refec-

1268 1184 1388 1213 torium
1405 1184 1562 1213 carnibus
1583 1185 1748 1214 consortio
1765 1185 1889 1223 absque
1911 1184 2066 1215 scandalo
2089 1184 2273 1222 prohiberi,

1267 1236 1387 1266 accidit
1406 1237 1572 1267 interdum
1593 1238 1677 1275 quod
1702 1247 1738 1267 ex
1760 1238 1907 1275 ipsorum
1929 1238 2155 1267 familiaritate
2174 1237 2276 1267 laico-

1266 1299 1339 1319 rum
1356 1290 1440 1319 cedil
1459 1294 1567 1319 vestra
1585 1290 1701 1328 religio
1718 1291 1918 1328 contemptui
1937 1290 2021 1329 apud
2038 1290 2137 1328 ipsos.
2156 1291 2200 1321 Ut
2216 1290 2276 1327 igi-

1267 1346 1320 1370 tur
1336 1341 1428 1371 vobis
1446 1346 1475 1371 ct
1499 1342 1624 1371 eisdem
1645 1343 1814 1372 canonicis
1837 1342 2028 1372 comedendi
2053 1352 2168 1373 carnes
2185 1347 2276 1373 extra

1266 1394 1452 1429 refectoria,
1467 1394 1533 1423 nisi
1546 1404 1645 1424 causa
1659 1394 1805 1431 legitima
1818 1394 1936 1430 subsit,
1951 1395 2089 1424 materia
2104 1394 2276 1425 subtraha—

1266 1450 1330 1482 tur,
1353 1451 1384 1476 et
1409 1456 1466 1484 per
1486 1446 1547 1476 1100
1569 1452 1675 1477 cesset
1695 1447 1784 1477 idem
1809 1451 2016 1485 contemptus
2039 1447 2122 1486 ipsis
2144 1447 2239 1478 laicis
2257 1456 2277 1478 a

1265 1504 1374 1529 vestro
1399 1500 1566 1529 consortio
1593 1500 1791 1537 segregati&
1819 1500 2012 1538 supplicasti
2039 1500 2149 1536 nobis⁷
2173 1500 2276 1531 abbas

1264 1562 1332 1582 una
1347 1561 1421 1582 cum
1440 1552 1598 1590 predictis
1615 1553 1831 1583 coabbatibus
1847 1557 1878 1583 et
1898 1554 2132 1589 conventibus,
2150 1557 2186 1584 ut
2201 1562 2276 1584 ves-

1265 1605 1360 1635 cendi
1377 1605 1548 1641 carnibus,
1567 1605 1685 1635 diebus
1708 1614 1774 1635 non
1791 1605 1971 1644 prohibitis
1993 1606 2028 1635 in
2050 1605 2166 1644 regula
2186 1606 2276 1636 beati

1263 1657 1444 1695 Augustini
1470 1666 1569 1696 quam
1594 1658 1737 1696 professi
1760 1658 1856 1694 estis,
1885 1658 1921 1687 in
1945 1658 2133 1689 refectoriis
2154 1659 2275 1690 vestris

1264 1710 1325 1740 sub
1342 1709 1476 1740 silentio
1492 1719 1567 1740 cum
1582 1710 1724 1741 lectione
1741 1711 1870 1747 divina,
1888 1720 1954 1740 non
1975 1711 2128 1742 obstante
2144 1715 2275 1742 contra-

1263 1763 1314 1792 ria
1330 1763 1570 1793 consuetudine
1586 1763 1638 1794 vel
1652 1768 1786 1799 statuto,
1802 1764 1895 1794 vobis
1911 1763 2081 1794 licentiam
2095 1764 2275 1795 concedere

1264 1824 1468 1846 curaremus.
1497 1816 1566 1846 Nos
1590 1816 1703 1855 itaque
1735 1816 1847 1847 dilecti
1880 1817 1942 1846 filii
1969 1817 2075 1847 nostri
2097 1817 2157 1852 H.,
2185 1816 2274 1847 tituli

1264 1872 1376 1898 sancte
1393 1868 1516 1898 Sabine
1532 1868 1720 1907 presbyteri
1736 1869 1931 1904 cardinalis,
1952 1870 2046 1908 cujus
2065 1869 2272 1908 capellanus,

1264 1920 1380 1955 abbas,
1400 1921 1530 1956 existis,
1552 1925 1699 1951 nostram
1716 1930 1814 1959 super
1830 1921 1891 1951 boc
1907 1921 2047 1959 gratiam
2064 1921 2274 1960 implorantis

1264 1974 1437 2008 etvestris,
1452 1974 1564 2008 abbas,
1582 1978 1613 2003 et
1630 1974 1826 2004 coabbatum
1848 1983 1885 2004 ac
1902 1978 2125 2004 conventuum
2142 1982 2274 2004 eorum-

1264 2027 1337 2056 dem
1362 2026 1664 2065 supplicationibus
1687 2026 1856 2061 inclinati,
1881 2026 2057 2056 ordinandi
2082 2035 2181 2065 super
2205 2025 2272 2056 hiis

1262 2083 1359 2117 prout
1375 2079 1515 2109 utilitati
1531 2079 1811 2109 monasteriorum
1829 2079 1977 2117 ipsorum
2002 2079 2153 2110 videritis
2175 2087 2273 2118 expe-

1263 2132 1343 2168 dire,
1364 2132 1457 2162 vobis
1472 2132 1668 2162 auctoritate
1687 2132 1893 2170 presentium
1907 2132 2118 2162 concedimus
2131 2131 2273 2162 faculta-

1262 2189 1339 2215 tem.
1353 2186 1426 2214 Dat.
1446 2190 1480 2214 ut
1497 2193 1607 2223 supra.
1629 2197 1641 2211 »

1330 2370 1419 2398 544
1864 2368 1981 2403 Naples‚
1998 2368 2031 2395 ς23
2047 2368 2102 2395 mai
2120 2367 2198 2395 1255.

1295 2432 1393 2458 Electo
1406 2432 1519 2466 Regino
1532 2433 1671 2467 indulget,
1685 2436 1714 2459 ut
1728 2433 1869 2459 terminus
1881 2441 1931 2458 sex
1944 2431 2086 2458 mensium
2100 2431 2172 2457 intra
2182 2438 2268 2465 quem

1260 2490 1366 2508 munus
1386 2482 1615 2508 consecrationis
1637 2481 1856 2516 suscipiendum
1881 2485 1938 2513 est,
1963 2481 2054 2506 donec
2076 2480 2186 2506 electus
2208 2478 2269 2505 Ra-

1259 2538 1367 2557 veuuas
1389 2531 1626 2565 metropolitauus
1646 2532 1712 2565 ejus
1731 2530 1765 2556 ad
1785 2538 1866 2557 suam
1887 2529 2040 2556 ecclesiam
2057 2531 2225 2562 revertatur,
2242 2527 2267 2554 ei

1258 2587 1313 2605 non
1331 2583 1436 2606 currat.
1453 2579 1536 2612 (ttae.
1554 2580 1596 2611 ⁵24,
1615 2588 1639 2607 e.
1658 2580 1719 2611 450,
1736 2580 1756 2606 s.
1772 2579 1826 2609 63.)

1299 2693 1312 2707 «
1334 2704 1364 2717 ..,
1386 2683 1473 2711 electo
1489 2683 1610 2720 Reyino.
1626 2670 1966 2713 Cum'cathedralium
1982 2679 2199 2710 ecclesiarum
2213 2679 2266 2709 in-

1257 2733 1517 2771 dempnitatibus
1532 2734 1680 2764 volentes
1692 2742 1875 2769 occurrere,
1889 2733 2038 2763 omnium
2052 2740 2166 2762 earum
2179 2731 2266 2762 elec-

1257 2786 1299 2815 tis
1332 2795 1386 2816 sex
1412 2787 1578 2816 meusium
1606 2787 1784 2817 terminum
1807 2786 1895 2816 infra
1920 2794 2019 2825 quem
2040 2793 2162 2815 munus
2187 2793 2265 2814 con-

1257 2839 1453 2869 secrationis
1492 2839 1675 2878 suscipiant
1714 2847 1818 2878 nuper
1856 2839 2010 2868 duximus
2051 2836 2263 2868 statuendum

1251 2891 1405 2930 alioquin
1423 2897 1552 2928 extunc,
1569 2893 1635 2923 nisi
1651 2892 1799 2931 legitime
1813 2892 1939 2923 fuerint
1954 2891 2191 2930 impedimento
2207 2889 2264 2920 de-
