2498 3325
600 645 1120 715 LETTRES
1184 645 1787 715 CURIALES
1835 643 1872 682 (¹³

778 1264 895 1300 Naplcs,
915 1265 929 1291 5
942 1265 1012 1291 avril
1031 1265 1108 1292 1255.

251 1267 338 1295 9⁰⁸2

216 1328 370 1355 Universis
382 1327 525 1361 praelatis,
540 1327 684 1362 capitulis,
699 1327 829 1361 collegiis
845 1330 872 1353 et
888 1327 1078 1353 conventibus
1092 1330 1191 1353 notum

180 1377 247 1403 facit
262 1384 293 1402 se
309 1375 470 1406 ordinasse,
489 1379 534 1408 ut,
551 1383 617 1401 cum
635 1375 662 1401 in
678 1375 824 1410 plerisque
841 1375 973 1401 ecclesiis
989 1379 1066 1401 tanta
1081 1376 1119 1402 sit
1140 1384 1192 1401 ex-

179 1424 356 1459 pectantium
380 1423 533 1450 multitudo
550 1423 626 1457 quod
643 1423 763 1449 excedat
779 1432 931 1450 numerum
947 1424 1173 1459 praebendarum
1184 1445 1190 1456 ,

180 1483 194 1498 α
210 1474 238 1499 in
255 1473 388 1499 ecclesiis
404 1472 434 1498 in
451 1472 558 1506 quibus
574 1472 671 1506 plures
685 1479 771 1506 quam
783 1475 906 1505 quatuor
917 1472 1024 1506 recepti
1038 1472 1190 1504 suerint...‚

177 1526 302 1556 quatuor
317 1521 466 1547 dumtaxat
481 1520 509 1547 in
526 1520 599 1555 ipsis
615 1520 747 1547 ecclesiis
765 1522 824 1555 jam
841 1521 959 1547 admissi
977 1524 1142 1547 remaneant
1163 1524 1192 1547 et

178 1571 238 1596 sint
254 1569 386 1596 canonici
402 1570 431 1595 in
446 1569 572 1600 eisdem,
595 1569 776 1604 receptiones
793 1569 883 1595 factas
899 1569 933 1595 de
950 1570 1067 1603 reliquis
1084 1570 1111 1596 in
1128 1569 1191 1596 dic-

178 1619 216 1645 tis
231 1618 365 1645 ecclesiis
387 1618 421 1644 de
441 1618 561 1644 fratrum
579 1621 742 1643 nostrorum
760 1617 880 1643 consilio
898 1618 1014 1652 penitus
1029 1618 1187 1649 irritantes,

176 1675 211 1693 ac
231 1667 421 1693 decernentes
445 1674 509 1697 eos,
526 1666 561 1692 ad
585 1674 659 1700 quos
683 1666 711 1692 in
732 1666 804 1700 ipsis
825 1667 958 1693 ecclesiis
980 1667 1189 1701 prebendarum

175 1723 228 1741 seu
247 1715 451 1741 beneficiorum
468 1718 579 1748 spectat
595 1714 724 1748 collatio,
740 1714 774 1740 ad
798 1715 991 1749 provxsionem
1014 1716 1189 1749 reliquorum

176 1763 358 1797 aliquatenus
381 1771 436 1789 non
460 1763 563 1789 teneri.
581 1774 593 1786 η
617 1763 700 1794 (Rea.
723 1762 772 1795 ⁶24,
793 1771 818 1790 c.
836 1762 900 1794 808,
917 1763 936 1789 f.
956 1763 1002 1789 121
1019 1772 1024 1794 ;
1044 1763 1190 1790 Powfflsr

179 1811 280 1842 1577&
299 1811 478 1845 Ronmnano,
496 1814 516 1837 t.
534 1810 588 1844 ΙΙΙ,
605 1816 636 1836 n⁰
652 1810 725 1843 391.)

217 1931 230 1945 «
260 1919 484 1948 Venerabilibus
505 1919 658 1955 fratribus
682 1920 838 1948 universis
854 1921 1057 1958 patriarchis,
1083 1922 1189 1950 archi-

173 1973 330 2009 episcopis,
354 1973 498 2009 episcopis
520 1977 546 2000 ec
569 1972 687 2001 dilectis
706 1972 782 2009 filiis
805 1973 999 2010 [abbatibus]
1018 1975 1186 2010 prioribus,

172 2026 314 2059 decanis,
334 2025 564 2054 archidiaconis
581 2030 606 2054 ei
625 2026 698 2054 aliis
714 2026 908 2054 ecclesiarum
923 2027 1052 2063 prelatis
1070 2036 1188 2056 necnon

173 2078 337 2114 capitulis,
362 2078 558 2107 conventibus
576 2083 601 2106 el
625 2079 759 2115 collegiis
781 2079 959 2107 earundem.
984 2080 1188 2109 Execrabilis

172 2130 394 2168 quorumdam
419 2129 557 2160 ambitio
580 2148 630 2159 —.
657 2131 732 2160 Dat.
755 2131 912 2169 Neapoli,
938 2132 1036 2162 nonis
1059 2133 1186 2171 aprilis,

171 2191 261 2212 anno
276 2182 394 2220 primo.
414 2194 427 2208 »

242 2379 331 2407 998
778 2380 896 2416 Names,
915 2381 930 2407 5
946 2381 1015 2408 avril
1034 2381 1112 2409 1‘255.

209 2441 326 2468 Eisdem
342 2445 441 2467 notum
454 2441 522 2468 facit
534 2449 565 2468 se
577 2441 742 2474 decernere,
757 2447 787 2469 ut
798 2443 909 2469 litterae
921 2444 1070 2477 generales
1081 2447 1108 2470 et
1120 2452 1187 2479 spe-

172 2490 270 2520 ciales,
288 2497 360 2524 quas
375 2489 584 2523 1[nnocentius1
605 2489 646 2516 IV
663 2499 734 2525 papa
747 2491 955 2525 praedecessor
969 2492 1115 2526 aliquibus
1130 2492 1184 2518 sub

171 2536 323 2562 tenoribus
347 2536 471 2563 diversis
492 2540 521 2562 et
540 2537 642 2563 formis
662 2545 749 2572 super
770 2538 1085 2574 archiepiscopatibus,
1106 2539 1185 2574 epis-

170 2585 334 2618 copatibus⁷
346 2585 468 2611 abbatiis
483 2588 512 2612 et
527 2585 711 2620 prioratibus,
722 2586 906 2613 inferioribus
923 2588 1007 2614 etiam
1025 2587 1182 2620 beneficiis,

171 2633 334 2664 indulserit,
350 2637 378 2659 et
393 2633 503 2660 indulta
520 2633 689 2668 hujusmodi
700 2633 815 2669 juribus
829 2639 946 2662 careant
956 2640 985 2663 et
996 2637 1023 2662 in
1037 2640 1184 2671 posterum

170 2690 226 2708 non
248 2682 372 2713 valeant,
391 2683 560 2717 praesertim
581 2691 648 2709 cum
671 2682 746 2709 idem
768 2683 975 2718 praedecessor
995 2685 1184 2711 intentionem

199 2810 234 2838 (Ι)
251 2809 290 2833 En
307 2810 361 2833 tete
378 2809 414 2833 du
430 2810 536 2836 feuillet
555 2810 606 2840 121,
623 2817 660 2834 on
672 2811 704 2834 lit
716 2810 742 2834 la
758 2812 896 2836 mention:
914 2821 926 2835 (t
945 2812 1049 2837 Littero
1065 2813 1183 2837 curiales

167 2860 226 2877 non
241 2854 398 2877 scribantur
413 2861 427 2876 1»
444 2853 591 2884 [Suppleez
608 2862 619 2877 t(
636 2854 712 2880 alias.
728 2854 753 2886 »]

1274 1265 1328 1290 hab
1335 1266 1406 1291 uerit
1416 1273 1505 1299 super
1514 1265 1568 1291 hoc
1579 1266 1693 1291 salubre
1705 1266 1839 1292 adhibere
1851 1268 2019 1295 remedium.
2030 1269 2112 1302 (Rso.
2125 1271 2169 1302 ⁴24,
2182 1280 2208 1298 c.
2220 1273 2282 1305 809,

1273 1312 1294 1339 f.
1316 1314 1380 1344 1213
1399 1313 1545 1340 ΡοττΗΑεΤ
1565 1314 1663 1344 157773
1682 1313 1866 1347 Romanasne,
1885 1320 1905 1343 t.
1921 1316 1977 1348 111,
1997 1324 2026 1343 n0
2043 1318 2114 1350 392.)

1315 1426 1327 1440 «
1346 1415 1476 1443 Eisdem.
1494 1414 1682 1444 Discrimen
1699 1416 1849 1453 preteriti
1864 1419 2021 1456 temporis
2037 1437 2085 1449 —.
2103 1421 2176 1450 Dat.
2194 1423 2283 1452 Nea-

1273 1466 1351 1504 poli⁷
1371 1467 1469 1496 nonis
1486 1467 1612 1505 aprilis,
1632 1477 1718 1497 anno
1736 1468 1854 1506 primo.
1876 1481 1889 1495 »

1344 1651 1429 1679 999

1307 1713 1462 1740 Univcrsis
1477 1715 1611 1748 capitulis
1634 1715 1822 1742 ecclesiarum
1844 1717 2050 1744 cathedralium
2074 1719 2232 1753 significat,
2250 1729 2282 1747 sc

1271 1765 1398 1788 statuere
1424 1770 1539 1789 exnunc
1563 1763 1716 1790 terminum
1742 1772 1793 1790 sex
1818 1765 1961 1791 mensium
1983 1766 2111 1793 omnium
2131 1768 2282 1795 cathedra-

1875 1653 1995 1688 Naples⁷
2014 1656 2028 1682 5
2045 1656 2114 1682 avril
2134 1657 2210 1684 1255.

1271 1810 1339 1836 lium
1356 1811 1542 1838 ecclesiarum
1559 1812 1669 1843 clectis,
1688 1813 1759 1839 infra
1774 1821 1859 1847 quem
1877 1823 1982 1840 munus
1994 1816 2220 1842 consecrationis
2237 1825 2282 1843 re-

1271 1862 1403 1884 verenter
1421 1860 1598 1894 suscipiant;
1618 1861 1758 1895 alioquin,
1777 1863 1832 1888 nisi
1855 1862 1982 1896 legitimo
2005 1863 2209 1897 impedimento
2233 1865 2282 1892 de-

1271 1908 1341 1933 tenti
1364 1908 1486 1939 fuerint,
1503 1908 1538 1934 ab
1561 1908 1810 1936 administratione
1826 1911 2020 1944 spiritualium
2037 1916 2064 1938 et
2082 1914 2280 1947 temporalium

1271 1956 1442 1982 novel-intsc
1452 1965 1623 1992 suspensos.
1635 1958 1718 1990 (Rau.
1731 1958 1774 1993 ⁶24,
1787 1967 1812 1985 c.
1826 1959 2003 1993 810,f.121v5
2020 1960 2281 1996 Porwfflsr15778.)

1312 2069 1324 2083 «
1346 2058 1500 2086 [niversis
1513 2059 1669 2095 capitulis,
1685 2060 1882 2088 conventibus
1898 2065 1922 2088 el
1935 2062 2067 2097 collfyiis
2083 2063 2280 2091 ecclesiarum

1270 2110 1507 2138 cathedralium.
1525 2110 1608 2140 Cum
1625 2111 1665 2139 ad
1684 2112 1868 2141 Romanam
1884 2129 1931 2140 —.
1950 2113 2024 2142 Dat.
2042 2117 2075 2142 ut
2094 2123 2204 2152 supra.
2225 2127 2237 2140 »

1342 2293 1459 2322 1000
1817 2295 1935 2330 Naples,
1951 2296 1985 2323 29
2001 2297 2112 2331 janvier
2129 2297 2205 2324 1255.

1303 2353 1394 2380 Fratri
1412 2354 1517 2380 Rufino
1535 2355 1569 2380 de
1590 2354 1696 2382 Ordine
1716 2356 1874 2390 Minorum,
1891 2358 1939 2384 cui
1954 2357 2151 2392 Olctavianus]
2170 2358 2199 2385 S.
2217 2359 2279 2386 Ma—

1267 2403 1325 2428 riae
1342 2403 1369 2428 in
1389 2402 1442 2428 Via
1460 2402 1526 2429 Lata
1541 2403 1680 2430 diaconus
1696 2404 1863 2437 cardinalis⁷
1882 2406 1909 2431 in
1927 2414 2015 2440 regno
2031 2406 2145 2433 Siciliae
2161 2412 2280 2442 aposto-

1266 2450 1337 2476 licae
1353 2450 1437 2476 Sedis
1453 2451 1581 2485 legatus,
1600 2452 1677 2478 vices
1694 2461 1761 2479 suas
1779 2454 1805 2479 in
1829 2454 1958 2487 partibus
1983 2454 2091 2481 eisdem
2116 2456 2277 2488 commisit,

1265 2499 1408 2532 concedit,
1433 2502 1477 2530 ut,
1495 2499 1520 2525 si
1546 2500 1660 2534 quando
1683 2509 1748 2527 eum
1773 2502 1925 2528 occasione
1950 2503 2130 2537 negotiorum
2146 2505 2278 2538 contige-

1266 2546 1302 2572 rit
1323 2547 1473 2581 occupari,
1491 2556 1524 2573 ea
1540 2556 1613 2582 quae
1630 2549 1684 2583 ipsi
1703 2552 1851 2584 praetextu
1867 2550 2037 2584 hujusmodi
2062 2551 2278 2579 commissionis

1265 2594 1482 2629 incumberent,
1504 2597 1597 2630 possit
1611 2598 1791 2623 committere
1809 2598 1944 2632 personis
1969 2599 2081 2625 idoneis
2098 2600 2276 2633 exequenda.

1266 2642 1350 2676 (itm.
1363 2644 1406 2674 ⁶24,
1421 2652 1445 2671 c.
1460 2645 1519 2676 Sil,
1539 2645 1557 2671 f.
1576 2646 1656 2678 121v;
1675 2646 1821 2673 Formam
1841 2647 1948 2680 15658.)

1307 2756 1319 2770 «
1339 2745 1444 2774 Fratri
1460 2746 1568 2783 Rufino
1584 2747 1617 2776 de
1630 2748 1885 2784 ordinefratrzcm
1901 2750 2066 2784 Minorum,
2084 2751 2240 2786 capellano
2251 2755 2277 2779 ec

1261 2798 1484 2834 penitemini-io
1497 2804 1608 2828 nostro.
1624 2800 1707 2830 Cum
1719 2800 1859 2830 dilectus
1874 2801 1963 2831 filius
1974 2818 2023 2830 —.
2038 2802 2110 2831 Dat.
2124 2801 2275 2840 Neapoli,

1265 2849 1334 2879 IIII
1350 2849 1509 2881 kalendas
1528 2851 1701 2888 februarii,
1721 2861 1807 2882 anno
1823 2853 1941 2891 primo.
1962 2865 1975 2879 n
