2441 3330
976 225 1199 263 PREMIERE
1222 231 1380 267 ANNEE.
2181 253 2216 284 63

129 292 167 319 lia
185 291 239 318 sub
256 290 431 324 protectione
447 289 477 316 S.
496 290 581 317 Sedis
595 291 728 318 admittit.
746 292 828 326 (Rea.
846 294 894 326 ς24,
911 304 936 322 c.
956 296 1027 329 198⁹,
1045 297 1063 323 f.
1082 297 1137 331 ί26.)

172 398 185 413 «
203 386 331 415 Eisdem.
353 384 469 414 Matris
485 384 632 414 Ecclesie
654 385 758 415 multa
774 404 822 415 —.
840 388 1056 419 Attendentes
1074 390 1137 420 ita-

131 447 194 477 que
208 437 295 477 quod
308 437 349 467 ad
361 437 569 467 devotionem
582 437 689 475 ipsius
701 438 847 469 Ecclesie
859 440 897 470 de
909 446 1018 471 vestra
1031 443 1135 473 salute

131 490 271 521 sollicite
289 489 455 524 rediistis,
474 498 533 519 nos
552 489 623 528 ejus
639 489 727 519 dulci
744 499 780 520 ac
802 493 895 521 suavi
911 493 1057 524 dominio
1073 495 1136 524 hu-

129 543 254 573 militer
276 542 510 577 submittendo,
533 551 592 572 nos
614 543 762 573 volentes
785 544 825 573 ob
847 544 908 574 hoc
931 546 964 574 in
988 547 1134 585 eiusdem

128 596 244 625 matris
261 595 338 625 sinu
354 603 410 625 vos
429 594 669 624 delectabiliter
682 596 867 632 confoveri,
886 602 1012 628 vestras
1029 604 1059 628 et
1075 600 1135 629 ho-

128 649 257 678 minum
272 652 456 678 vestrorum
468 657 626 686 personas
640 649 701 678 sub
714 650 928 687 protectione,
941 652 1134 683 defensione

129 701 306 740 apostolice
325 701 419 731 Sedis
436 705 466 731 et
482 705 611 736 nostra,
634 701 672 731 de
693 701 834 731 fratrum
852 708 1040 733 nostrorum
1057 714 1135 734 con—

128 753 204 784 silio
221 758 251 784 et
268 762 407 783 assensu
422 753 575 782 unanimi
588 753 742 783 duximus
756 754 988 791 admittendas,
1002 757 1134 794 promit-

126 810 234 836 tentes
250 814 307 836 vos
322 810 433 844 utpote
448 805 608 843 speciales
625 809 655 836 et
671 806 861 836 carissimos
875 807 961 837 filios
975 809 1134 840 adversus

127 858 351 897 quorumlibet
372 857 517 888 insultus
542 858 724 888 volentium
744 863 888 889 vestram
908 860 942 889 in
963 851 1132 899 personis,

125 911 222 941 bonis
236 911 408 950 etjuribus
419 911 539 941 vestris
556 911 666 941 tamin
678 920 780 949 regno
794 912 919 947 Sicilie,
935 913 1134 945 Alamannia

126 972 225 1003 quam
242 963 354 994 Ytalia
370 964 460 1003 justo
483 964 579 994 titulo
601 964 725 994 habitis
748 969 778 995 et
802 965 965 996 habendis
988 967 1132 1005 quietem

124 1017 283 1055 impetere
309 1021 365 1047 aut
389 1016 635 1055 quomodolibet
657 1018 851 1056 perturbare
872 1019 1076 1050 defensionis
1102 1025 1133 1051 et

124 1070 339 1109 protectionis
356 1069 482 1108 clippeo
498 1074 714 1100 manutenere
730 1071 859 1101 cunctis
875 1073 1078 1110 temporibus
1096 1083 1132 1103 ac

104 1136 107 1137 ⁷
125 1123 226 1154 etiam
248 1124 433 1153 confovere.
455 1122 548 1152 Nulli
565 1127 625 1153 etc.
645 1128 756 1153 nostre
779 1125 993 1162 protectionis
1010 1129 1039 1155 et
1057 1135 1131 1164 pro-

125 1176 296 1206 missionis
313 1180 373 1206 etc.
389 1177 462 1206 Dat.
480 1180 513 1206 ut
529 1185 639 1214 supra.
657 1189 670 1203 »

197 1336 286 1364 232

160 1399 274 1427 Eisdem
295 1399 428 1426 concedit
444 1403 475 1426 ut
490 1400 633 1426 civitatem
650 1399 775 1426 Avellini
796 1404 823 1426 et
842 1403 968 1426 castrum
993 1400 1128 1427 Summae

122 1450 244 1476 retinere
260 1449 383 1484 possint.
400 1448 482 1482 (Res.
498 1448 540 1480 ⁵24,
560 1456 584 1474 c.
607 1448 689 1481 198¹0‚
706 1448 725 1474 f.
742 1448 799 1481 ί26.)

697 1334 814 1370 Napies,
831 1336 845 1363 3
862 1336 965 1363 sevrier
981 1336 1057 1364 1955.

160 1556 172 1571 »
190 1545 320 1574 Eisdem.
334 1542 511 1573 Nobilitati
523 1546 631 1573 vestre
646 1543 684 1573 de
698 1543 838 1572 fratrum
853 1547 1041 1573 nostrorum
1052 1553 1125 1574 con-

116 1596 203 1633 silio⁷
225 1596 431 1635 presentium
453 1595 648 1625 auctoritate
669 1595 880 1625 concedimus
901 1599 937 1625 ut
957 1596 1125 1626 civitatem

116 1649 263 1680 Avellini
281 1653 312 1679 et
330 1653 475 1679 castrum
493 1649 628 1679 Summe
644 1648 770 1678 tamdiu
788 1647 879 1678 licite
901 1658 937 1678 ac
952 1648 1056 1679 libere
1072 1658 1124 1679 re-

116 1702 222 1733 tinere
240 1702 387 1740 possitis,
406 1702 508 1732 donec
525 1701 559 1730 in
580 1701 679 1731 terris
704 1710 844 1740 quarum
866 1706 1045 1739 proventus
1064 1702 1124 1732 du-

101 1759 228 1791 Ncentas
251 1754 368 1784 uncias
394 1754 466 1784 auri
491 1753 623 1784 valeant
648 1754 821 1784 annuatim
847 1754 941 1784 vobis
963 1754 997 1784 in
1022 1764 1123 1793 regno

113 1801 232 1838 Sicilie
249 1816 308 1846 per
326 1807 444 1838 Sedem
460 1806 674 1845 apostolicam
691 1806 734 1836 sit
749 1807 930 1845 provisum.
948 1807 1040 1837 Nulli
1061 1812 1121 1838 ete..

115 1864 226 1890 nostre
252 1860 477 1890 concessionis
503 1864 563 1890 etc.
588 1861 661 1889 Dat.
687 1859 846 1898 Neapoli,
873 1860 924 1889 III
947 1869 1051 1890 nonas
1073 1860 1123 1890 fe-

113 1913 252 1949 bruarii.
271 1922 356 1943 anno
372 1913 487 1951 primo.
510 1925 522 1939 2>
1024 1910 1032 1916 '

184 2065 271 2094 233
661 2063 777 2098 Names,
798 2064 828 2090 18
840 2064 952 2098 janvier
971 2064 1049 2091 1255.

150 2127 305 2160 Ludovico,
321 2135 457 2161 gei-mano
473 2134 558 2160 saepe
574 2125 641 2152 dicti
658 2125 815 2157 Bertholdi,
833 2126 982 2152 confirmat
997 2126 1119 2152 comita—

113 2179 173 2202 tum
197 2175 402 2201 Coti-onensem
423 2183 487 2201 curn
511 2174 692 2208 civitatibus⁷
709 2174 826 2206 castris,
842 2177 902 2208 etc.¹
925 2175 958 2200 ab
978 2174 1120 2200 Innocen-

112 2224 151 2250 tio
171 2223 212 2250 IV
228 2231 399 2250 concessum
424 2223 450 2250 in
476 2223 675 2250 concambium
700 2232 750 2257 pro
773 2224 887 2249 baronia
910 2224 1067 2257 Argentiae
1090 2226 1119 2250 et

113 2271 302 2298 Montissortis
326 2281 410 2306 quam
438 2281 471 2298 ex
497 2271 687 2298 concessione
712 2271 855 2305 quondam
886 2271 1026 2303 Conradi,
1059 2272 1116 2298 nati

110 2321 253 2355 quondam
276 2315 419 2347 Frederiei
445 2321 510 2347 olim
534 2320 729 2347 Romanorum
754 2321 934 2355 imperatoris
958 2321 1113 2347 obtinebat.

109 2369 190 2403 (Rau.
214 2370 258 2404 24,
273 2378 300 2397 c.
319 2369 401 2401 19811‚
419 2370 438 2396 f.
455 2370 511 2401 ⁶26.)

150 2477 162 2491 ιι
177 2466 355 2494 Nobictviro
370 2465 503 2499 Lodofflo,
519 2465 624 2494 comiti
641 2465 830 2497 Θοίνοηοηεὶ,
848 2473 993 2501 Hermann
1012 2463 1114 2492 dilecti.

106 2517 167 2555 filii
190 2518 300 2547 nobilis
327 2518 387 2546 riri
413 2518 445 2546 B.
474 2518 664 2546 ¹inarcln'mis
689 2518 722 2545 tle
745 2517 966 2551 Hohembmwli,
994 2517 1113 2545 comitis

107 2571 215 2599 Montis
229 2571 359 2605 Caceosi,
375 2571 482 2607 mayni
499 2571 585 2607 reyni
598 2571 703 2599 Sicilie
718 2570 889 2603 senescalci,
902 2569 985 2606 fideli
1000 2574 1108 2597 nostro.

107 2620 204 2652 Clara
217 2625 270 2651 tue
287 2620 456 2651 fidelitatis
473 2638 521 2649 —.
541 2622 615 2650 Dat.
633 2620 786 2658 Neapoli,
810 2621 870 2650 XV
888 2620 1046 2649 kalendas
1064 2620 1111 2649 se-

106 2673 244 2709 bruarii,
263 2682 349 2703 anno
362 2673 479 2712 primo.
500 2686 512 2699 n

177 2824 265 2852 234
649 2821 765 2856 Names,
786 2821 941 2856 lssjanviei·
962 2821 1038 2848 1255.

141 2884 248 2916 odoni,
273 2893 410 2920 germano
440 2884 576 2911 Ludovici
601 2889 629 2910 et
658 2883 804 2910 Bertholdi
835 2891 920 2917 saepe
951 2882 1108 2913 dictorum,

1220 301 1367 330 confirmat
1383 307 1600 334 concessionem
1616 309 1650 335 de
1666 311 1801 338 comitatu
1817 312 1955 340 Theatino
1967 323 1981 340 a
1993 316 2133 349 quondam
2146 318 2217 346 Con-

1219 348 1300 380 rado,
1321 352 1464 384 quondam
1491 354 1630 383 Frederiei
1657 363 1733 389 nato,
1758 360 1857 387 factam
1882 366 1909 387 et
1932 363 1965 389 ab
1991 363 2157 392 Innocentio
2174 367 2214 393 IV

1218 397 1424 433 confirmatam,
1443 409 1497 428 non
1513 403 1645 430 obstante
1660 407 1733 439 quod
1751 407 1824 434 idem
1838 408 1985 437 Com-atius
2001 416 2058 437 erat
2075 417 2143 439 tnnc
2155 415 2215 441 vin-

1217 444 1281 470 culo
1297 449 1602 477 excommunicationis
1618 454 1750 480 astrictus
1767 456 1927 490 nullamque
1944 463 2109 492 potestatem
2122 463 2214 489 confe-

1218 493 1296 518 rendi
1313 495 1404 520 taliter
1420 496 1549 524 habebat.
1566 499 1648 532 (Rm.
1666 501 1708 532 2³4,
1727 511 1750 528 c.
1772 504 1854 534 1980,
1872 505 1890 532 f.
1907 507 1962 540 ⁶26.)

1258 604 1270 617 «
1288 594 1387 622 Nobili
1402 597 1469 624 viro
1484 597 1588 633 Odom',
1607 602 1711 629 comiti
1730 603 1882 636 Tlteczlino,
1900 614 2044 641 qermczno
2059 614 2111 637 etc.
2129 615 2162 638 ut
2182 612 2214 640 in

1215 645 1290 672 alia.
1310 645 1406 676 Clara
1422 651 1482 677 etc.
1498 658 1601 688 usque
1620 652 1830 689 predecessor
1846 660 1956 686 noster
1969 676 2015 694 —‚
2035 664 2093 689 etc.
2110 671 2214 700 usque

1214 695 1249 724 in
1266 696 1375 727 finem.
1397 711 1408 725 »

1287 874 1377 903 235

1250 935 1366 963 Eisdem
1391 938 1560 973 Hermolao,
1588 942 1680 970 Odoni
1704 953 1737 971 ac
1761 945 1920 979 Ludovico,
1945 950 2050 983 quibus
2074 950 2215 978 Innocen-

1215 984 1272 1010 tius
1288 984 1328 1010 IV
1346 988 1499 1014 nonnullos
1515 991 1669 1018 comitatus
1689 995 1718 1019 et
1737 994 1874 1027 quasdam
1896 996 2026 1024 baronias
2042 1002 2069 1025 et
2085 1000 2214 1027 civitates

1214 1041 1247 1059 ac
1269 1035 1437 1069 quamplura
1462 1040 1570 1070 castra,
1593 1041 1696 1067 casalia
1717 1046 1745 1068 et
1769 1043 1840 1069 bona
1862 1045 1916 1070 alia
1938 1046 1965 1072 in
1992 1056 2078 1081 regno
2102 1049 2214 1076 Siciliae

1214 1082 1446 1115 confirmaverat,
1464 1092 1649 1114 concesserat
1665 1093 1692 1115 et
1712 1090 1879 1126 donaverat,
1896 1093 1947 1120 has
1967 1096 2211 1129 confirmationes,

1213 1132 1418 1158 concessiones
1434 1136 1461 1158 et
1476 1133 1644 1162 donationes
1660 1139 1818 1167 confirmat.
1835 1140 1918 1173 (Res.
1935 1142 1978 1173 24,
1994 1151 2020 1171 c,
2039 1145 2121 1179 19813,
2133 1146 2152 1173 s.
2164 1147 2212 1177 ‘26;

1216 1176 1359 1205 Porrfflsr
1377 1180 1483 1214 15678.)

1764 882 1881 918 Naples,
1900 886 1930 911 10
1948 887 2049 913 fevi-ier
2067 889 2142 916 1‘255.

1254 1292 1266 1306 «
1291 1282 1447 1311 Nobilibus
1470 1285 1547 1313 viris
1566 1286 1738 1324 Berffloldo,
1764 1290 1859 1319 Odoni
1877 1296 1902 1320 et
1921 1293 2042 1323 Lodoico
2063 1296 2213 1331 fratribus

1211 1334 1443 1365 marchionibus
1461 1337 1493 1365 de
1514 1338 1740 1376 Holtemburclt,
1761 1342 1899 1378 fidelibus
1920 1348 2042 1375 nostris.
2066 1348 2164 1378 Decet
2181 1354 2211 1379 et

1211 1386 1340 1423 expedit
1369 1404 1416 1416 —.
1443 1389 1516 1418 Dat.
1543 1391 1691 1430 Neapoli,
1720 1395 1787 1424 IIII
1811 1395 1885 1426 idus
1909 1397 2080 1435 februarii,
2104 1401 2210 1431 indic-

1209 1437 1298 1468 tione
1317 1439 1411 1475 XIII,
1432 1441 1672 1474 incarnationis
1689 1445 1851 1477 dominice
1871 1457 1955 1479 anno
1976 1451 2207 1489 M0CC0L11110,

1207 1491 1418 1528 pontificatus
1446 1503 1522 1524 vero
1555 1495 1680 1526 domini
1708 1498 1886 1529 Alexandri
1916 1511 1997 1540 pape
2026 1505 2093 1534 IIII
2123 1514 2209 1536 anno

1206 1552 1323 1581 pl'lmO.
1343 1557 1355 1571 n

1276 1729 1362 1757 236

1241 1789 1356 1818 Eisdem
1374 1792 1505 1819 coneedit
1523 1798 1562 1826 ut,
1577 1795 1601 1820 si
1618 1795 1721 1829 aliquis
1734 1797 1775 1822 vel
1788 1798 1872 1832 aliqui
1885 1807 1982 1825 eorum
1996 1801 2056 1826 sine
2070 1802 2206 1835 legitimis

1560 1731 1675 1767 Names,
1695 1734 1726 1760 10
1741 1734 1868 1770 (porra,
1885 1737 1923 1770 113)
1940 1738 2041 1764 fevi-ier
2061 1739 2135 1766 1255.

1204 1837 1383 1866 decesserint
1407 1840 1517 1873 liberis,
1540 1842 1667 1876 reliquus
1687 1844 1728 1869 vel
1753 1845 1851 1880 reliqui
1876 1847 1903 1872 in
1929 1848 2011 1874 bonis
2031 1858 2101 1883 quae
2118 1851 2203 1877 eisin

1204 1894 1292 1921 regno
1315 1887 1428 1914 Siciliae
1453 1890 1619 1916 confirmata
1642 1896 1724 1925 sunt,
1743 1895 1871 1928 exceptis
1893 1895 1983 1921 officio
2009 1897 2204 1925 Senescalciae

1203 1934 1296 1969 ipsius
1314 1936 1393 1970 regni
1410 1945 1442 1963 ae
1459 1938 1534 1964 mille
1549 1939 1716 1973 quingentis
1733 1942 1825 1967 unciis
1845 1943 1905 1969 auri
1927 1945 2029 1970 annuis
2052 1945 2203 1973 Rei-tlioldo

1202 1983 1400 2017 quoadvixerit
1424 1986 1585 2021 concessis,
1609 1988 1774 2014 succedant.
1794 1990 1874 2019 (itm.
1891 1991 1939 2024 94,
1958 2000 1982 2018 c.
2005 1993 2085 2027 198¹ss
2104 1994 2123 2021 1.
2139 1995 2199 2028 ‘26v;

1202 2031 1349 2059 Poriimsr
1369 2034 1472 2068 15693.)

1243 2146 1255 2159 α
1274 2135 1402 2163 Eisdem.
1422 2135 1549 2165 Eximia
1565 2136 1748 2166 devotionis
1765 2142 1795 2166 et
1811 2155 1858 2167 -—-.
1875 2140 1937 2170 Dat
1952 2145 1987 2169 ut
2004 2151 2112 2179 supra.
2134 2155 2145 2169 »

1237 2379 1425 2414 [I'teginaldoh
1443 2381 1579 2415 episcopo
1601 2381 1768 2414 Parisiensi,
1790 2384 1875 2417 priori
1893 2385 2058 2418 provinciali
2080 2386 2196 2413 Praedi-

1195 2432 1323 2453 catorum
1340 2432 1367 2454 ct
1385 2429 1514 2455 ministro
1532 2429 1673 2456 Minoi-um
1691 2431 1808 2457 fratrum
1831 2432 1858 2458 in
1885 2432 2000 2459 Francia
2021 2435 2149 2465 mandat,
2167 2440 2198 2462 ut

1195 2476 1362 2501 electionem
1375 2475 1514 2503 VVillelmi
1527 2477 1561 2503 de
1573 2478 1768 2513 Grandiputeo
1779 2480 1971 2507 archidiaconi
1986 2482 2013 2508 in
2029 2485 2195 2518 episcopum

1194 2523 1402 2550 Nivcrnensein
1420 2525 1563 2559 inquirant
1579 2529 1607 2552 et
1623 2535 1771 2561 pei-sonam
1789 2528 1918 2562 ejusdem
1939 2530 2019 2556 electi
2037 2534 2091 2557 tam
2109 2540 2195 2567 super

1795 2321 1910 2355 Naples,
1926 2322 1940 2347 8
1958 2331 2031 2349 mars
2050 2324 2126 2351 1255.

1191 2572 1350 2598 litteratura
1366 2581 1450 2606 quam
1468 2575 1548 2600 visus
1565 2574 1677 2601 defectu
1694 2575 1845 2610 diligenter
1857 2578 2029 2604 examinent.
2048 2579 2131 2612 (Rea.
2149 2581 2192 2611 ⁴24,

1193 2628 1218 2646 e.
1240 2620 1297 2652 199,
1314 2621 1332 2647 f.
1350 2620 1412 2653 26v;
1433 2621 1577 2648 Porriiixsr
1595 2623 1701 2656 157‘24.)

1234 2732 1246 2746 <t
1268 2743 1299 2754 ..,
1318 2722 1450 2758 episcopo
1473 2723 1649 2757 I'arisiensi.
1672 2728 1697 2751 et
1720 2724 1835 2753 dilectis
1852 2726 1926 2761 filiis
1947 2748 1965 2753 ..

1193 2773 1323 2801 vinciali
1348 2773 1590 2804 Prezlimlornni.
1614 2780 1639 2803 et
1663 2798 1693 2810 ..,

1190 2825 1334 2853 ordinum
1359 2826 1390 2854 in
1407 2826 1550 2855 Francia.
1576 2827 1689 2855 Delato
1710 2828 1748 2857 ad
1769 2829 1883 2857 Sedent
1907 2830 2115 2866 apostolicam
2138 2841 2189 2861 ne-

1191 2876 1278 2913 gotio
1298 2876 1469 2907 electionis
1491 2888 1553 2916 quo
1572 2879 1605 2907 in
1623 2879 1759 2909 ecclesia
1777 2880 1974 2909 Nivernonsi
2001 2888 2134 2911 vacante
2151 2885 2188 2914 de

1973 2749 1978 2757 ,
2003 2728 2102 2762 priori
2121 2737 2191 2764 pro-

1719 2777 1860 2805 minisci-0
1880 2778 2029 2805 Mineruae
2055 2780 2188 2814 fratrum
