2441 3330
950 174 1174 211 PREMIERE
1196 176 1356 214 ANNEE.
2161 193 2198 224 39

104 248 166 274 etc.
185 252 291 282 usque
312 244 476 274 effectum.
494 245 580 275 Sane
596 245 793 275 transmissa
812 246 907 276 nobis
923 250 979 276 tua
996 246 1111 284 petitio

105 296 310 331 continebat,
329 297 415 334 quod
431 300 477 331 tu,
495 297 819 334 Cesaraugustanam
841 299 1015 328 ecclesiam
1034 308 1111 328 auc-

103 348 235 378 toritate
249 348 427 386 apostolica
442 349 477 378 in
492 349 607 379 ordine
619 349 708 379 beati
722 351 902 387 Augustini
913 352 1108 386 reformans,

103 401 251 431 statuisti
271 401 358 440 quod
373 410 486 431 omnes
503 402 654 431 canonici
672 402 779 439 ipsius
798 403 935 432 ecclesie
953 407 1019 432 tam
1036 412 1111 441 pre-

104 458 214 484 sentes
240 463 339 492 quam
363 454 469 483 futuri
489 454 659 492 regulares
682 455 910 485 observantias
932 456 966 484 in
995 456 1108 491 choro,

103 506 258 542 ecclesia,
285 506 444 542 claustro,
466 507 660 542 refectorio,
683 507 875 537 dormitorio
891 512 922 537 et
938 507 1013 537 aliis
1029 507 1110 537 locis

101 559 193 588 intus
220 563 250 588 et
275 564 365 588 extra
388 563 455 588 tam
475 559 510 588 in
533 559 656 589 divinis
677 559 809 594 officiis,
830 560 1108 595 correctionibus,

102 610 266 645 licentiis,
293 611 410 640 habitu
433 615 463 641 et
489 611 638 641 vestibus
665 620 765 649 quam
791 611 826 640 in
853 612 1007 641 omnibus
1035 611 1110 641 aliis

101 663 255 693 studeant
269 663 443 693 observare
457 664 602 698 omnino,
617 667 647 693 et
661 664 747 702 (111011
760 664 911 693 canonici
923 664 980 702 qui
992 668 1110 693 extunc

102 716 305 754 recipientur
320 716 354 744 in
375 716 489 745 eadem
506 716 645 746 ecclesia
662 716 866 754 recipiantur
883 716 917 745 in
934 717 1110 745 canonicos

102 768 271 806 regulares
295 772 323 798 et
346 772 419 806 post
435 777 560 798 annum
575 768 780 806 probationis
796 768 987 806 promittant
1007 768 1110 806 expli-

101 821 164 850 cite
181 829 217 850 ac
234 829 385 858 expresse
403 820 585 850 secundum
603 820 691 850 beati
707 820 887 857 Augustini
910 820 1058 857 regulam
1075 829 1109 850 se

99 873 262 908 victuros,
286 878 382 911 prout
405 874 440 902 in
460 873 581 903 litteris
597 873 663 903 tuis
679 873 757 902 inde
773 873 931 902 confectis
953 873 1108 911 sigillatis

100 925 210 963 sigillo
233 930 289 955 tuo
313 925 445 963 plenius
471 925 593 955 dicitur
615 925 790 955 contineri.
817 926 884 955 Nos
907 925 1019 963 itaque
1043 926 1108 955 tuis

100 978 398 1016 supplicationibus
416 978 580 1013 inclinati,
598 978 686 1016 quod
702 987 800 1016 super
817 977 877 1007 1106
894 987 911 1007 3
927 982 957 1007 te
974 979 1108 1016 provide

99 1031 224 1061 factum
246 1035 295 1060 est
319 1035 429 1061 ratum
451 1035 481 1061 et
507 1035 635 1069 gratum
655 1031 834 1066 habentes,
854 1031 889 1060 id
912 1032 1107 1061 auctoritate

101 1084 279 1122 apostolica
292 1084 526 1113 confirmamus
541 1088 601 1113 616.
618 1093 724 1122 usque
741 1084 996 1114 communimus.
1015 1084 1108 1114 Nulli

99 1129 160 1166 etc.
185 1140 295 1166 nostre
312 1136 574 1166 confirmationis
597 1140 657 1166 etc.
679 1137 754 1166 Dat.
773 1136 929 1174 Neapoli,
948 1137 1016 1166 IIII
1032 1137 1107 1167 idus

98 1188 271 1223 februarii,
290 1197 376 1218 anno
391 1189 509 1226 primo.
529 1201 541 1215 n

172 1352 258 1380 142

133 1413 340 1440 Possessiones
353 1421 469 1440 mensae
481 1414 612 1448 ejusdem
622 1414 752 1449 episcopi
764 1415 932 1442 nominatim
944 1416 1104 1444 confirmat.

95 1462 176 1496 (Rae.
194 1463 239 1497 ζ24,
255 1471 281 1490 6.
298 1462 372 1496 1292,
391 1463 409 1488 f.
429 1462 495 1495 16v.)

645 1351 761 1387 Napies,
778 1352 812 1379 ‘27
826 1353 938 1386 janvier
955 1353 1033 1380 1255.

137 1576 149 1591 11
167 1564 282 1593 Eidem.
301 1563 383 1594 Cum
400 1573 417 1593 a
437 1564 533 1594 nohis
557 1568 615 1594 etc.
640 1573 747 1603 usque
769 1564 934 1594 effectum.
960 1566 1106 1604 Eaprop-

93 1621 154 1652 ter,
177 1616 380 1646 venerabilis
401 1616 435 1645 in
456 1616 589 1647 Christo
611 1616 723 1653 frater,
746 1617 813 1647 tuis
832 1617 934 1656 justis
958 1618 1106 1656 postula-

94 1669 242 1699 tionibus
274 1673 366 1707 grato
395 1673 630 1699 concurrentes
661 1678 820 1705 assensu,
848 1670 886 1700 de
916 1671 1038 1706 Zuera,
1066 1671 1105 1701 de

94 1721 283 1756 Deuslivol,
301 1722 340 1751 de
360 1721 528 1757 Albalato,
549 1722 588 1752 de
608 1721 798 1757 Almochol,
817 1722 855 1752 de
876 1723 1044 1759 Andorra,
1067 1724 1105 1754 de

95 1774 221 1805 Archos
252 1778 364 1804 sancte
394 1774 498 1804 Marie
526 1775 564 1804 de
588 1774 738 1809 Turolio,
767 1775 873 1805 sancti
900 1776 1037 1805 Martini
1067 1777 1105 1806 de

95 1828 179 1859 Rivo
198 1828 236 1858 de
252 1829 426 1866 Anempto,
444 1827 482 1858 de
498 1827 664 1863 Contada,
681 1828 719 1857 de
736 1828 880 1863 Xoroas,
899 1829 937 1858 de
954 1829 1103 1865 Linares,

96 1881 135 1911 de
151 1882 267 1915 Portu,
287 1881 325 1910 de
342 1881 550 1919 Avingalbon
569 1885 600 1911 et
617 1881 655 1911 de
672 1881 734 1911 Val
750 1881 788 1911 de
805 1882 931 1911 Robres
949 1882 1105 1912 ecclesias

97 1934 385 1971 Cesaraugustane
402 1934 543 1964 diocesis
561 1934 601 1963 ad
614 1943 763 1964 mensam
777 1934 997 1972 episcopalem
1009 1935 1105 1965 Cesa—

96 1991 335 2024 raugustanam
352 1991 448 2024 prout
464 1986 587 2016 asseris
607 1987 824 2024 pertinentes,
843 1987 927 2017 516111
946 1996 1001 2017 635
1016 1987 1105 2026 juste

97 2039 246 2078 possides
263 2043 294 2069 et
310 2039 432 2078 quiete,
448 2039 509 2068 tibi
523 2043 553 2069 et
569 2048 627 2077 per
639 2043 670 2068 te
682 2039 767 2069 dicte
780 2048 893 2069 mense
910 2039 1105 2069 anctoritate

98 2092 275 2130 apostolica
292 2092 526 2121 confirmamus
538 2096 596 2121 etc.
615 2101 721 2131 usque
740 2092 994 2122 communimus.
1013 2091 1106 2121 Nulli

97 2149 158 2176 etc.
170 2146 244 2175 Dat.
259 2145 409 2183 Neapoli,
421 2146 467 2175 VI
478 2144 637 2175 kalendas
651 2145 823 2180 februarii,
835 2146 934 2182 [anno
946 2145 1076 2182 primo].
1090 2156 1102 2170 n

170 2309 254 2337 143

130 2370 229 2397 Eidem
248 2370 380 2397 concedit
400 2371 565 2397 facultatem
583 2370 754 2397 annectendi
772 2369 1103 2404 archipresbyteratibus

95 2419 130 2445 de
145 2418 383 2453 Caesaraugusta,
400 2418 541 2452 Belchito‚
560 2418 690 2445 Darocha
711 2422 739 2444 et
753 2418 870 2444 Turolio
890 2426 1014 2452 quorum
1037 2426 1103 2451 pro-

97 2471 199 2493 ventus
222 2470 291 2493 sunt
310 2471 423 2500 tenues,
441 2467 580 2494 ecclesias
601 2475 656 2493 non
673 2467 811 2493 habentes
827 2474 925 2492 curam
943 2466 1103 2492 animarum

96 2514 129 2540 ad
145 2515 323 2542 collationem
340 2515 468 2550 episcopi
484 2514 746 2549 Caesar-augustani
761 2517 937 2548 spectantes.
955 2513 1038 2546 (Rae.
1055 2513 1100 2544 24,

95 2570 122 2590 c.
140 2562 213 2597 129¹,
231 2563 250 2589 f.
272 2563 340 2597 lfiv.)

641 2308 757 2343 Naples,
774 2308 934 2343 27janvie1·
953 2307 1030 2334 1255.

139 2676 152 2690 ι(
171 2665 285 2693 Eidem.
304 2664 424 2694 Petitio
446 2668 503 2693 tua
524 2663 620 2693 nobis
636 2663 783 2693 exhibita
799 2662 998 2697 continebat,
1018 2661 1104 2700 quod

98 2715 137 2746 de
159 2716 417 2754 Cesaraugusta,
436 2716 475 2746 (le
491 2715 656 2751 Belchito,
675 2715 713 2745 de
734 2715 884 2745 Dar-echa
900 2719 931 2745 et
947 2715 985 2744 de
1001 2715 1104 2744 Turo-

97 2767 143 2798 lio
163 2769 546 2807 archipresbyteratuum
565 2768 712 2798 redditus
728 2768 1015 2805 Cesar-augustano
1034 2767 1104 2796 dio-

99 2820 203 2856 cesis,
231 2821 352 2860 quibus
374 2830 494 2859 magna
517 2829 597 2850 cura
617 2820 769 2849 imminet
795 2819 999 2856 animarum,
1028 2822 1104 2849 sunt

1195 248 1276 278 adeo
1297 253 1412 280 tenues
1435 255 1466 281 61
1486 252 1587 283 exiles
1608 254 1695 292 quod
1713 263 1851 292 persone
1870 255 1987 286 idonee
2011 266 2074 295 que
2095 258 2200 288 velint

1195 308 1250 330 eos
1279 302 1424 339 recipere
1457 312 1522 333 non
1552 310 1689 342 possunt
1715 307 1882 337 commode
1906 307 2061 337 inveniri.
2090 310 2198 346 Quare

1194 351 1290 381 nobis
1320 352 1493 384 humiliter
1521 357 1725 395 supplicasti,
1754 362 1790 387 ut
1816 359 1987 396 providere
2012 370 2110 399 super
2136 361 2198 392 hoc

1193 407 1329 440 paterna
1347 405 1570 437 sollicitudine
1586 418 1788 440 curaremus.
1812 412 1879 440 Nos
1904 412 2015 450 itaque
2035 414 2101 443 tuis
2119 423 2197 453 sup-

1194 454 1428 491 plicationibus
1452 458 1620 495 inclinati,
1640 462 1837 491 annectendi
1854 463 1994 500 singulis
2016 465 2197 504 archipres-

1194 506 1402 544 byteratibus
1421 509 1502 547 ipsis
1527 511 1668 548 singulis
1687 513 1843 543 ecclesias
1865 524 1929 543 non
1948 515 2107 547 habentes
2124 518 2197 547 ani-

1193 567 1322 587 marum
1336 568 1448 589 curam
1464 562 1504 590 ad
1520 562 1729 593 collationem
1745 568 1834 593 tuam
1851 570 2033 603 spectantes
2050 569 2197 607 ejusdem

1194 611 1346 646 diocesis,
1367 612 1413 641 113
1429 614 1515 651 quod
1537 615 1752 645 ecclesiarum
1772 617 1918 654 ipsarum
1939 621 2121 650 rectoribus
2143 630 2196 652 ce-

1193 663 1348 692 dentibus
1364 665 1415 694 vel
1432 666 1666 697 decedentibus
1684 677 1797 698 earum
1812 671 2025 707 proventibus
2041 672 2075 700 in
2092 673 2197 702 archi—

1193 715 1484 753 presbyteratuum
1497 719 1718 755 predictorum
1734 730 1814 750 usus
1832 723 1979 760 proprios
2000 724 2197 761 deputentur

1192 771 1223 796 et
1239 772 1349 797 contra
1369 772 1429 798 616.
1448 779 1552 808 11511116
1568 773 1807 810 compescendi,
1823 773 1960 803 liberam
1977 776 2036 804 tibi
2050 777 2196 807 concedi-

1192 829 1265 849 mus
1287 822 1481 852 auctoritate
1501 825 1707 861 presentium
1726 826 1934 861 facultatem,
1958 829 2088 865 proviso
2111 830 2197 868 quod

1192 872 1330 902 ecclesie
1346 874 1491 911 predicte
1508 876 1628 906 debitis
1639 877 1808 916 obsequiis
1825 888 1889 908 non
1904 881 2108 911 fraudentur.
2122 883 2194 911 Dat.

1190 928 1226 953 ut
1243 934 1353 963 supra.
1369 938 1381 951 >⁷

1265 1097 1351 1124 144

1224 1157 1457 1190 Τ111-ι·166115111115,
1470 1160 1519 1193 qui
1535 1163 1603 1186 tnnc
1620 1160 1771 1188 Frederico
1788 1162 1951 1197 imperatori
1963 1164 2151 1191 adhaerentes
2166 1169 2195 1192 et

1189 1206 1325 1240 oppidum
1357 1206 1541 1233 Lucerneuse
1572 1208 1740 1236 obsidentes
1775 1212 1947 1237 monasterio
1979 1212 2034 1238 loci
2064 1213 2194 1247 ejusdem

1188 1253 1291 1279 damna
1314 1255 1483 1289 intulerunt,
1503 1255 1552 1289 qui
1575 1260 1670 1283 autem
1694 1258 1813 1284 consilio
1837 1258 2002 1285 Basiliensis
2022 1261 2148 1295 epi<copi
2166 1266 2194 1286 61

1188 1301 1325 1328 Warneri
1340 1304 1473 1329 conversi
1485 1303 1687 1332 Cisterciensis
1699 1306 1808 1333 ordinis
1820 1307 1852 1332 ad
1865 1308 2036 1341 obsequium
2047 1308 2193 1336 Ecclesiae

1188 1350 1344 1383 redierunt,
1360 1352 1558 1378 remissionem
1573 1356 1600 1379 et
1616 1353 1824 1381 absolutionem
1840 1356 1996 1387 confirmat,
2014 1365 2097 1390 quam
2113 1358 2192 1392 epis·

1187 1406 1278 1433 copus
1289 1398 1468 1433 Basiliensis‚
1483 1400 1516 1426 de
1533 1401 1664 1428 mandato
1676 1401 1836 1430 Innocentii
1848 1412 1936 1439 papae
1947 1404 1998 1438 lv,
2011 1405 2053 1431 eis
2064 1405 2189 1434 tradidit.

1186 1447 1269 1480 (Rae.
1284 1448 1328 1481 ς24,
1346 1456 1369 1474 c.
1390 1448 1449 1480 130,
1466 1449 1485 1475 f.
1504 1449 1571 1483 16v.)

1745 1099 1862 1134 Naples⁷
1881 1101 1911 1127 1⁵2
1928 1102 2030 1128 fevrier
2048 1102 2124 1129 1955.

1229 1559 1242 1573 κ
1262 1570 1294 1582 ..,
1315 1548 1472 1584 advocato,
1491 1552 1665 1580 consulibus
1685 1557 1711 1581 et
1726 1553 1925 1582 universitati
1943 1554 2188 1590 Turm‘censibus‚

1188 1601 1427 1631 Constantiensis
1445 1603 1577 1633 diocesis.
1599 1604 1645 1633 Ex
1660 1610 1751 1642 parte
1767 1609 1877 1635 vestra
1888 1623 1937 1634 —.
1950 1607 2023 1636 Dat.
2038 1607 2188 1645 Neapoli,

1188 1654 1220 1683 II
1236 1653 1310 1684 idus
1329 1654 1502 1691 februarii,
1521 1665 1608 1686 anno
1623 1657 1740 1695 primo.
1760 1670 1773 1684 »

1264 1832 1349 1859 145

1223 1893 1382 1924 Gileberto,
1402 1895 1567 1920 monasterii
1583 1893 1613 1921 S.
1631 1893 1741 1921 Bertini
1758 1894 1932 1921 Morinensis
1948 1896 2071 1922 diocesis
2085 1895 2190 1927 abbati,

1188 1951 1273 1969 usum
1299 1943 1427 1976 tunicae,
1459 1943 1636 1976 dalmaticae,
1663 1944 1750 1977 anuli,
1777 1944 1876 1970 mitrae
1887 1966 1894 1979 ,
1919 1945 2136 1979 cyrothecarum
2164 1948 2192 1971 et

1187 1990 1382 2017 sandaliorum
1396 1991 1502 2025 ubique
1513 1991 1735 2026 facultatemque
1748 1992 1833 2018 dandi
1846 1993 1949 2026 populo
1965 1992 2191 2019 benedictionem

1188 2039 1215 2064 in
1233 2039 1330 2065 missis
1346 2039 1373 2064 in
1389 2039 1571 2065 monasteriis
1586 2039 1728 2066 concedit.
1749 2040 1830 2071 (Rae.
1846 2040 1890 2073 24,
1908 2048 1934 2067 c.
1954 2041 2012 2074 131,
2028 2041 2047 2067 f.
2067 2040 2131 2076 16v.)

1757 1833 1872 1868 Naples,
1892 1834 1907 1861 8
1923 1834 2026 1861 sevrier
2043 1835 2119 1861 1255.

1228 2152 1241 2166 «
1270 2140 1422 2175 Gileberto,
1451 2141 1607 2177 capellano
1631 2145 1742 2175 nostro,
1770 2145 1795 2169 et
1822 2142 1987 2169 conventui
2013 2142 2191 2170 monasterii

1185 2194 1285 2221 sancti
1298 2193 1426 2225 Bertini,
1438 2193 1557 2221 ordinis
1572 2194 1673 2222 sancti
1684 2193 1845 2227 Benedicti,
1863 2193 2043 2222 Morincnsis
2056 2194 2188 2222 diocesis.

1186 2245 1382 2282 Fragrantia
1396 2248 1508 2274 sancte
1520 2245 1692 2283 religionis
1710 2250 1770 2275 etc.
1788 2254 1893 2283 usque
1910 2245 2092 2275 dinoscitur
2106 2245 2190 2275 relu-

1186 2306 1276 2332 cere3
1295 2297 1335 2326 ad
1353 2297 1440 2335 quod
1456 2297 1557 2326 etiam
1574 2306 1611 2327 cx
1633 2306 1669 2327 eo
1688 2297 1860 2335 potissime
1881 2297 2044 2335 digneque
2061 2298 2191 2327 induci-

1186 2358 1274 2384 mur,
1297 2349 1384 2387 quod
1402 2352 1454 2378 tue
1471 2349 1518 2377 fili
1536 2349 1637 2379 abbas
1654 2349 1952 2379 administrationis
1968 2349 2190 2380 laudabilibus

1186 2401 1306 2431 Studiis
1322 2401 1516 2438 temporalia
1531 2401 1617 2431 hona
1633 2402 1780 2441 ejusdem
1798 2402 1991 2431 monasterii
2010 2402 2125 2432 florere
2141 2403 2190 2431 di-

1186 2458 1306 2483 cuntur
1322 2457 1352 2483 et
1370 2457 1462 2490 grata
1478 2463 1607 2491 semper
1623 2455 1790 2492 suscipere
1806 2454 2020 2484 incrementa.
2042 2455 2127 2484 Hinc
2143 2459 2191 2485 est

1186 2506 1273 2545 quod
1288 2514 1358 2540 nos,
1378 2506 1525 2535 volentes
1545 2510 1582 2535 ut
1606 2516 1683 2545 erga
1705 2506 1788 2536 illud
1809 2507 1915 2543 gratia
1935 2507 2080 2545 ejusdem
2098 2507 2190 2537 Sedis

1186 2558 1343 2588 exuberet
1363 2558 1501 2597 ejusque
1523 2559 1618 2588 decor
1638 2559 1678 2589 ad
1694 2559 1799 2588 divini
1815 2559 1959 2589 nominis
1978 2559 2115 2597 gloriam
2133 2569 2191 2589 au-

1187 2614 1312 2647 geatur,
1331 2611 1450 2640 vestris
1462 2611 1760 2649 supplicationibus
1772 2612 1935 2646 inclinati,
1954 2612 2012 2641 tibi
2030 2612 2075 2640 fili
2090 2612 2190 2642 abbas

1187 2666 1217 2692 et
1235 2663 1482 2692 successoribus
1500 2663 1564 2693 tuis
1579 2664 1613 2692 in
1630 2667 1824 2701 perpetuum
1843 2664 1957 2693 utendi
1976 2664 2103 2699 tunica,
2121 2664 2190 2694 dal-

1187 2715 1322 2750 matica,
1347 2715 1462 2750 anulo,
1485 2716 1600 2751 mitra,
1627 2715 1813 2753 cyrothecis
1834 2720 1865 2745 ct
1886 2716 2043 2745 sandaliis
2068 2716 2189 2755 ubique

1187 2767 1353 2806 dandique
1370 2768 1488 2805 populo
1514 2768 1777 2798 benedictionem
1797 2768 1830 2797 in
1850 2768 1960 2797 missis
1977 2768 2009 2797 in
2026 2772 2189 2798 monaste-

1187 2819 1264 2854 riis,
1280 2819 1412 2857 plenam
1430 2820 1640 2850 concedimus
1657 2820 1850 2851 auctoritate
1865 2820 2067 2858 presentium
2086 2820 2189 2850 sacul-
