2498 3325
209 239 267 269 284

213 318 225 331 ))

212 370 225 384 ))

212 422 225 436 )›

212 474 224 489 )1

212 526 225 540 ))

213 578 225 592 ))

212 631 225 645 ))

213 684 225 697 ))

213 738 225 751 ))

213 790 225 804 >t

213 844 225 857 ))

251 304 337 344 quod
353 302 569 342 compellatis7
588 302 767 333 reverende
784 306 888 340 pater,
906 301 1095 339 episcopum
1113 302 1143 329 et
1166 306 1220 328 ec-

251 356 386 387 clesiam
403 355 664 386 Colimbrienses
681 355 903 384 divisionibus
920 354 991 384 suis
1008 358 1037 384 et
1054 352 1219 383 limitibus

251 408 451 448 supradictis
468 417 601 438 manere
621 412 785 442 contenta,
805 407 1040 437 limitationem
1056 406 1219 436 dictarum

251 461 569 500 ecclesiarumjuxta
584 461 747 499 predictas
761 460 944 490 divisiones
959 464 990 489 et
1002 459 1126 489 limites
1143 468 1220 490 sen-

250 512 433 544 tentialiter
451 512 666 548 declarando;
694 517 724 542 et
743 517 857 550 petunt
876 522 933 551 per
951 522 1021 547 vos,
1040 512 1220 543 reverende

250 570 353 604 pater,
372 565 447 600 sibi,
467 565 599 595 nomine
617 565 754 595 ecclesie
772 574 841 600 sue,
860 565 984 595 dictum
997 565 1221 596 Colimbrien-

251 627 320 648 sem
338 618 527 656 episcopum
547 622 578 647 et
594 621 838 656 procuratorem
853 617 989 656 capituli
1006 618 1069 653 sui,
1086 618 1220 649 nomine

251 670 506 702 colimbriensis
521 670 670 705 ecclesie,
690 671 731 700 ad
746 671 893 708 predicta
909 671 1020 700 onmia
1037 671 1220 702 sententia-

250 725 327 754 liter
357 724 609 762 condempnari,
637 729 668 755 et
695 724 736 754 ad
765 724 1029 755 satisfactionem
1054 725 1218 764 compelli.

252 779 346 812 Item,
369 781 485 815 petunt
507 786 668 815 expensas
689 778 793 807 factas
818 777 852 807 in
871 777 940 813 lite,
959 787 1042 816 quas
1061 779 1220 809 extimant

249 831 312 861 XX
325 830 417 860 milia
428 839 603 860 aureorum
616 835 646 861 et
657 834 881 869 protestantur
892 831 931 861 de
943 831 1118 864 sac-iendis.
1130 832 1220 862 salvo

213 897 224 910 »
246 884 321 923 J'ure
343 883 499 918 mittendi,
519 883 743 919 diminuendi,
763 887 823 912 etc.

213 1002 225 1016 ))

213 1055 225 1069 ))

212 1108 225 1122 ))

212 1161 225 1175 ὶ)

212 1213 225 1227 n
230 1229 236 1233 ,

212 1266 225 1279 ))

211 1318 225 1333 ))

211 1371 224 1386 ))

211 1424 224 1438 ))

213 1476 224 1490 ))

211 1527 224 1542 ))

212 1580 225 1595 5)

211 1633 224 1647 ))

211 1686 223 1700 )Ι

212 1739 224 1752 D

211 1792 223 1806 ))

211 1845 223 1858 ))

211 1951 216 1964 7

210 2003 222 2017 ))

210 2056 222 2069 ))

210 2109 222 2123 ))

210 2162 222 2175 ))

209 2214 221 2228 ))

209 2267 221 2280 ))

209 2320 221 2333 ))

209 2372 220 2386 1)

209 2424 221 2438 ))

209 2476 222 2490 ))

209 2529 221 2542 ))

208 2581 221 2595 )>

208 2633 220 2647 D

208 2686 220 2699 >J

208 2738 220 2752 ))

209 2790 220 2803 ))

208 2842 220 2856 ))

208 2895 219 2908 l)

253 950 265 963 ›>
291 936 340 966 Ad
357 946 456 975 quos,
475 936 544 966 litis
560 936 800 966 contestatione
819 940 949 971 secuta,
967 936 1006 966 de
1031 937 1221 976 calumpnia

251 993 281 1020 et
302 989 441 1019 veritate
458 988 595 1019 dicenda
619 992 826 1018 sacramento
850 989 988 1027 prestito
1006 990 1155 1028 partibus
1180 991 1220 1020 ab

251 1042 392 1078 eisdem,
424 1042 587 1081 factisque
622 1042 845 1080 positionibus
878 1051 914 1072 ac
945 1043 1219 1080 responsionibus

251 1095 450 1130 subsecutis,
465 1095 504 1124 ad
515 1094 716 1132 elegationes
727 1094 1008 1125 extitithincinde
1017 1105 1218 1133 processum.

250 1148 402 1187 Denique
415 1157 472 1186 per
484 1148 635 1177 semitam
648 1148 897 1186 compositionis
907 1149 1037 1186 etpacis
1047 1159 1145 1187 quam
1158 1150 1220 1180 fre-

251 1205 391 1240 quenter
402 1201 553 1239 part-ibus
567 1200 749 1230 indiximus
763 1201 944 1231 nominatis
956 1201 991 1230 in
1003 1203 1150 1240 presenti
1162 1212 1220 1233 ne-

250 1254 338 1291 gotio
350 1253 526 1291 procedere
538 1257 755 1292 nequeuntes,
775 1262 811 1283 ac
823 1253 1000 1291 diligenter
1011 1254 1220 1286 advertentes

250 1306 351 1345 quod,
375 1306 403 1335 si
421 1306 499 1336 ordo
512 1306 712 1345 judiciarius
731 1310 934 1341 servaretur,
956 1316 1030 1336 cum
1050 1317 1220 1345 possesso-

249 1359 337 1388 rium
346 1359 510 1398 judicium
522 1359 609 1398 quod
621 1359 745 1389 eisdem
758 1369 775 1389 a
789 1360 939 1398 partibus
950 1360 1135 1391 intentatur
1146 1362 1220 1400 plu-

250 1411 337 1441 rium
354 1420 569 1450 processuum
586 1411 846 1441 obscuritatilms
862 1411 1049 1448 incitatum,
1066 1413 1113 1443 sic
1131 1413 1219 1444 idem

251 1463 426 1501 negocium
443 1464 584 1493 maxime
601 1464 640 1493 ob
657 1464 869 1502 probationes
883 1464 966 1494 alias
983 1474 1065 1504 quas
1079 1466 1219 1505 requirit

250 1515 412 1551 involvat,
431 1515 517 1554 quod
535 1516 738 1554 temporibus
756 1516 831 1546 istis
848 1525 913 1546 non
929 1522 1039 1555 posset
1056 1518 1218 1556 attingere

252 1568 431 1598 terminum
457 1569 676 1607 expeditionis
702 1573 826 1607 optate,
854 1569 935 1608 quin
959 1571 1068 1608 potius
1096 1571 1130 1600 in
1158 1581 1218 1601 an-

249 1621 375 1650 fractus
408 1621 606 1659 profundius
642 1622 896 1659 immergeretur
932 1623 1101 1662 antiquos,
1140 1625 1218 1655 freti

249 1673 339 1703 omni
357 1674 552 1703 auctoritate
569 1684 605 1703 ac
622 1678 783 1712 potestate
807 1684 823 1704 a
840 1675 973 1705 domino
991 1685 1072 1714 papa
1089 1677 1217 1708 viribus

251 1727 481 1764 compromissi
505 1736 563 1756 seu
589 1727 683 1757 modo
706 1727 853 1766 quolibet
872 1728 967 1758 nobis
990 1729 1025 1758 in
1047 1729 1108 1759 hac.
1126 1735 1217 1768 parte

249 1779 368 1809 tradita
392 1779 442 1809 vel
464 1788 636 1814 concessa,
662 1780 849 1818 compendii
874 1781 1039 1811 tramitem
1063 1782 1217 1813 duximus

249 1832 451 1869 eligendum.

250 1897 263 1912 ³>
291 1886 358 1915 Nos
378 1886 494 1922 igitur,
518 1886 725 1915 attendentes
749 1886 923 1923 negocium
947 1887 1132 1925 questionis
1154 1888 1217 1918 hu-

245 1938 391 1977 jusmodi
417 1938 504 1968 inter
527 1938 770 1969 ecclesiasticas
793 1939 920 1968 versari
942 1948 1111 1978 personas.
1135 1951 1217 1980 quas

248 1991 426 2030 quicquam
452 1991 590 2021 minime
609 1992 781 2021 consuevit
804 1992 972 2030 possidere
991 2002 1049 2030 per
1066 1993 1217 2024 obscuri-

247 2044 325 2073 tatis
342 2043 497 2081 ambages
519 2053 576 2074 seu
596 2044 780 2083 cujuspiam
798 2044 1023 2083 occupationis
1037 2045 1089 2075 vel
1102 2047 1217 2076 deten-

249 2097 383 2126 tationis
401 2097 552 2133 abusum,
566 2097 605 2127 de
619 2097 818 2135 prudentum
834 2097 985 2127 vivorum
1002 2098 1152 2135 consilio,
1169 2108 1216 2130 se-

248 2153 458 2188 questramus
491 2149 577 2187 apud
612 2149 782 2179 dominum
813 2159 930 2188 papam
966 2154 997 2179 et
1032 2152 1217 2182 Romanam

246 2201 428 2231 Ecclesiam
445 2202 485 2231 ab
509 2202 660 2240 episcopo
678 2206 708 2231 et
731 2201 871 2231 ecclesia
889 2203 1098 2239 Egitaniensi
1117 2204 1217 2234 Coul-

246 2255 408 2284 lei-ianam
439 2264 512 2285 cum
544 2255 614 2285 suis
643 2255 796 2285 terminis
821 2265 879 2294 per
908 2256 1066 2286 verticem
1093 2258 1216 2288 montis

247 2308 682 2347 Ocliaye,seeun(lu1nquod
698 2318 782 2347 aque
796 2308 1026 2345 ssuuntversus
1036 2310 1215 2341 Coulleria-

247 2369 335 2395 nam,
353 2360 557 2396 Celorieum,
572 2361 719 2396 Sinares,
740 2361 955 2399 Felgosinum
971 2372 1045 2392 cum
1062 2364 1215 2394 terminis

248 2421 377 2447 eorum,
405 2412 700 2452 possessionesque
724 2413 860 2444 laicales
885 2415 921 2443 in
946 2415 1157 2446 Coulleriana
1185 2421 1216 2447 et

248 2465 319 2504 ejus
340 2465 491 2494 terminis
508 2474 590 2503 quas
607 2466 825 2504 determinate
840 2471 870 2497 et
887 2467 1042 2499 distincte
1060 2478 1136 2507 pars
1152 2470 1215 2500 Co-

246 2516 454 2547 limbriensis
476 2518 571 2555 petiit
594 2518 629 2547 in
655 2518 783 2554 libello,
811 2523 841 2549 et
866 2520 899 2549 in
926 2520 1075 2551 Celorico
1102 2522 1214 2554 domos

247 2569 461 2607 episcopales,
476 2569 510 2598 in
527 2570 699 2607 parrochia
718 2572 823 2601 sancti
839 2573 971 2603 Andree
985 2574 1092 2612 quoad
1103 2575 1215 2605 omnia

246 2630 309 2660 que
327 2626 484 2660 petuntur
495 2622 529 2650 in
544 2622 624 2652 locis
638 2628 665 2653 et
682 2624 833 2654 domibus
848 2626 1059 2664 supradictis,
1074 2637 1137 2666 que
1149 2637 1214 2658 om-

246 2674 302 2703 nia
320 2674 569 2711 Egitaniensem
584 2675 756 2705 ecclesiam
773 2678 942 2715 possidere
956 2679 1007 2708 vel
1021 2680 1117 2718 quasi
1131 2690 1213 2710 com-

245 2726 393 2764 perimus
411 2736 469 2756 seu
487 2730 609 2757 tenere.
625 2730 707 2758 Item
725 2738 855 2768 quoque
871 2740 929 2769 per
942 2732 1054 2762 omnia
1072 2733 1213 2764 facimus

246 2778 284 2808 de
307 2779 380 2817 jure
404 2783 598 2817 patronatus
625 2781 762 2811 ecclesie
791 2787 902 2813 sancte
927 2784 1030 2814 Marie
1056 2785 1094 2815 de
1115 2786 1214 2816 Coul-

246 2830 389 2867 leriana,
414 2831 491 2859 dum
517 2835 625 2861 tamen
648 2833 733 2870 apud
755 2834 1003 2871 Egitanienseni
1023 2837 1211 2875 episcopum

246 2882 295 2912 vel
314 2883 487 2913 ecclesiam
510 2885 676 2922 possessio
700 2886 749 2915 vel
772 2888 866 2925 quasi
889 2893 943 2917 aut
968 2888 1148 2920 detentatio
1170 2891 1213 2921 sit

1305 309 1318 323 ))

1305 361 1318 376 7)

1274 415 1278 418 ’
1305 415 1317 430 1)

1305 468 1318 482 )>

1305 521 1318 537 1)

1305 575 1318 590 ))

1305 628 1318 643 1)

1305 681 1318 695 ))

1305 734 1318 749 ))

1305 787 1317 801 ))

1305 839 1318 854 7>

1305 893 1318 908 ))

1305 946 1318 961 )>

1305 999 1318 1014 ))

1305 1052 1318 1067 7)

1305 1105 1318 1120 ὶ)

1305 1158 1318 1173 ))

1305 1211 1318 1226 >J

1305 1264 1318 1278 ))

1305 1316 1317 1331 ))

1304 1369 1317 1384 ))

1304 1422 1317 1437 ))

1303 1475 1316 1491 ))

1304 1529 1316 1543 ))

1303 1581 1316 1596 ))

1302 1634 1315 1650 D

1302 1687 1315 1702 ))

1302 1740 1315 1754 ))

1302 1794 1308 1809 )

1308 1795 1315 1809 υ

1302 1848 1308 1863 )

1308 1848 1315 1862 υ

1302 1900 1308 1915 )

1301 1954 1308 1969 )

1308 1954 1315 1968 v

1302 2007 1308 2021 )

1301 2059 1307 2074 )

1307 2059 1314 2074 ν

1301 2112 1314 2127 7)

1301 2166 1314 2180 ))

1301 2218 1314 2234 ))

1301 2273 1314 2287 )>

1301 2325 1314 2339 ))

1301 2377 1314 2392 ))

1301 2430 1313 2445 ))

1300 2482 1313 2497 ))

1300 2535 1312 2551 ))

1299 2589 1312 2604 ))

1299 2641 1312 2656 ))

1299 2695 1312 2710 ³)

1298 2747 1312 2762 2)

1298 2799 1312 2815 D

1298 2852 1311 2868 ))

1298 2905 1312 2922 Σ)

936 232 1175 265 REGISTRES
1197 231 1505 262 D’ALEXANDRE
1528 234 1584 263 IV.

1343 297 1461 335 ipsius,
1475 298 1618 337 amplius
1637 299 1677 329 ab
1694 300 1848 339 episcopo
1863 304 1893 330 et
1911 300 2312 332 ecclesia'Colimbriensi-

1342 350 1404 379 hus
1428 351 1513 388 apud
1531 352 1662 382 eosdem
1681 352 1854 383 dominum
1877 357 1908 383 et
1926 354 2111 384 Romanam
2128 354 2312 386 Ecclesiam

1343 403 1500 434 similiter
1526 409 1792 444 sequestramus,
1815 406 1923 445 quoad
1948 416 1985 436 ea
2011 416 2074 446 que
2097 411 2255 446 petuntur
2275 408 2311 438 in

1343 457 1408 491 eis,
1427 456 1547 486 Senam
1572 462 1603 488 et
1620 458 1802 489 Gaudelam
1824 468 1899 488 cum
1916 459 2068 490 terminis
2085 460 2155 491 suis
2171 461 2312 500 quibus-

1343 510 1417 539 dam
1439 510 1532 546 loeis,
1556 511 1625 541 sive
1646 512 1713 541 sint
1735 512 1948 542 determinati
1969 513 2038 544 sive
2062 522 2143 549 non,
2168 513 2311 545 inferius

1344 564 1524 593 nominatis
1536 565 1691 603 exceptis,
1705 565 1743 595 de
1761 565 1883 604 quibus
1898 565 2064 596 ordinatio
2075 566 2309 606 subsequetur,

1344 625 1403 646 nec
1424 625 1488 646 non
1514 621 1545 647 et
1565 618 1671 653 Avvo,
1693 618 1851 648 Sanctum
1874 619 2077 655 Romanum,
2099 623 2131 649 et
2153 619 2308 657 Arganil,

1343 678 1483 708 quorum
1501 670 1651 700 omnium
1674 670 1778 701 dictos
1795 671 1986 710 episcopum
2011 676 2042 702 et
2063 671 2237 702 ecclesiam
2252 672 2311 704 Co-

1343 721 1555 753 limbrienses
1578 723 1763 762 reperimus
1788 733 1996 762 possessores
2015 724 2068 755 vel
2085 725 2181 764 quasi
2196 725 2312 756 deten-

1344 779 1430 805 tores
1450 785 1456 804 ε
1481 779 1665 806 statuentes
1689 785 1726 806 ac
1756 776 1855 806 etiam
1881 776 2112 812 decernentes,
2129 781 2166 808 ut
2183 786 2312 808 exnunc

1342 827 1462 866 prefati
1479 828 1634 858 dominus
1659 838 1741 867 papa
1765 833 1795 859 et
1814 822 1971 859 'Ecclesia
1991 830 2142 860 Romana
2164 830 2311 868 predicta

1343 881 1455 911 omnia
1483 890 1559 912 vere
1584 882 1750 920 possideat
1778 882 1818 912 ad
1843 882 2021 912 utilitatem
2047 887 2076 912 et
2104 882 2313 913 commodum

1342 934 1486 973 partium
1504 935 1694 970 earundem,
1713 935 1764 965 vel
1781 935 1919 965 alterius
1934 935 2082 974 ipsarum
2097 935 2310 974 assignanda,

1344 987 1471 1018 seilicet
1482 989 1690 1026 postmodum
1702 988 1784 1027 ipsis
1795 988 1946 1027 partibus
1956 988 2009 1019 vel
2020 998 2135 1019 earum
2146 988 2310 1025 alterutri,

1343 1045 1439 1079 prout
1449 1041 1487 1071 de
1497 1041 1545 1071 eis
1554 1050 1612 1080 per
1621 1050 1680 1071 nos
1694 1041 1879 1081 judicatum
1891 1041 1942 1072 vel
1957 1041 2154 1071 arbitratum
2166 1041 2313 1072 extiterit

1344 1102 1403 1123 seu
1416 1094 1597 1132 provisum,
1613 1098 1644 1124 et
1655 1094 1718 1133 ipsi
1731 1094 1886 1124 dominus
1898 1103 1981 1133 papa
1993 1098 2024 1125 et
2038 1095 2188 1125 Romana
2203 1093 2312 1125 Eccle-

1344 1147 1393 1176 sia
1413 1150 1542 1176 tantum
1559 1147 1594 1176 in
1613 1148 1661 1177 eis
1679 1156 1737 1186 pro
1753 1147 1840 1177 veris
1851 1147 2101 1186 possessoribus
2112 1147 2310 1183 habeantur,

1343 1199 1434 1229 nullo
1450 1200 1673 1238 possessionis
1697 1200 1867 1230 commodo
1889 1200 1924 1230 in
1943 1200 2117 1239 premissis
2132 1199 2184 1230 vel
2200 1199 2312 1239 aliquo

1343 1252 1582 1291 premissorum
1602 1253 1641 1283 de
1663 1253 1737 1292 jure
1755 1253 1806 1283 vel
1822 1253 1860 1283 de
1877 1254 1964 1283 sacto
1979 1253 2078 1283 dictis
2093 1253 2244 1292 partibus
2259 1252 2313 1284 vel

1343 1314 1457 1335 earum
1476 1304 1628 1335 alterutri
1643 1309 1830 1341 reservato3
1851 1314 1982 1336 omnem
1999 1306 2244 1344 possessionem
2259 1305 2313 1336 vel

1343 1357 1602 1388 detentationem
1622 1358 1785 1388 dictorum
1796 1358 1943 1389 locorum
1955 1363 1986 1389 et
1998 1358 2126 1398 jurium
2135 1358 2175 1388 ab
2184 1358 2310 1389 eisdem

1341 1411 1475 1450 penitus
1492 1411 1686 1442 abdicando.
1708 1412 1864 1442 Preterea
1882 1411 2105 1447 declaramus,
2124 1411 2211 1450 quod
2235 1420 2311 1442 cum

1343 1463 1382 1493 ad
1407 1464 1626 1500 decisionem,
1653 1465 1897 1495 ordinationem
1921 1474 1979 1495 seu
2004 1464 2240 1494 diffinitionem
2264 1464 2310 1494 fa-

1343 1517 1493 1547 ciendam
1508 1517 1546 1547 de
1567 1517 1725 1556 predictis
1742 1527 1805 1556 que
1823 1521 1900 1547 sunt
1916 1517 2070 1556 superius
2087 1520 2309 1556 sequestrata,

1341 1570 1439 1600 dante
1455 1570 1612 1605 Domino,
1631 1570 1784 1600 venietur
1799 1570 1927 1600 ratione
1943 1570 2167 1609 possessionis
2183 1574 2240 1600 aut
2255 1569 2313 1600 de-

1342 1623 1536 1653 tentationis
1551 1632 1676 1658 eorum,
1690 1623 1725 1652 in
1738 1623 1859 1662 quibus
1871 1627 1905 1653 ut
1924 1623 2049 1653 dictum
2060 1627 2109 1653 est
2120 1622 2312 1653 invenimus

1340 1680 1450 1714 partes
1463 1676 1552 1714 ipsas
1565 1675 1841 1714 adjudicandum,
1854 1675 1998 1705 dandum
2010 1675 2061 1705 vel
2073 1675 2312 1713 assignandum

1340 1728 1380 1757 ob
1397 1737 1469 1758 eam
1486 1737 1621 1758 causam
1636 1728 1697 1758 hoc
1713 1728 1781 1763 isti,
1798 1728 1858 1758 hoc
1875 1727 1935 1764 illi,
1956 1737 2015 1757 nos
2031 1727 2083 1758 vel
2096 1727 2207 1766 quivis
2224 1727 2311 1758 alius

1337 1782 1448 1821 judex,
1463 1782 1587 1812 arbiter
1601 1791 1658 1811 seu
1672 1781 1823 1819 provisor
1836 1781 2028 1811 nullatenus
2042 1790 2224 1817 arceamur,
2235 1789 2311 1811 cum

1339 1839 1491 1873 pretextu
1520 1835 1744 1873 possessionis
1772 1839 1827 1864 aut
1852 1835 2089 1865 detentationis
2118 1834 2311 1874 hujusmodi

1341 1887 1495 1918 nolumus
1512 1891 1638 1927 partem
1657 1888 1742 1926 parti
1761 1887 1972 1926 aliquatenus
1992 1887 2162 1917 anteferri.
2181 1887 2217 1919 Si
2233 1896 2311 1918 vero

1340 1941 1517 1980 contigerit
1533 1942 1620 1972 idem
1637 1941 1811 1979 negocium
1825 1950 1882 1979 per
1898 1949 1957 1970 nos
1971 1940 2109 1970 minime
2124 1940 2309 1976 terminari,

1340 1995 1428 2024 idem
1459 1994 1613 2024 dominus
1638 1998 1669 2023 et
1694 1993 1843 2024 Ecclesia
1872 1994 2032 2029 Romana,
2063 1993 2098 2022 in
2126 1994 2198 2032 ipso
2223 1993 2311 2033 juris

1340 2048 1456 2077 ordine
1472 2047 1700 2086 procedentes,
1718 2047 1768 2076 illi
1785 2044 1930 2085 partium
1947 2056 2045 2085 quam
2060 2046 2093 2076 in
2110 2046 2312 2085 proprietate

1337 2101 1392 2140 jus
1424 2100 1547 2130 habere
1578 2099 1764 2130 constiterit
1795 2099 1909 2129 eadem
1942 2099 2131 2138 adjudicent
2161 2103 2192 2129 et
2225 2099 2312 2130 assi-

1340 2158 1441 2191 gnent
1462 2163 1467 2182 1
1487 2157 1517 2183 et
1534 2153 1562 2183 si
1580 2162 1657 2191 pars
1671 2157 1811 2191 utraque
1831 2153 1943 2182 forsan
1964 2152 2002 2182 de
2025 2161 2085 2182 suo
2103 2152 2179 2191 jure
2195 2151 2312 2182 docere

1340 2216 1405 2236 non
1420 2206 1535 2245 possit,
1557 2206 1591 2235 in
1608 2205 1669 2236 boc
1685 2211 1769 2235 casu
1782 2205 1940 2243 predictis
1957 2204 2108 2235 ecclesiis
2127 2204 2179 2235 vel
2197 2213 2312 2236 earum

1341 2260 1436 2290 alteri
1458 2263 1489 2290 et
1509 2259 1594 2289 nulli
1615 2259 1673 2289 alii
1692 2258 1840 2297 predicta
1857 2258 2011 2296 superius
2028 2261 2236 2297 sequestrata
2251 2267 2311 2297 pro

1340 2321 1401 2343 sua
1421 2311 1627 2350 providentia
1651 2311 1823 2341 conserant
1840 2315 1869 2341 et
1893 2310 2076 2348 assignent.
2093 2310 2233 2341 Interim
2251 2319 2311 2341 au-

1340 2369 1405 2395 tem
1434 2364 1635 2403 episcopalia
1659 2364 1737 2403 jura
1763 2367 1793 2393 et
1821 2362 2009 2402 spiritualia
2034 2372 2098 2402 que
2126 2363 2206 2393 hinc
2231 2363 2310 2393 inde

1340 2421 1498 2456 petuntur
1513 2417 1547 2447 in
1563 2417 1721 2456 predictis
1736 2416 1887 2447 ecclesiis
1902 2420 1999 2455 atque
2015 2415 2097 2446 locis
2113 2416 2309 2447 auctoritate

1339 2471 1502 2501 dictorum
1518 2470 1644 2500 domini
1659 2479 1741 2508 pape
1759 2474 1786 2500 et
1803 2471 1951 2500 Romane
1967 2469 2115 2499 Ecclesie
2131 2477 2309 2500 exercean-

1340 2528 1392 2553 tur
1407 2533 1465 2562 per
1481 2533 1556 2554 eum
1572 2523 1624 2553 vel
1641 2532 1707 2558 eos,
1726 2533 1824 2562 quem
1842 2522 1894 2553 vel
1910 2532 1992 2562 quos
2009 2522 2050 2552 ad
2067 2522 2102 2552 id
2115 2522 2307 2553 duxerimus

1339 2576 1566 2607 assumendos.
1591 2576 1775 2607 Statuimus
1798 2576 1897 2606 etiam
1914 2576 2042 2605 fruetus
2059 2584 2173 2605 omnes
2189 2583 2308 2614 prove-

1338 2629 1469 2660 nientes
1495 2639 1532 2659 ex
1556 2629 1774 2668 sequestratis
1799 2629 1925 2660 eisdem
1948 2637 2007 2667 per
2027 2628 2132 2658 illum·
2144 2627 2197 2658 vel
2217 2627 2305 2663 illos,

1338 2691 1436 2722 quem
1450 2682 1501 2712 vel
1515 2692 1597 2721 quos
1610 2683 1650 2712 ad
1662 2683 1697 2712 id
1710 2682 1901 2712 duxerimus
1918 2680 2133 2719 deputandos,
2151 2679 2307 2719 colligan-

1338 2739 1391 2765 tur
1405 2739 1435 2765 et
1447 2736 1689 2771 conseri-entur,
1706 2735 1762 2774 qui
1777 2734 1926 2765 deductis
1940 2733 2093 2772 expensis
2105 2732 2145 2762 ab
2159 2732 2208 2763 eis
2223 2741 2306 2772 quas

1337 2787 1372 2817 in
1394 2788 1541 2825 presenti
1565 2788 1696 2825 negotio
1715 2788 1809 2827 juxta
1830 2786 2055 2825 provisionem
2071 2789 2217 2815 nostram
2232 2785 2307 2816 fieri

1337 2841 1499 2879 oportebit
1521 2841 1702 2870 nominatis
1723 2840 1874 2879 partibus
1893 2839 1946 2869 vel
1969 2847 2083 2869 earum
2104 2838 2200 2868 alteri
2221 2838 2307 2868 assi-

1337 2899 1496 2932 gnentur,
1530 2899 1626 2933 prout
1653 2894 1845 2925 duxerimus
1875 2891 2130 2932 procedendum.
2161 2892 2304 2927 Rursus,

2474 3287 2494 3325 ιθ(
2471 2883 2497 3278 κ-ὴκῄιυισνσι-ο-υιαι.
2484 2839 2493 2866 ἰ
2487 2824 2490 2832 -
