2498 3325
986 189 1215 227 DEUXIEME
1237 188 1397 225 ANNEE.

642 264 774 298 Anagni‚
791 264 806 290 6
822 263 984 298 septembre
1004 263 1080 290 1:¹56.

189 378 202 392 «
221 366 258 394 In
276 365 410 394 nomine
429 365 579 399 Domini,
602 373 709 393 amen.
735 364 875 394 Suborta
894 364 1033 393 materia
1053 373 1152 402 ques-

188 417 288 447 tionis
304 417 392 447 inter
407 417 602 455 magistrum
619 417 846 447 Guillelmum.
870 417 1031 446 decanum
1049 418 1152 446 Acco-

188 479 336 504 nensem,
355 479 392 500 ex
409 475 499 508 parte
513 479 594 505 una,
613 474 644 500 et
660 470 851 507 Philippum
869 470 991 499 dictum
1009 470 1150 504 Piscem,

188 532 224 553 ex
247 523 366 558 altera,
392 532 491 561 super
514 523 676 552 decanatu
697 523 883 552 Acconensi
904 527 933 552 et
953 522 1151 561 quibusdam

187 575 339 605 domibus
357 575 396 604 ad
410 576 519 613 ipsum
535 575 729 605 decanatum
741 575 877 605 minime
894 575 1149 613 pertinentibus,

187 627 382 657 vacantibus
400 637 458 666 per
474 632 611 657 mortem
631 627 795 666 quondam
812 627 958 662 Nicolai,
976 628 1082 665 ipsius
1099 637 1152 658 ec-

189 680 289 710 clesie
314 680 447 715 decani,
472 680 625 710 dominus
647 690 729 718 papa
752 689 822 715 nos,
845 681 980 710 fratrem
999 682 1042 711 ὖ..
1065 681 1152 710 tituli

189 733 302 763 Sancti
320 733 491 763 Laurentii
508 733 543 762 in
560 733 685 762 Lucina
701 733 922 770 presbiterum
937 732 1150 762 cardinalem.

188 785 277 814 dedit
293 785 442 823 partibus
462 785 657 815 auditorem.

190 850 203 863 »
225 839 421 867 Procurator
444 838 546 875 igitur
568 839 707 876 predicti
723 839 774 873 G„
795 838 830 867 in
851 843 963 867 nostra
985 839 1153 876 presentia

188 899 394 928 comparens,
408 890 542 920 absente
555 890 687 919 domino
700 890 864 928 Philippo,
881 891 980 920 citato
991 891 1150 928 legitime,

188 947 223 972 ut
239 952 296 980 per
307 951 352 977 se,
369 952 429 972 nec
442 951 500 980 per
512 942 736 980 responsalem
750 943 915 981 ydoneum
930 948 1151 981 comparente,

187 995 338 1024 libellum
364 995 483 1024 obtulit
506 995 647 1024 formam
674 995 865 1034 hujusmodi
892 995 1118 1025 continentem
1144 1006 1151 1024 ε

191 1060 204 1074 α
218 1047 336 1078 Coram
345 1047 450 1082 vobis,
461 1047 640 1077 reverende
649 1047 924 1085 pater,dominoJ.
934 1047 1033 1082 ,tituli
1042 1048 1155 1078 Sancti

188 1100 359 1130 Laurentii
381 1100 415 1128 in
436 1100 561 1129 Lucina
577 1100 760 1138 presbitero
778 1100 954 1135 cardinali,
980 1110 998 1130 a
1021 1101 1154 1131 domino

187 1161 271 1191 papa
286 1152 436 1190 partibus
453 1153 603 1182 auditore
618 1161 785 1183 concesso,
799 1153 951 1190 proponit
966 1153 1154 1191 Stephanus

188 1205 296 1235 dictus
327 1205 532 1243 Rigonetus,
564 1209 756 1244 procurator
787 1206 939 1243 magistri
970 1205 1153 1241 Guillelmi,

188 1258 304 1288 decani
328 1259 548 1293 Acconensis,
573 1263 687 1288 contra
715 1258 905 1296 Philippum
931 1259 1055 1288 dictum
1082 1259 1155 1289 Pis-

189 1320 259 1341 cem
283 1320 341 1341 seu
363 1316 609 1349 procuratorem
632 1312 715 1350 ejus,
734 1311 835 1350 quod,
860 1321 932 1341 cum
953 1311 1155 1341 venerabilis

188 1369 292 1402 pater,
320 1364 474 1394 dominus
497 1364 547 1399 O.,
572 1363 780 1393 Tusculanus
804 1364 995 1402 episcopus,
1021 1364 1097 1393 dum
1119 1365 1155 1393 in

187 1417 338 1455 partibus
362 1417 595 1446 transmarinis
618 1416 795 1454 legationis
816 1417 923 1446 officio
948 1417 1154 1454 fungeretur,

189 1471 385 1501 decanatum
402 1472 639 1505 Acconensem,
658 1474 736 1500 tunc
755 1475 926 1501 vacantem
944 1480 1001 1509 per
1017 1475 1156 1501 mortem

190 1524 354 1562 quondam
383 1523 515 1553 Nicolai
542 1523 659 1553 decani
685 1523 906 1557 Acconensis,
939 1527 969 1553 et
996 1524 1156 1562 quasdam

190 1578 304 1608 domos
320 1577 524 1607 Acconensis
542 1577 691 1611 ecclesie,
714 1577 800 1606 dicto
824 1577 998 1607 decanatui
1016 1586 1080 1607 non
1098 1587 1156 1607 an-

190 1640 303 1666 nexas,
321 1639 395 1660 cum
409 1629 542 1668 juribus
559 1634 589 1659 et
606 1629 818 1668 pertinentiis
835 1629 993 1668 ipsorum,
1013 1631 1157 1660 auctori—

191 1688 255 1713 tate
275 1682 451 1721 legationis
471 1691 541 1717 sue,
564 1682 650 1712 dicto
672 1682 831 1720 magistro
855 1683 1033 1713 Guillelmo
1058 1693 1157 1713 cano-

190 1737 264 1766 nice
281 1735 488 1770 contulisset,
508 1744 581 1765 eum
599 1735 637 1764 de
654 1735 722 1764 hiis
744 1735 870 1765 faciens
891 1735 1056 1768 investiri,
1075 1741 1105 1766 et
1122 1737 1156 1765 in

190 1788 393 1827 corporalem
407 1788 652 1826 possessionem
669 1787 816 1826 ipsorum
834 1788 958 1822 reduci,
976 1788 1053 1818 licet
1070 1789 1157 1818 idem

190 1843 349 1880 magister
367 1842 403 1871 G.
423 1841 546 1870 dictum
563 1841 760 1870 decanatum
777 1850 850 1870 cum
868 1841 1020 1871 domibus
1037 1841 1093 1871 (liu
1109 1846 1157 1872 te-

191 1895 301 1925 nuerit
323 1898 354 1924 et
377 1893 561 1932 possederit
584 1893 742 1923 canonice
766 1897 797 1923 et
819 1893 941 1932 quiete.
967 1894 1082 1923 Dictus
1108 1898 1158 1924 ta-

191 1957 266 1978 men
284 1947 459 1986 Philippus
475 1946 672 1976 decanatum
696 1946 806 1984 ipsum
828 1955 901 1975 cum
926 1947 1082 1984 predictis
1100 1947 1158 1977 do-

191 2000 321 2034 mibus,
352 2004 448 2038 prout
479 1999 543 2029 sibi
572 1998 754 2037 placuerit,
786 1999 957 2036 occupavit
988 2004 1019 2029 et
1051 1999 1158 2029 adhuc

192 2054 316 2084 detinet
330 2056 535 2090 occupatum,
550 2052 585 2081 in
600 2051 709 2081 anime
724 2060 782 2081 sue
794 2051 978 2089 periculum
992 2057 1022 2082 et
1039 2053 1159 2090 prefati

192 2105 344 2143 magistri
361 2104 532 2135 Guillelmi
548 2104 768 2143 prejudicium
785 2104 1008 2142 etjacturam;
1027 2110 1158 2143 propter

192 2159 279 2198 quod
302 2158 389 2188 idem
410 2158 569 2195 magister
590 2158 641 2192 G.,
665 2157 831 2196 quamcito
852 2157 891 2186 ad
915 2157 986 2196 ejus
1008 2158 1159 2196 pervenit

193 2211 360 2246 notitiam,
389 2210 429 2240 ad
452 2210 570 2240 Sedem
593 2209 807 2248 apostolicam
833 2210 1021 2248 appellavit.
1050 2211 1158 2247 Quare

192 2264 274 2303 petit
291 2264 398 2293 dictus
415 2267 617 2301 procurator,
635 2262 769 2292 nomine
787 2262 925 2300 predicti
939 2263 1089 2301 magistri
1105 2264 1157 2298 G.,

192 2326 250 2356 per
266 2326 333 2352 vos,
354 2316 487 2345 domine
500 2315 615 2354 judex,
638 2314 800 2345 declarari
817 2319 847 2345 et
864 2316 1073 2353 pronuntiari
1090 2316 1159 2347 dic-

193 2374 262 2400 tum
282 2369 442 2399 decanum
460 2372 491 2398 et
507 2368 619 2398 domos
643 2367 683 2397 ad
705 2367 829 2397 dictum
847 2368 1043 2405 magistrum
1064 2369 1160 2399 Guil-

192 2422 328 2453 lelmum
343 2425 500 2459 spectare,
522 2425 553 2450 et
569 2421 696 2458 prefato
714 2420 878 2458 Philippo,
893 2430 991 2459 super
1002 2422 1159 2460 predictis

193 2475 389 2505 decanatum
403 2478 434 2504 et
445 2473 609 2507 domibus,
621 2477 816 2511 perpetuum
833 2473 1004 2503 silentium
1020 2474 1157 2513 imponi,

193 2532 225 2558 et
241 2537 259 2557 a
274 2527 432 2566 predictis
449 2526 610 2556 decanatu
627 2530 659 2556 et
674 2525 826 2555 domibus
846 2527 1036 2562 ammoveri,
1056 2532 1086 2557 et
1102 2537 1160 2566 per

193 2589 267 2615 vos,
285 2579 416 2610 domine
430 2579 544 2618 judex,
561 2579 627 2617 ipsi
643 2578 822 2609 Guillelmo
839 2579 943 2609 dictos
963 2580 1159 2611 decanatum

195 2639 226 2664 et
249 2633 361 2663 domos
386 2632 588 2671 adjudicari,
612 2641 649 2662 ac
671 2632 811 2661 eundem
836 2632 875 2662 G.
900 2632 951 2662 vel
977 2642 1028 2669 se,
1052 2634 1159 2672 ipsius

194 2686 339 2721 nomine,
358 2686 392 2715 in
410 2685 631 2724 possessione,
652 2685 701 2715 vel
720 2685 827 2723 quasi,
850 2686 1029 2716 eorundem
1047 2687 1160 2717 induci

195 2745 225 2770 et
242 2739 413 2768 inductum
433 2738 578 2768 defendi.
601 2738 687 2768 Petit
712 2738 810 2767 etiam
828 2738 955 2768 fructus
973 2744 1003 2768 et
1020 2749 1160 2777 proven-

196 2797 248 2822 tus
265 2791 484 2830 predictorum
503 2794 672 2829 perceptos
691 2794 721 2820 et
745 2791 801 2828 qui
824 2791 947 2829 percipi
970 2797 1157 2829 potuerunt,

195 2853 277 2884 quos
304 2844 439 2874 extimat
464 2848 596 2873 centum
625 2852 751 2872 marcas
781 2843 924 2879 argc1iti3
953 2844 1033 2881 petit
1060 2845 1159 2874 ctiam

1237 273 1243 287 )

1238 325 1250 339 ))

1238 430 1250 444 ))

1238 482 1250 496 n

1239 535 1251 548 )>

1239 589 1251 602 ))

1239 641 1251 655 D

1239 694 1251 708 l)

1247 2806 1259 2819 ))

1247 2859 1260 2873 ))

2184 199 2240 229 467

1275 262 1416 300 dampna
1437 267 1467 292 et
1484 272 1643 300 expensas
1667 272 1703 292 ac
1726 263 1903 299 interesse,
1922 273 1985 302 que
2007 269 2037 294 et
2055 274 2136 303 quas
2158 270 2240 295 tcm-

1275 323 1352 352 pore
1371 315 1535 344 sententie
1552 315 1743 344 declarabit.
1761 315 1857 345 Salvo
1871 316 1956 354 jure,
1973 321 2033 346 etc.

1278 378 1290 392 n
1322 367 1392 402 Quo
1422 366 1535 396 libello
1564 372 1712 405 recepto,
1740 367 1863 397 dictum
1892 368 2084 407 Philippum
2115 370 2241 400 (liutius

1275 418 1429 448 duximus
1456 419 1708 456 expectandum,
1736 420 1775 448 ad
1800 420 1870 458 ejus
1896 421 2137 450 contumaciam
2164 431 2242 451 con-

1276 470 1489 505 vincandam,
1514 480 1654 510 cumque
1681 481 1774 501 suam
1803 473 2043 502 contumaciam
2070 482 2133 503 non
2163 484 2241 511 pur-

1277 528 1402 560 gasset.
1437 524 1611 562 sollempni
1643 525 1799 554 citatione
1831 525 2008 562 premissa,
2043 526 2076 554 in
2109 526 2241 564 publica

1277 576 1461 607 audientia.
1492 581 1526 605 ut
1556 581 1603 606 est
1632 577 1749 615 moris,
1778 577 1856 616 quia
1883 577 1921 607 de
1949 577 2109 608 beneficio
2137 578 2241 608 eccle-

1277 629 1411 659 siastico
1429 630 1597 667 agebatur,
1619 630 1674 658 uhi
1691 630 1875 668 periculum
1892 631 1990 660 estin
2008 640 2108 665 mora,
2127 631 2160 660 in
2178 641 2242 670 quo

1277 691 1366 715 casu,
1385 691 1439 711 reo
1456 682 1602 715 absente,
1621 692 1677 720 per
1694 683 1934 712 contumaciam
1955 683 2074 712 actoris
2092 687 2168 713 sunt
2185 684 2242 713 ad-

1276 734 1435 763 mittendc.
1448 735 1486 763 (lc
1497 734 1582 772 jure,
1600 734 1783 772 recepimus
1796 734 2006 772 probationes
2021 736 2242 772 procuratoris

1277 786 1356 815 dicti
1377 786 1564 816 Guillelmi.
1592 786 1730 824 predicti
1758 786 1903 824 Philippi
1930 787 2080 816 absentia
2101 797 2164 816 non
2185 788 2243 817 ob-

1278 843 1397 868 stante.
1427 839 1511 874 Quia
1536 848 1613 868 vero
1640 843 1703 867 tam
1730 847 1787 876 per
1815 839 2039 869 instrumenta
2064 850 2161 878 quam
2187 850 2244 878 per

1278 896 1377 921 testes
1395 896 1425 921 et
1442 891 1507 920 alia
1523 891 1671 928 legitima
1693 891 1887 921 documenta
1909 891 2004 929 plene
2022 893 2170 922 constitit
2185 902 2244 923 no-

1277 944 1328 973 bis
1359 944 1398 973 de
1429 944 1615 973 intentione
1645 944 1785 978 actoris,
1818 943 1970 981 diligenti
2006 945 2245 975 deliberatione

1278 996 1462 1034 prehabita,
1473 996 1577 1026 nichil
1589 996 1721 1035 dejuris
1736 996 2038 1034 sollempnitatibus
2051 998 2243 1033 omittendo,

1279 1050 1366 1078 facta
1386 1049 1543 1079 citatione
1567 1049 1786 1087 peremptorie
1808 1049 1843 1078 in
1867 1049 1988 1087 palatio
2008 1050 2134 1079 domini
2151 1059 2244 1089 pape,

1279 1102 1336 1132 ubi
1355 1102 1447 1131 curia
1466 1102 1652 1137 tenebatur,
1672 1102 1711 1131 ad
1730 1102 1931 1132 sententiam
1954 1103 2164 1138 audiendam,
2185 1112 2246 1133 nec

1279 1163 1337 1192 pro
1370 1154 1440 1191 ipso
1479 1153 1631 1191 Philippo
1659 1153 1770 1192 aliquo
1801 1158 2025 1191 comparente,
2059 1155 2246 1184 examinato

1278 1206 1374 1245 plene
1398 1206 1549 1244 negotio,
1575 1206 1724 1236 absentis
1750 1206 1936 1236 absentiam
1961 1206 2073 1235 divina
2099 1207 2246 1245 replente

1279 1260 1457 1298 presentia,
1469 1259 1507 1289 de
1524 1259 1664 1289 consilio
1679 1259 1870 1297 peritorum,
1883 1269 1940 1297 per
1957 1264 2102 1289 nostram
2117 1266 2247 1290 senten-

1280 1312 1359 1342 tiam
1376 1312 1582 1341 declaramus
1599 1316 1630 1341 et
1644 1312 1898 1350 pronuntiamus
1911 1312 2035 1341 dictum
2052 1312 2247 1342 decanatum

1281 1370 1311 1395 et
1344 1365 1456 1394 domos
1482 1365 1517 1394 in
1545 1364 1657 1394 libello
1685 1365 1806 1403 petita,
1840 1365 1880 1394 ad
1910 1365 2019 1403 ipsum
2050 1365 2247 1403 magistrum

1280 1417 1497 1448 Guillelmum
1514 1421 1661 1456 spectare
1678 1417 1716 1447 de
1734 1417 1807 1456 jure
1830 1422 1860 1447 et
1883 1417 2127 1447 rationabiliter
2146 1418 2248 1456 perti-

1281 1480 1370 1505 nere,
1385 1470 1613 1509 adjudicantes
1627 1470 1751 1499 dictum
1764 1470 1959 1500 decanatum
1974 1475 2004 1499 et
2017 1471 2121 1500 dictas
2136 1471 2248 1500 domos

1280 1523 1427 1561 predicto
1444 1523 1622 1553 Guillelmo
1642 1527 1672 1552 et
1691 1523 1896 1561 procuratori
1918 1523 2041 1560 ipsius,
2060 1532 2159 1561 super
2175 1532 2249 1561 pre-

1281 1577 1378 1606 dictis
1408 1577 1569 1606 decanatu
1599 1581 1629 1606 et
1658 1576 1810 1605 domibus
1838 1576 1944 1606 eidem
1972 1576 2142 1614 Philippo,
2172 1576 2250 1606 licet

1282 1630 1428 1660 absenti,
1448 1634 1643 1667 perpetuum
1669 1629 1841 1659 silentium
1863 1629 2088 1666 imponentes,
2108 1629 2249 1658 eundem

1281 1682 1473 1720 Philippum
1491 1681 1705 1711 ammovendo
1723 1690 1740 1710 a
1757 1681 1918 1711 decanatu
1937 1685 1967 1711 et
1986 1681 2138 1710 domibus
2155 1685 2248 1711 ante-

1281 1735 1378 1764 dictis
1401 1739 1431 1764 et
1455 1734 1541 1772 quod
1563 1734 1651 1764 idem
1671 1733 1870 1764 Guillelmus
1896 1733 1947 1763 vel
1970 1733 2071 1767 alius,
2094 1733 2165 1772 ejus
2189 1742 2269 1763 no-v

1281 1788 1387 1822 mine,
1419 1788 1454 1816 in
1484 1787 1729 1825 possessionem
1759 1786 1981 1824 predictorum
2012 1786 2190 1815 inducatur
2219 1791 2251 1816 et

1281 1841 1479 1871 defendatur
1498 1840 1664 1869 inductus.

1284 1907 1296 1921 »ι
1320 1895 1402 1924 Item
1421 1893 1701 1930 condempnamus
1719 1901 1794 1922 eum
1812 1892 1846 1921 in
1865 1891 2091 1930 proventibus,
2110 1892 2250 1921 redditi-

1282 1947 1360 1981 bus,
1388 1946 1552 1975 fructibus
1579 1950 1609 1975 et
1636 1945 1854 1983 pensionibus
1883 1945 1999 1975 exinde
2026 1945 2189 1983 perceptis
2219 1948 2250 1974 et

1283 2000 1340 2038 qui
1362 1998 1487 2037 percipi
1515 2003 1693 2036 potuerunt
1716 2007 1734 2027 a
1752 1997 1904 2035 Philippo
1923 1997 2069 2035 predicto
2092 1997 2144 2027 vel
2168 1997 2248 2031 alio,

1283 2053 1354 2091 ejus
1378 2052 1527 2086 nomine,
1546 2055 1577 2080 et
1599 2051 1633 2080 iu
1657 2051 1810 2088 expensis
1826 2051 1861 2079 in
1882 2050 2008 2089 judicio
2025 2050 2139 2085 factis,
2160 2054 2251 2079 taxa-

1283 2106 1372 2135 tione
1396 2109 1509 2134 nostra
1528 2104 1717 2142 prehabita,
1736 2103 1960 2141 procuratoris
1983 2103 2062 2132 dicti
2079 2102 2251 2133 Guillelmi

1279 2159 1469 2197 juramento
1495 2161 1622 2191 secuto,
1646 2157 1680 2185 in
1709 2156 1899 2194 quindecim
1926 2155 2021 2185 libris
2047 2155 2251 2185 Provenien-

1283 2211 1381 2241 sium.
1402 2211 1480 2240 Lata
1496 2213 1545 2239 est
1568 2209 1629 2239 hec
1645 2208 1812 2239 sententia
1827 2208 1995 2246 Anagnie,
2014 2217 2100 2238 anno
2116 2208 2251 2238 Domini

1283 2264 1493 2298 M⁰CC⁰LVI⁰,
1517 2262 1703 2292 Indictione
1726 2262 1858 2297 xlma,
1883 2262 1978 2292 VIII⁰
2006 2261 2081 2291 idus
2109 2265 2252 2299 septem-

1283 2317 1368 2352 bris,
1388 2316 1599 2354 pontificatus
1628 2315 1755 2344 domini
1773 2314 1953 2344 Alexandri
1974 2323 2056 2353 pape
2076 2315 2143 2344 IIII
2164 2323 2251 2344 anno

1283 2371 1354 2410 ejus
1370 2369 1436 2408 (sic)
1456 2368 1611 2399 secundo.
1634 2367 1850 2398 Presentibus
1873 2367 2123 2397 venerabilibus
2148 2367 2252 2406 patri-

1283 2423 1345 2453 bus
1375 2421 1581 2452 Ferentinati
1614 2425 1644 2451 et
1674 2420 1935 2458 Balneoregensi
1968 2419 2147 2458 episcopis,
2181 2428 2252 2449 ma-

1284 2476 1387 2514 gistro
1416 2474 1587 2505 Leonardo
1620 2474 1658 2504 de
1687 2473 1883 2508 Ferentino,
1915 2473 2085 2511 capellano
2117 2476 2247 2508 nostro,

1282 2529 1385 2558 fratre
1400 2528 1553 2558 ⁴Iohanne
1571 2526 1742 2562 monacho,
1762 2526 1920 2564 Magistro
1939 2525 2074 2561 Garine,
2093 2525 2252 2555 canonico

1284 2582 1322 2611 de
1338 2582 1430 2611 Novo
1447 2580 1530 2616 vico,
1546 2584 1577 2610 et
1592 2580 1751 2618 magistro
1769 2580 1865 2609 Petro
1883 2578 1969 2608 dicto
1986 2577 2145 2612 Bonadei,
2162 2577 2251 2608 testi-

1283 2634 1344 2664 bus
1364 2633 1481 2663 adhoc
1498 2632 1622 2662 vocatis
1642 2636 1673 2662 et
1688 2631 1822 2669 rogatis.

1286 2700 1298 2713 >³
1323 2687 1372 2716 Ad
1389 2687 1546 2725 majorem
1564 2690 1673 2715 autem
1691 2685 1787 2714 [idem
1806 2684 1883 2713 huic
1901 2684 2065 2713 sententio
2087 2684 2121 2712 iu
2145 2688 2251 2721 poste-

1283 2749 1355 2768 rum
1382 2739 1622 2773 adhibendum,
1642 2738 1748 2776 ipsam
1773 2746 1846 2765 cum
1874 2737 1977 2766 nostri
2001 2736 2103 2773 sigilli
2129 2746 2246 2774 appeu-

1284 2794 1377 2822 sione
1394 2792 1567 2826 munitam,
1586 2800 1642 2829 per
1658 2790 1865 2820 Leonarduui
1881 2789 2130 2827 infrascriptum
2149 2789 2248 2819 tabel-

1284 2846 1406 2876 lionem
1433 2845 1539 2882 redigi
1565 2845 1705 2874 fecimus
1730 2844 1763 2872 iu
1794 2843 1924 2881 publico
1950 2843 2156 2872 documento.
2184 2843 2250 2879 Ego
