2498 3325
1013 192 1236 229 PREMIERE
1258 194 1415 231 ANNEE.
2205 208 2262 236 <247

167 265 373 297 continentia
389 270 442 294 tue
461 265 631 302 petitionis
650 266 852 303 accepimus,
870 265 1022 295 homines
1043 265 1081 294 de
1100 274 1175 302 par-

168 320 256 349 tibus
270 318 387 352 Frisie,
403 326 484 356 quos
502 317 557 346 diu
572 321 781 347 contumaces
797 317 961 346 habueras
976 321 1006 346 et
1021 317 1173 351 rebelles,

167 381 213 405 se,
227 376 262 400 ut
279 375 443 401 tenentur.
460 374 515 399 tuo
532 370 678 399 dominio
690 370 934 403 submittentes,
949 370 1093 399 decimas
1109 379 1174 399 orn-

167 425 259 454 nium
276 423 525 461 possessionum
537 432 682 457 suarum,
699 422 736 452 de
754 423 875 461 quibus
890 431 944 452 eas
962 422 1084 460 aliquis
1096 422 1174 451 hac-

167 481 263 506 tenus
286 485 350 505 non
374 476 539 514 percepit,
562 475 622 504 tibi
644 484 681 505 ac
700 476 765 505 tuis
784 475 963 504 heredibus
981 475 1024 513 (in
1044 475 1102 513 tui)
1120 484 1173 503 co-

166 528 302 558 mitatus
319 528 366 557 tui
384 527 559 557 Hollandie
577 527 610 556 in
627 531 822 565 perpetuum
841 530 1087 556 concesserunt.
1104 527 1173 556 Nos

165 582 278 619 igitur,
302 581 426 610 devotis
450 584 504 609 tue
521 579 730 610 celsitudinis
748 579 1048 618 supplicationibus
1074 579 1171 608 incli-

166 633 247 667 nati,
265 632 512 662 concessionem
530 632 666 661 eandem
683 636 789 661 ratam
805 631 966 661 habentes
983 635 1013 661 et
1032 635 1168 669 gratam,

166 686 253 724 quod
279 685 481 714 decimarum
506 684 653 722 ipsarum
680 688 858 722 proventus
882 693 988 722 usque
1015 684 1055 713 ad
1078 684 1172 722 quin-

166 738 350 777 quennium
373 741 408 766 tu
430 745 465 766 ac
486 737 534 766 tui
555 736 694 766 heredes
716 737 885 774 percipere
905 736 1009 766 libere
1027 745 1063 766 ac
1080 736 1172 766 licite

164 790 308 820 retinere
325 790 477 827 possitis,
496 790 542 818 ita
563 789 649 827 quod
664 788 735 818 loca
756 793 786 818 et
805 798 960 826 persone,
979 789 1100 827 quibus
1117 789 1174 818 de-

164 844 248 873 cime
264 843 334 881 ipse
351 842 512 872 debentur
527 842 664 880 dejure,
683 841 772 879 ipsas
786 846 858 879 post
874 841 1058 879 predictum
1074 841 1173 880 quin—

164 895 348 934 quennium
380 894 483 923 libere
510 894 678 932 percipere
708 893 854 928 valeant,
887 894 1082 923 auctoritate
1111 893 1173 922 tibi

164 947 369 986 presentium
388 946 611 984 indulgemus.
630 945 722 975 Nulli
739 950 799 975 etc.
818 950 928 975 nostre
946 945 1172 975 concessionis

164 1005 225 1030 etc.
239 1001 311 1029 Dat.
327 999 490 1037 Anagnie,
502 999 569 1028 XII
583 998 742 1028 kalendas
755 998 909 1033 octobris,
924 1007 1010 1028 anno
1024 998 1139 1036 primo.
1156 1009 1169 1024 ι)

234 1157 320 1184 8Ιῖ

201 1218 293 1244 Priori
314 1222 341 1244 ot
362 1218 516 1244 conventui
534 1216 700 1242 monasterii
717 1216 743 1242 b.
764 1215 867 1242 Mariae
883 1216 917 1242 de
933 1216 1066 1250 Caritate,
1087 1217 1171 1242 Auti-

648 1155 772 1189 Anagni,
794 1156 823 1181 17
841 1155 1003 1189 septembre
1024 1155 1097 1182 1255.

165 1268 343 1294 siodorensis
360 1266 500 1297 diocesis,
517 1267 661 1300 indulget,
681 1269 709 1291 ut
727 1265 828 1291 domos
845 1266 1044 1292 baereticorum
1062 1266 1171 1292 dirutas

167 1316 349 1342 reaedificare
359 1315 392 1341 ad
406 1315 553 1341 utilitatem
568 1315 732 1340 monasterii
744 1315 863 1348 valcant,
876 1323 929 1339 non
943 1315 1074 1340 obstante
1086 1315 1172 1340 devo-

165 1365 272 1391 lutione
282 1364 313 1389 ad
326 1365 426 1390 fiscum
438 1364 471 1389 ab
482 1363 702 1397 inquisitoribus
711 1366 827 1389 statuta.
840 1363 920 1395 (Rau.
931 1363 1078 1397 24,0.647,
1088 1364 1105 1389 f<
1115 1364 1170 1396 97.)

204 1480 216 1493 <c
238 1490 269 1501 ..,
285 1467 396 1504 priori,
417 1471 443 1494 et
460 1467 623 1495 conventui
640 1466 818 1494 monasterii
834 1466 913 1494 beate
926 1466 1021 1494 Marte
1036 1466 1069 1494 de
1086 1466 1171 1495 Cari-

161 1525 229 1551 late,
249 1520 459 1549 (liziniacensis
477 1519 612 1553 ordinis,
632 1518 888 1547 Auttsiodorensis
904 1519 1037 1547 diocesis.
1058 1518 1103 1547 Ex
1121 1522 1170 1547 te-

159 1581 238 1601 nore
265 1576 373 1601 vestre
398 1571 569 1609 petitionis
597 1570 796 1608 accepimus,
826 1571 923 1608 quod,
949 1579 1023 1599 cum
1045 1571 1085 1600 ad
1112 1579 1169 1600 vos

157 1628 281 1661 spectet
298 1623 376 1653 ville
401 1623 439 1652 de
460 1623 606 1653 Caritate
619 1623 810 1661 jurisdictio
827 1622 1063 1660 temporaliter,
1083 1623 1170 1661 quod

158 1676 376 1714 inquisitores
391 1679 503 1705 contra
518 1675 692 1709 hereticos,
710 1675 743 1703 in
760 1675 880 1704 vestris
892 1675 1042 1712 partibus
1054 1684 1072 1704 a
1086 1675 1169 1705 Sede

159 1729 339 1767 apostoliea
359 1728 517 1766 deputati,
542 1728 703 1766 quasdam
727 1727 850 1756 domos.
875 1733 937 1765 que
961 1728 1169 1765 quorundam

159 1782 307 1821 ejusdem
326 1781 404 1811 ville
427 1781 465 1811 de
493 1780 604 1810 heresi
628 1780 881 1818 dampnatorum
905 1780 1092 1813 extiterant,
1119 1781 1169 1809 di—

158 1834 302 1864 ruendas
339 1838 369 1864 et
406 1842 471 1863 non
507 1832 746 1863 reedificandas
780 1832 944 1862 duxerunt
974 1833 1169 1862 auctoritate

159 1887 339 1925 apostolica
356 1886 568 1916 statuendum
590 1886 624 1915 in
641 1889 789 1915 vestrum
807 1885 1029 1924 prejudicium
1045 1890 1076 1916 et
1094 1894 1169 1923 gra-

158 1947 287 1973 vamen,
307 1947 380 1968 cum
397 1938 437 1967 ad
452 1947 509 1968 vos
526 1937 624 1967 velud
640 1937 702 1976 (sic)
720 1937 760 1967 ad
776 1938 892 1967 fiscum
909 1938 1025 1967 domus
1040 1938 1169 1968 devolvi

160 1991 301 2021 debeant
317 1994 496 2020 memorate
511 2001 516 2025 ;
534 1994 666 2028 propter
682 1990 768 2028 quod
787 1990 882 2020 nobis
901 1990 1074 2020 humiliter
1090 2000 1168 2029 sup-

160 2044 321 2082 plicastis,
332 2048 367 2073 ut
378 2044 550 2082 providere
560 2052 658 2081 super
670 2043 731 2073 hoc
743 2043 835 2073 vobis
846 2047 982 2081 paterne
995 2043 1168 2081 diligentie

161 2093 354 2127 curai'emiis
376 2096 496 2126 studio,
514 2097 581 2126 Nos
598 2096 711 2134 igitur,
732 2096 852 2125 vestris
869 2096 1168 2134 supplicationibus

161 2150 335 2185 inclinati,
361 2149 446 2188 quod
467 2149 657 2179 reedificare
680 2149 792 2178 domos
816 2149 905 2187 ipsas
931 2149 971 2178 ad
990 2149 1170 2179 utilitatem

160 2203 355 2232 monasterii
374 2202 486 2237 vestri,
509 2211 573 2232 non
590 2202 741 2232 obstante
762 2202 791 2231 si
811 2202 972 2231 dictorum
990 2202 1170 2240 inquisito-

159 2265 233 2285 rum
262 2255 427 2286 sententia
452 2255 559 2285 extitit
584 2264 640 2293 per
666 2255 784 2285 Sedem
809 2255 1023 2293 apostolicam
1048 2256 1169 2285 confir-

160 2312 265 2343 mata,
288 2313 343 2337 aut
366 2308 393 2337 si
411 2308 511 2337 alicui
532 2312 581 2337 est
596 2308 635 2337 ab
658 2308 771 2338 eadem
791 2308 874 2338 Sede
894 2308 1060 2337 indultum
1082 2309 1169 2347 quod

158 2361 344 2391 reedificari
362 2364 527 2398 nequeant
539 2360 654 2390 domus
667 2361 748 2398 ipse,
764 2364 830 2390 tam
846 2360 950 2390 libere
963 2370 1062 2399 quam
1077 2361 1168 2391 licite

158 2413 315 2448 valeatis,
343 2412 538 2442 auctoritate
566 2413 658 2442 vobis
687 2413 893 2451 presentium
920 2413 1132 2450 indulgemus
1159 2423 1166 2442 ε

157 2465 204 2495 ita
220 2469 329 2494 tamen
348 2465 433 2503 quod
453 2464 615 2494 dictorum
636 2465 858 2495 hereticorum
875 2465 1014 2495 heredes
1033 2466 1067 2494 in
1085 2466 1167 2504 ipsis

157 2518 195 2547 de
216 2522 323 2547 cetero
343 2526 407 2546 non
429 2521 599 2547 morentur
620 2526 679 2547 nec
696 2517 751 2556 jus
769 2517 902 2556 aliquod
921 2518 955 2547 in
972 2523 1167 2556 perpetuum

158 2570 280 2599 hahere
292 2570 423 2599 valeant
438 2570 471 2598 in
486 2569 621 2599 eisdem.
635 2569 727 2599 Nulli
742 2574 801 2599 etc.
816 2574 927 2600 nostre
941 2570 1167 2600 concessionis

158 2627 219 2652 etc.
235 2624 308 2652 Dat.
324 2623 486 2660 Anagnie,
502 2623 563 2652 XV
575 2622 734 2652 kalendas
748 2623 903 2657 octobris,
918 2632 1004 2652 anno
1018 2623 1136 2661 primo.
1152 2634 1164 2649 »

230 2779 317 2807 8¹8

195 2840 289 2867 Nobili
316 2841 375 2867 viro
403 2840 542 2867 Mcnendo
569 2841 703 2867 Roderici
729 2845 756 2867 ct
781 2840 885 2867 Mariae
905 2840 1058 2871 Johannis,
1084 2840 1166 2867 uxori

639 2779 764 2813 Anagni,
782 2779 816 2805 ‘27
833 2780 997 2814 septembre
1016 2779 1094 2806 1255.

1258 266 1333 299 ejus,
1347 267 1374 292 in
1387 272 1488 301 quarto
1500 269 1588 302 gradu
1601 270 1633 296 ad
1648 270 1769 296 invicem
1781 271 1999 305 attingentibus,
2015 272 2114 298 volens
2125 272 2259 299 scandalo

1259 318 1286 340 et
1299 316 1435 348 gravibus
1452 317 1612 343 inimicitiis
1628 327 1661 344 ex
1679 319 1867 353 diremptione
1883 320 2055 346 matrimonii
2068 321 2196 348 oriundis
2208 322 2261 347 ob—

1258 363 1344 396 viare,
1362 364 1518 398 dispensat,
1535 367 1601 392 utin
1619 367 1799 393 matrimonio
1815 371 1959 394 contracto
1975 377 2121 395 remanere
2137 370 2260 404 possint,

1257 412 1463 437 constitutione
1478 415 1620 445 generalis
1636 415 1747 441 concilii
1764 424 1797 441 ac
1812 419 1918 442 statuto
1935 417 2025 443 bonne
2040 419 2192 444 memoriae
2208 418 2261 444 Sa-

1257 459 1386 485 binensis
1397 460 1536 495 episcopi,
1550 466 1618 488 tunc
1630 464 1656 488 in
1674 464 1803 497 partibus
1818 463 1974 498 Hispaniae
1989 466 2163 499 apostolicae
2175 467 2259 493 Sedis

1255 508 1351 541 legati,
1379 517 1467 542 super
1494 510 1547 536 boc
1571 511 1647 536 edito
1678 520 1856 546 nequaquam
1885 513 2076 540 obstantibus.
2103 514 2186 547 (Rea.
2215 515 2259 546 24,

1254 565 1280 584 e.
1296 556 1356 587 648,
1375 557 1392 583 f.
1410 557 1465 591 97.)

1297 664 1309 677 κ
1327 652 1426 680 Nobili
1443 653 1510 681 viro
1527 653 1669 681 Menendo
1682 654 1819 682 Roderict
1837 659 1862 682 ec
1880 655 1974 683 Marte
1986 657 2146 690 Johannis,
2168 659 2261 686 umori

1255 704 1329 741 ejus.
1348 704 1468 733 Vestra
1486 704 1581 734 nobis
1600 704 1747 734 exhibita
1762 722 1808 734 —.
1828 706 1901 735 Dat.
1920 707 2086 744 Anagnie,
2104 709 2132 737 V
2146 708 2261 738 kalen-

1255 756 1312 786 das
1329 757 1483 792 octobris,
1502 766 1589 787 anno
1603 758 1721 795 primo.
1742 770 1754 784 »

1325 913 1414 941 819

1289 973 1432 1008 Episcopo
1457 974 1624 1001 Lamecensi
1648 975 1772 1006 mandat,
1798 980 1828 1002 ut
1851 976 2002 1003 Dominico
2028 976 2113 1008 Petri,
2131 978 2178 1004 cui
2200 978 2262 1004 Ma-

1254 1022 1344 1056 gister
1368 1022 1543 1055 Bernardus,
1569 1024 1735 1058 capellanus
1759 1033 1856 1059 papae,
1884 1025 1919 1050 de
1945 1025 2077 1051 mandato
2102 1025 2263 1053 Innocentii

1254 1079 1343 1105 papae
1366 1071 1407 1097 IV
1428 1073 1478 1106 jus
1501 1073 1690 1099 canonicatus
1714 1073 1742 1099 in
1768 1074 1891 1100 ecclesia
1916 1073 2106 1100 Bracbarensi
2130 1075 2260 1109 contulit,

1253 1129 1398 1155 quemque
1426 1122 1610 1156 postmodum
1640 1123 1877 1157 archiepiscopus
1902 1126 1930 1149 et
1957 1123 2112 1156 capitulum
2136 1123 2262 1150 Bracha-

1254 1177 1354 1196 renses
1381 1173 1552 1204 receperunt
1576 1171 1603 1196 in
1633 1171 1816 1204 canonicum,
1843 1171 2033 1205 praebendam
2058 1172 2113 1206 ipsi
2137 1172 2261 1198 debitam

1253 1217 1399 1248 conferat;
1420 1228 1431 1240 ιι
1456 1226 1511 1244 non
1536 1218 1668 1244 obstante
1690 1219 1714 1245 si
1733 1222 1797 1253 post
1811 1220 1992 1246 collationem
2009 1220 2102 1254 ipsius
2114 1220 2187 1254 juris
2204 1220 2264 1246 sac-

1253 1269 1310 1292 tam
1334 1266 1426 1292 eidem
1447 1267 1569 1301 aliquam
1589 1268 1647 1300 (sic)
1663 1267 1691 1293 in
1709 1268 1807 1294 earlcm
1825 1268 1945 1294 ecclesia
1960 1269 2127 1294 auctoritate
2144 1272 2260 1302 aposto-

1252 1314 1307 1340 lica
1323 1315 1381 1340 sint
1396 1315 1513 1349 recepti,
1527 1315 1634 1349 quibus
1650 1324 1714 1342 cum
1728 1316 1840 1342 collatio
1853 1316 1945 1350 ipsius
1958 1317 2149 1351 receptionem
2160 1325 2261 1343 eorum

1253 1364 1427 1398 processerit
1444 1371 1510 1389 eum
1528 1364 1660 1390 volumus
1677 1365 1822 1390 anteferri.
1839 1365 1922 1398 (Rae.
1939 1365 1983 1395 24,
2000 1374 2026 1392 c.
2044 1365 2106 1399 649,
2123 1366 2141 1392 f.
2158 1366 2211 1397 97.)

1736 915 1862 949 Anagni,
1880 916 1911 942 21
1930 916 2092 949 septembre
2110 916 2188 944 1‘255.

1295 1469 1307 1483 «
1324 1480 1356 1492 ..,
1369 1459 1502 1495 episcopo
1516 1459 1697 1487 Lamecensi.
1716 1459 1871 1488 Exhibita
1888 1459 1982 1488 nobis
1997 1458 2108 1488 dilecti
2121 1476 2170 1488 ——.
2183 1460 2257 1488 Dat.

1252 1510 1414 1547 Anagnie,
1433 1510 1481 1540 XI
1496 1509 1656 1540 kalendas
1672 1511 1826 1546 octobris,
1845 1520 1931 1541 anno
1947 1511 2064 1549 primo.
2085 1523 2097 1537 1>

1322 1668 1411 1697 820

1287 1728 1432 1763 Stephano
1451 1729 1579 1762 pellagii,
1593 1730 1732 1756 canonico
1749 1729 1949 1763 Bracharensi,
1968 1730 2105 1764 indulget.
2124 1734 2163 1764 ut,
2181 1739 2259 1765 prae-

1251 1780 1293 1803 ter
1313 1777 1514 1804 canonicatum
1531 1786 1615 1803 suum
1633 1781 1661 1803 et
1678 1778 1820 1811 quoddam
1837 1777 1912 1804 aliud
1929 1777 2100 1805 beneficium
2116 1779 2192 1812 quod
2208 1779 2260 1804 ob-

1251 1826 1332 1860 tinet,
1351 1827 1467 1852 unicum
1484 1826 1560 1852 aliud
1577 1826 1763 1858 beneficium,
1780 1827 1865 1852 etiam
1882 1827 1906 1852 si
1922 1835 2020 1853 curam
2034 1827 2193 1853 animarum
2209 1827 2260 1853 ha-

1250 1875 1307 1906 bet,
1325 1875 1453 1909 recipere
1471 1876 1571 1901 valeat.
1589 1875 1673 1908 (Rae,
1690 1875 1734 1908 ⁶14,
1752 1883 1778 1902 c.
1795 1875 1856 1907 650,
1874 1875 1893 1902 f.
1912 1875 1966 1908 97.)

1736 1667 1861 1702 Anagni,
1878 1668 1911 1694 27
1929 1668 2090 1702 septembre
2109 1668 2186 1695 1255.

1292 1981 1306 1996 «
1326 1970 1477 2007 Stephano
1493 1970 1637 2007 Pellayii,
1663 1971 1810 1999 canonico
1835 1970 2048 1999 Bracharensi.
2073 1971 2142 2000 Tua
2164 1970 2260 2000 nobis

1250 2021 1399 2052 exhibita
1413 2038 1462 2050 —.
1480 2022 1554 2051 Dat.
1575 2022 1745 2059 Anagnie,
1767 2023 1796 2052 V
1812 2021 1971 2052 kalendas
1994 2022 2152 2058 octobris,
2173 2031 2260 2052 anno

1250 2083 1367 2112 primo.
1388 2086 1400 2100 n

1321 2230 1405 2258 821

1285 2291 1445 2326 J[0hanni],
1461 2292 1535 2318 tituli
1551 2292 1581 2318 S.
1599 2292 1744 2319 Laurentii
1761 2293 1788 2319 in
1806 2292 1914 2320 Lucina
1931 2294 2098 2328 presbytero
2110 2295 2256 2326 cardinali,

1252 2341 1377 2375 mandat,
1406 2344 1437 2367 ut
1463 2342 1609 2368 nonnullis
1634 2341 1803 2368 mulieribus
1828 2343 1857 2368 in
1881 2341 1959 2369 Urbe
1981 2343 2163 2377 degentibus,
2186 2352 2259 2379 quae

1252 2389 1422 2424 Repentitae
1434 2390 1569 2416 dicuntur
1580 2394 1608 2416 et
1619 2390 1736 2417 salutari
1751 2391 1859 2425 pudore
1870 2392 2007 2418 confusae
2022 2400 2110 2426 super
2125 2393 2170 2419 his
2185 2401 2258 2427 quae

1251 2438 1278 2464 in
1296 2439 1391 2464 carnis
1407 2446 1476 2465 suae
1492 2439 1677 2473 corruptione
1693 2442 1857 2472 gesserunt,
1871 2440 1898 2466 in
1914 2441 2045 2466 semitam
2061 2442 2260 2468 mandatorum

1251 2485 1304 2512 Dei
1327 2486 1518 2512 decreverunt
1537 2490 1704 2514 convertere
1728 2487 1763 2513 de
1787 2487 1840 2514 viis
1862 2488 2069 2522 inquinationis
2091 2490 2260 2523 praeteritae

1734 2230 1859 2264 Anagni,
1877 2231 1910 2258 24
1927 2232 2090 2266 septembre
2108 2233 2186 2260 1255.

1251 2533 1339 2567 pedes
1363 2542 1443 2567 suos,
1467 2535 1619 2561 ecclesiam
1641 2543 1665 2561 s.
1691 2535 1797 2561 Mariae
1820 2537 1848 2562 iu
1870 2536 1999 2562 Minerva
2017 2541 2066 2563 aut
2085 2537 2169 2563 aliam
2192 2546 2259 2564 cum

1249 2582 1385 2608 omnibus
1405 2583 1511 2616 hortis,
1531 2584 1782 2617 possessionibus,
1796 2584 1912 2618 juribus
1928 2588 1981 2611 etc.
2004 2590 2141 2620 perpetuo
2155 2594 2259 2612 conce-

1249 2630 1306 2657 dat.
1323 2631 1407 2663 (Rau.
1424 2630 1468 2664 24,
1481 2639 1506 2657 c.
1523 2632 1585 2665 651,
1603 2632 1621 2659 f.
1638 2632 1686 2663 97;
1704 2632 1851 2659 ΡοτΤΗΑΒΤ
1868 2633 1976 2666 teo-20.)

1291 2744 1303 2758 «
1323 2733 1361 2767 I.,
1382 2732 1467 2761 tituli
1482 2732 1590 2762 Sancti
1604 2734 1765 2762 Laurentii
1787 2735 1820 2763 in
1839 2735 1957 2763 Lucina
1971 2736 2135 2772 presbitero
2154 2737 2258 2765 cardi-

1248 2785 1327 2813 nali.
1349 2784 1513 2820 Quoniam
1535 2788 1565 2814 te
1584 2785 1732 2815 studiose
1752 2803 1800 2814 —.
1819 2787 1893 2816 Dat.
1915 2787 2083 2824 Anagnie,
2101 2788 2182 2818 VIII
2198 2788 2258 2818 ka-

1247 2836 1362 2873 lendas
1382 2836 1536 2872 octobris,
1555 2846 1641 2867 anno
1657 2837 1774 2875 primo.
1795 2850 1808 2864 »
