2498 3325
211 261 268 289 414
935 256 1174 287 REGISTRES
1196 255 1503 286 D'ALEXANDRE
1526 256 1582 285 IV.

214 338 226 352 υ
251 326 510 356 instrumentum
524 325 663 355 fecimus
683 324 787 354 nostri
806 323 909 361 sigilli
926 324 1110 353 munimine
1128 322 1218 352 robo-

213 390 226 404 »
252 379 329 407 rari.
348 379 466 407 Actum
490 379 591 407 Rome
614 377 854 407 Transtiberim
879 376 911 405 in
938 376 1088 405 domibus
1111 375 1218 405 cardi-

212 442 226 458 n
251 430 337 460 nalis
352 431 464 461 Sancti
478 430 665 468 Grisogoni,
684 431 733 460 III
750 429 882 460 kalend.
900 429 1027 464 marcii,
1046 430 1145 459 XIIII
1163 430 1218 458 In-

213 496 226 510 »
251 483 403 519 dictione,
430 492 516 512 anno
539 483 672 512 Domini
692 482 905 517 M⁰CC··LVJ¹·‚
927 482 1138 520 pontificatus
1161 481 1218 510 do-

213 547 226 562 »
251 536 335 564 mini
352 536 529 565 Alexandri
548 544 629 574 pape
647 536 816 565 1111a11110
834 535 989 565 seeundo.

253 600 266 615 n
292 589 358 625 Ego
382 588 570 618 Bernardus
591 588 628 617 de
646 588 780 622 Littera7
799 588 976 626 apostolice
994 587 1088 617 Sedis
1110 592 1217 617 ancto-

212 653 225 667 »
249 641 346 670 ritate
366 641 532 675 notarius,
553 641 609 679 qui
626 641 894 678 pronunciationi
912 641 1059 670 omnium
1077 641 1217 679 premis-

213 707 225 719 »
250 703 361 724 sorum
376 694 459 723 facte
474 704 531 732 per
546 694 715 723 (lominum
734 694 956 723 venerabilem
973 698 1097 732 patrem
1113 694 1218 723 domi-

212 760 225 773 »
251 756 329 776 nmn
347 748 378 777 J.
397 747 610 781 cardinalem,
632 747 844 785 presentibus
866 747 1029 785 episcopis
1051 751 1079 777 et
1105 756 1217 785 procu-

211 812 225 827 »
250 800 416 829 ratoribus
436 800 626 829 memoratis
650 809 686 829 ac
707 800 954 829 venerabilibus
970 800 1050 830 viris
1073 801 1217 829 dominis

212 866 225 880 »
251 855 303 888 R„
332 853 536 883 virdunensi
563 853 683 888 electo,
711 854 756 888 S.,
790 854 906 883 abbate
933 854 1044 883 Sancti
1072 854 1217 883 Victoris

212 919 225 934 ι)
251 906 483 941 Massiliensis,
501 907 646 944 providis
659 907 740 936 viris
757 907 926 945 magistris
942 907 1072 937 Matheo
1091 907 1215 942 Habeo,

212 974 225 988 >2
251 961 409 991 canonico
431 960 645 994 Carnotensi,
670 961 812 990 Martino
839 962 1012 999 llyspano,
1037 961 1217 999 capellanis

212 1026 226 1041 »
251 1014 375 1044 domini
395 1024 493 1051 pape,
515 1013 667 1043 «Iohanne
694 1013 902 1052 Rupellensi,
924 1014 1082 1051 magistro
1103 1015 1218 1045 Conti-

212 1080 225 1094 »
250 1067 340 1097 natio
364 1066 526 1096 Esculano
548 1066 855 1104 archipresbiteris,
882 1067 1040 1103 magistro
1061 1067 1214 1103 Abraam,

212 1132 224 1147 »
250 1124 382 1150 cantore
399 1119 618 1153 Armachano,
635 1123 665 1148 et
683 1119 833 1156 pluribus
852 1119 943 1154 aliis,
963 1124 1096 1157 rogatus
1114 1120 1217 1149 inter-

211 1185 224 1199 »
249 1173 314 1207 sui,
350 1172 388 1201 de
416 1172 569 1201 mandato
599 1171 747 1210 ejusdem
775 1171 899 1201 domini
930 1172 1127 1207 cardinalis,
1156 1173 1217 1202 boc

211 1238 223 1251 »
248 1234 385 1263 presens
428 1224 598 1262 publicum
641 1224 900 1254 instrumentum
944 1225 1075 1263 propria
1116 1234 1217 1254 manu

211 1290 224 1304 »
249 1277 367 1315 scripsi
391 1286 427 1306 ac
452 1277 485 1306 in
512 1276 678 1315 publicam
702 1277 843 1306 sormam
869 1277 999 1313 redegi,
1027 1282 1058 1307 et
1083 1278 1216 1314 sig-*num

210 1343 224 1357 »
248 1340 358 1360 meum
376 1330 521 1368 apposui.
542 1342 554 1356 υ

248 1383 341 1413 Nulli
365 1388 423 1412 etc.
451 1387 560 1412 nostre
581 1383 844 1412 confirmationis
869 1388 899 1413 et
920 1383 1130 1414 diffinitionis
1154 1389 1214 1414 etr.

207 1437 281 1466 Dat.
303 1435 467 1470 Laterani,
489 1436 516 1465 V
532 1435 690 1466 kalendas
711 1436 802 1472 maii,
821 1445 907 1465 anno
925 1437 1080 1467 secundo.
1102 1451 1113 1463 »ι

285 1642 402 1670 1358
818 1641 930 1672 Latran,
949 1642 964 1669 6
981 1643 1049 1669 avril
1071 1643 1146 1671 125⁶.

247 1702 345 1730 Electo
382 1703 528 1729 Parmensi
561 1703 699 1738 approbat
728 1705 947 1730 concessionem
978 1705 1013 1731 ab
1050 1705 1219 1733 Innocentio

213 1760 285 1786 papa
303 1751 342 1777 IV
361 1752 461 1777 factam
479 1752 629 1778 ordinandi
651 1752 791 1778 ecclesias
807 1753 931 1779 civitatis
947 1757 975 1780 et
990 1753 1116 1781 diocesis
1134 1763 1220 1781 vaca-

212 1803 303 1830 tut-as,
322 1804 405 1834 prout
422 1800 556 1834 expedire
574 1800 692 1831 videret,
707 1801 741 1826 de
758 1801 891 1834 praelatis
911 1805 938 1828 et
960 1803 1153 1837 presbyteris,
1171 1808 1220 1830 aut

213 1848 355 1882 praelatos
372 1852 399 1874 et
422 1849 605 1882 presbyteros
622 1850 713 1881 magis
731 1849 850 1875 idoneos
866 1851 1079 1883 substituendi,
1099 1861 1151 1878 non
1169 1853 1220 1878 ob-

213 1900 307 1923 stante
324 1897 550 1922 contradictione
571 1897 682 1923 illornm
706 1898 753 1931 qui
779 1898 804 1923 in
827 1898 935 1924 eisdem
956 1899 1088 1926 ecclesiis
1113 1901 1220 1935 recepti

212 1948 293 1970 erant
310 1945 353 1970 vel
367 1949 396 1970 ut
413 1945 610 1978 recipere-ntur
629 1945 782 1972 instabant.
804 1945 885 1977 (Rani
901 1946 945 1978 2³4,
963 1947 980 1972 f.
1002 1947 1074 1981 l74v‚
1095 1957 1162 1975 ann.
1180 1949 1218 1983 ΙΙ,

211 2000 238 2019 c.
255 1992 327 2024 2²93.)

253 2106 266 2120 α
290 2096 427 2128 ...eleeto
447 2096 619 2124 Parmensi.
646 2095 733 2125 Olim
758 2100 790 2126 te
815 2096 925 2126 felicis
949 2114 996 2126 —.
1022 2098 1093 2127 Dat.
1122 2099 1218 2129 Late-

211 2147 297 2182 rani,
315 2147 396 2177 VIII
413 2147 487 2177 idus
505 2148 631 2186 aprilis,
653 2157 739 2178 anno
756 2149 911 2179 secundo.
933 2162 945 2176 »

286 2343 399 2370 ¹355)
801 2345 916 2379 Latran,
936 2347 966 2374 18
982 2349 1052 2375 avril
1072 2349 1145 2377 1256.

250 2403 437 2438 Insa-ascripto
453 2405 586 2431 coneedit
601 2405 764 2433 facultatem
786 2406 972 2442 dispensandi
993 2411 1131 2444 magistro
1152 2412 1220 2438 Ste-

214 2451 308 2486 phano
325 2452 537 2485 Comum-tensi,
559 2453 673 2488 Pelagio
689 2454 822 2482 Menendt
840 2456 1030 2485 Bracharensi
1042 2463 1069 2485 et
1082 2461 1219 2495 magistro

214 2499 361 2527 Gonsalvo
378 2501 559 2527 Astoricensi
576 2503 722 2529 canonicis
743 2512 776 2530 ac
794 2504 909 2532 duobus
932 2506 994 2533 aliis
1011 2507 1220 2537 Bracbarensis

213 2549 360 2583 provincie
373 2557 446 2584 quos
462 2549 496 2575 ad
512 2550 567 2576 hoc
584 2550 703 2578 idoneos
716 2560 782 2578 esse
799 2554 921 2585 noverit,
939 2558 968 2580 ut
984 2563 1083 2582 eornm
1100 2557 1219 2591 quilibet

213 2596 270 2624 dua
285 2596 422 2624 beneficia
438 2598 635 2625 ecclesiastica
657 2600 785 2634 recipiat.
810 2601 889 2633 (Rau.
911 2602 954 2637 ⁶24,
976 2604 993 2631 f.
1016 2605 1074 2637 274,
1091 2614 1157 2633 ann.
1176 2607 1218 2641 ΙΙ,

213 2652 240 2672 c.
256 2645 306 2672 294
322 2647 330 2678 )

256 2757 268 2771 α
289 2746 432 2783 Magistro
450 2748 500 2782 ,t!.‚
519 2749 674 2784 capellano
694 2754 805 2785 nostro,
823 2752 926 2787 priori
941 2755 1088 2783 secularis
1101 2757 1219 2785 ecclesie

220 2798 475 2830 Il'imaranensis.
505 2800 724 2829 Bruclzorensis
751 2802 885 2831 diocesis.
918 2804 1013 2835 Clara
1044 2808 1218 2844 probitatis

216 2853 268 2879 tue
287 2867 335 2878 —.
353 2852 424 2880 Dat.
446 2852 614 2888 Laterani,
640 2854 741 2883 XIIII
762 2854 919 2885 kalendas
942 2859 1035 2888 maii.
1059 2870 1146 2889 anno
1167 2871 1218 2891 se-

215 2903 332 2932 cundo.
354 2917 365 2929 »

1375 322 1492 350 1360
1909 322 2022 355 Latran,
2040 323 2070 350 15
2087 323 2141 349 mai
2159 322 2237 350 1256.

1338 384 1384 415 tt..
1411 384 1629 419 archiepiscopo
1655 385 1848 415 Armaebano,
1874 385 2018 419 indulget,
2045 389 2075 411 ut
2097 385 2248 412 ecclesiam
2273 384 2312 412 de

1301 433 1525 464 Germunsekin,
1549 433 1675 459 diocesis
1698 433 1804 467 ipsius,
1827 434 1861 459 ad
1884 441 1955 460 usus
1976 441 2093 460 mensae
2109 433 2310 468 quoadvixerit

1301 482 1424 508 retinere
1442 482 1543 516 possit.
1561 481 1646 516 (Rea.
1660 482 1704 515 124,
1722 482 1739 508 t.
1762 482 1820 512 174,
1838 490 1904 508 ann.
1923 481 1964 515 ΙΙ,
1981 490 2006 508 e.
2023 481 2097 514 205.)

1344 597 1355 609 «
1380 585 1423 618 st,
1448 584 1674 621 archiepiscopo
1694 584 1901 612 ΑνηιαεΙιαηο.
1930 583 2013 614 Cum
2039 587 2073 613 tu
2099 583 2237 614 ecclesie
2257 600 2309 612 —-.

1302 638 1374 667 Dat.
1394 636 1559 671 Laterani,
1578 636 1653 666 idus
1670 636 1761 670 maii,
1779 645 1866 666 anno
1880 636 2034 666 secundo.
2057 648 2069 662 »

1373 835 1481 863 1361
1904 834 2021 866 Latran,
2042 834 2071 861 16
2089 835 2142 861 mai
2160 835 2238 863 1256.

1337 897 1477 924 Baldnino
1491 897 1596 927 abbati,
1616 905 1664 930 pro
1677 896 1866 931 expediendis
1882 896 2008 930 negotiis
2023 897 2190 924 monasterii
2204 896 2235 924 S.
2246 897 2310 924 An·

1300 946 1385 973 dreae
1402 946 1436 972 de
1453 945 1587 976 Castello,
1606 945 1825 972 Cameracensis
1841 945 1976 976 diocesis,
1991 949 2019 972 et
2035 945 2229 973 membrorum
2244 947 2310 982 ejus

1300 995 1334 1021 ad
1352 994 1456 1021 Sedem
1473 994 1660 1028 apostolicam
1673 1002 1785 1025 acccSO,
1798 993 1931 1020 concedit
1947 994 2110 1020 facultatem
2121 995 2310 1023 contrahendi

1301 1047 1433 1070 mutuum
1453 1047 1568 1078 propter
1590 1043 1644 1069 hoe
1666 1050 1757 1076 usquc
1773 1043 1806 1069 ad
1826 1051 1968 1069 summam
1989 1043 2111 1070 duorum
2130 1043 2239 1071 mitium
2255 1043 2311 1071 du-

1300 1096 1449 1119 centarum
1467 1096 1494 1118 et
1508 1092 1718 1126 qninquaginta
1735 1092 1870 1118 librarum
1886 1091 2098 1118 Turonensium
2116 1096 2144 1118 et
2163 1092 2311 1128 obligandi

1300 1141 1494 1167 creditoribus
1529 1141 1602 1166 bona
1637 1140 1805 1167 monasterii
1836 1144 1864 1166 et
1898 1140 2104 1167 membrorum.
2139 1141 2223 1173 (Rso.
2254 1141 2288 1168 24
2302 1162 2310 1174 ,

1300 1190 1319 1216 f.
1344 1189 1404 1221 174,
1421 1198 1487 1216 ann.
1507 1188 1543 1222 lt,
1560 1197 1585 1215 o.
1603 1189 1677 1220 296⁴>

1343 1303 1355 1317 (t
1375 1290 1538 1325 Balduino,
1556 1291 1657 1318 (tobati
1674 1291 1854 1319 monasterii
1869 1290 1976 1319 Sancti
1991 1291 2108 1320 Andree
2123 1291 2157 1320 de
2172 1291 2309 1326 clustello,

1300 1345 1421 1373 ordinis
1435 1344 1535 1373 sancti
1552 1344 1716 1378 Benedicti,
1735 1344 1961 1372 Cameracensis
1975 1343 2108 1373 diocesis.
2126 1343 2209 1374 Cum
2224 1343 2311 1374 sicut

1301 1397 1335 1426 in
1358 1414 1406 1426 —.
1434 1397 1506 1426 Dat.
1534 1396 1698 1431 Laterani,
1724 1396 1819 1425 XVII
1844 1395 2004 1425 kalendas
2022 1396 2122 1434 junii,
2146 1405 2233 1426 anno
2257 1405 2311 1427 se-

1301 1450 1419 1479 cundo,
1439 1461 1451 1475 η

1376 1642 1490 1670 1362
1876 1639 1991 1672 Lan-an,
2008 1639 2022 1666 4
2042 1640 2144 1666 levrici·
2163 1639 2238 1667 1‘256.

1338 1704 1499 1731 Conventui
1524 1702 1690 1730 monasterii
1717 1702 1903 1728 Fiscanensis
1928 1710 1978 1736 pro
2002 1701 2077 1727 dono
2103 1702 2211 1736 gratias
2239 1700 2311 1736 agit.

1302 1754 1385 1788 (Rea.
1400 1753 1443 1784 24,
1463 1753 1481 1779 s.
1501 1752 1559 1786 174,
1577 1760 1643 1778 ann.
1662 1751 1702 1784 It,
1720 1758 1745 1777 c.
1762 1750 1836 1783 997.)

1344 1869 1355 1882 κ
1428 1856 1529 1884 abbati
1544 1859 1568 1883 et
1588 1854 1752 1883 conventui
1772 1853 1951 1881 monasterii
1969 1852 2173 1888 Fiscanensis,
2190 1851 2312 1880 ordinis

1301 1910 1402 1939 sancti
1418 1908 1580 1942 Benedicti,
1600 1907 1640 1935 ad
1658 1907 1824 1935 Romanam
1845 1906 2009 1934 Ecclesiam
2025 1905 2111 1934 nullo
2127 1905 2226 1934 medio
2237 1913 2312 1942 per·

1303 1963 1440 1992 liuentis.
1460 1961 1565 1998 Super
1584 1968 1620 1990 co
1640 1959 1726 1998 quod
1742 1958 1883 1988 dilectus
1902 1957 1991 1987 tilius
2010 1957 2168 1995 magister
2183 1956 2312 1988 Johan-

1302 2024 1360 2046 nes
1373 2015 1411 2044 de
1425 2015 1532 2048 Putot,
1549 2012 1740 2051 capellanus
1754 2015 1876 2046 noster⁷
1892 2015 1970 2040 tunc
1981 2013 2174 2048 procurator
2189 2013 2311 2046 vester,

1302 2067 1398 2097 nobis
1414 2067 1449 2095 in
1466 2065 1593 2095 duobus
1615 2064 1751 2094 milibus
1772 2063 1933 2092 librarum
1950 2062 2212 2100 provisinorum,
2232 2061 2311 2092 dum

1301 2129 1450 2151 essemus
1470 2119 1636 2157 Anagnie,
1659 2127 1696 2148 ex
1719 2122 1809 2156 parte
1829 2120 1939 2147 vestra
1960 2116 2110 2152 servivit,
2128 2115 2312 2154 gratiarum

1300 2173 1394 2204 vobis
1418 2171 1630 2202 multimodas
1652 2171 1830 2201 referimus
1855 2169 2014 2199 actiones.
2040 2169 2114 2198 Dat.
2141 2167 2311 2204 Laterani,

1301 2227 1333 2256 II
1351 2234 1455 2255 nonas
1472 2223 1645 2257 februarii,
1664 2231 1750 2252 anno
1769 2221 1924 2252 secundo.
1945 2233 1958 2248 »

1378 2423 1494 2451 1383
1904 2419 2030 2454 Anagnt,
2049 2420 2141 2454 5j11in
2159 2419 2238 2446 1256.

1338 2484 1599 2519 Archipresbytero
1615 2482 1755 2508 ecclcsiae
1772 2481 1908 2508 Astensis
1925 2480 2041 2507 mandat
2054 2480 2202 2515 quatinus,
2213 2495 2250 2501 —
2264 2489 2311 2508 re-

1302 2533 1466 2568 signatione
1488 2536 1602 2566 rccepta
1626 2540 1642 2556 a
1667 2530 1762 2562 Petro,
1785 2530 1888 2556 abbate
1911 2530 2077 2556 monasterii
2100 2528 2308 2561 Bremetensis,

1302 2582 1412 2608 ordinis
1442 2580 1533 2607 sancti
1560 2579 1720 2612 Benedicti,
1745 2578 1896 2613 papiensis
1918 2577 2061 2610 diocesis,
2087 2577 2122 2603 ad
2148 2577 2309 2604 Romanam

1301 2630 1461 2657 Ecclesiam
1480 2629 1556 2655 nullo
1571 2628 1664 2654 medio
1681 2626 1863 2662 pertinentis,
1879 2634 1965 2660 quem
1982 2629 2144 2652 conventus
2159 2625 2312 2652 concordi-

1302 2683 1345 2706 ter
1361 2678 1447 2711 elegit
1463 2678 1677 2711 episcopusque
1691 2675 1902 2708 Terdonensis,
1920 2673 2081 2700 Innocentii
2098 2681 2187 2708 papae
2203 2672 2244 2699 lV
2260 2673 2312 2700 lit-

1302 2731 1428 2753 terarum
1442 2724 1621 2755 anctoritate,
1638 2723 1829 2754 confirmavit,
1847 2723 1933 2756 cujus
1948 2725 2042 2748 autem
2060 2721 2163 2748 electio
2182 2721 2214 2748 fit
2232 2720 2311 2748 irrita

1302 2778 1330 2801 et
1352 2774 1447 2801 inanis
1473 2773 1641 2799 inhibitione
1667 2771 1885 2806 Aquilegiensis
1910 2771 2003 2804 electi,
2030 2773 2098 2796 tunc
2124 2769 2153 2796 in
2178 2769 2311 2804 partibus

1302 2823 1490 2849 Lombardiac
1513 2822 1686 2856 apostolicae
1710 2820 1794 2846 Sedis
1818 2819 1915 2853 legati¹
1941 2827 1975 2844 ne
1997 2819 2120 2852 aliquem
2142 2819 2170 2844 in
2193 2818 2310 2852 episco-

1301 2879 1385 2906 pum,
1402 2871 1531 2897 abbatem
1549 2878 1598 2896 sou
1616 2869 1802 2900 canonicum,
1821 2868 1993 2894 monachum
2011 2867 2055 2892 vel
2071 2873 2245 2893 conversum
2260 2873 2311 2892 ca-

1302 2921 1391 2956 pitula
1413 2921 1455 2946 vel
1478 2920 1598 2953 collegia
1621 2919 1727 2953 eligere
1750 2919 1967 2952 praesumerent
1990 2916 2018 2941 in
2043 2915 2128 2942 terris
2145 2913 2315 2941 faventibus

2480 2657 2498 2771 ·=.,...
