2498 3325
203 256 260 286 168
928 247 1168 280 REGISTRES
1190 244 1498 276 D’ALEXANDRE
1520 245 1577 275 IV.

201 322 283 352 ralis
313 325 343 351 et
372 320 636 359 quilmscumque
670 316 967 348 consuetudinibus
1001 314 1051 344 vel
1080 313 1213 343 statutis

203 374 398 409 contrariis,
420 373 625 412 juramento,
655 369 905 401 confirmatione
933 367 1129 406 apostolica,
1155 375 1213 396 seu

203 427 351 467 qualibet
370 425 525 455 firmitate
549 423 613 453 alia
634 423 812 457 roboratis-3
840 427 870 452 et
894 420 1102 458 indulgentia
1119 418 1213 450 Sedis

205 480 395 520 apostolice,
416 488 480 517 qua
500 479 584 507 sorte
602 477 751 515 Anglicis
771 475 822 505 vel
842 475 917 505 aliis
942 479 990 504 est
1007 481 1212 507 concessum,

203 538 240 563 ut
263 533 291 562 si
310 533 384 571 quis
406 531 542 561 Italicus
564 530 614 559 vel
637 529 732 559 Sedis
753 528 900 568 ejusdem
917 526 1068 557 officialis
1085 533 1215 563 promo-

204 590 320 616 veatur
334 585 373 615 ad
385 584 530 622 aliquam
542 583 754 621 prelaturam,
773 580 933 611 beneficia
948 579 1054 618 ipsius
1065 578 1158 617 prius
1175 577 1215 607 ab

205 639 276 677 ipso
295 638 330 667 iu
347 637 444 667 terris
467 636 598 665 illorum
615 635 729 665 habita
751 634 854 664 libere
879 633 954 663 aliis
975 638 1141 670 tamquam
1159 639 1215 660 va-

206 691 315 721 cantia
340 700 397 728 per
420 699 474 719 eos
501 690 542 719 ad
562 698 643 727 qnos
667 687 904 718 beneficiorum
924 687 1073 724 ipsorum
1091 687 1216 722 spectat

206 743 339 774 donatio
367 743 598 778 conserantur3
627 746 659 771 et
685 740 891 780 quibuslibet
924 739 999 769 aliis
1026 736 1216 776 apostolicis

206 796 426 833 indulgentiis
443 795 708 834 quibuscumque
731 793 882 832 personis
902 791 954 822 vel
974 791 1055 821 locis
1078 798 1217 828 genera-

205 849 283 879 liter
298 848 349 878 vel
361 847 549 886 specialiter
564 847 742 881 concessis,
761 855 818 885 per
833 854 915 884 quas
932 842 1123 883 hujusmodi
1140 851 1217 872 nos-

208 906 259 931 tra
278 902 381 939 gratia
398 901 449 931 vel
465 901 646 931 1·‹1¹s·‘:i·vatio
664 903 773 938 posset.
787 897 1033 938 quomodolibet
1050 895 1216 934 impediri,

210 956 310 986 etiam
329 956 357 985 si
380 956 417 985 de
435 955 517 993 ipsis
538 959 567 984 et
585 963 697 984 earum
719 957 832 983 tenore
849 952 888 982 de
905 951 1004 981 verbo
1025 950 1064 980 ad
1081 950 1218 980 verbum

210 1009 261 1039 vel
282 1009 321 1039 de
341 1017 557 1047 personarum
575 1017 633 1037 seu
656 1007 802 1037 locorum
819 1005 1006 1044 aliquorum
1028 1002 1219 1033 nominibus

210 1062 342 1101 plenam
358 1066 387 1091 et
403 1070 590 1099 expressam
604 1060 675 1089 lieri
693 1063 839 1098 oporteat
853 1059 886 1088 iu
903 1057 1114 1097 presentibus
1131 1064 1220 1085 men-

212 1116 355 1150 tionem;
374 1119 419 1149 et,
440 1119 474 1143 ut
490 1114 633 1143 liberum
650 1118 748 1151 atque
765 1112 898 1151 plenum
917 1111 1040 1149 absque
1059 1110 1126 1139 ullo
1145 1110 1220 1138 ohs-

212 1168 320 1198 taculo
336 1168 374 1197 de
388 1167 449 1197 hac
463 1171 573 1196 nostra
586 1165 810 1196 reservatione
826 1163 1041 1202 consequaris
1055 1164 1219 1197 ellectum,

213 1220 421 1250 decernimus
447 1219 487 1249 ad
512 1219 618 1248 instar
642 1217 885 1257 predecessoris
908 1216 1061 1255 'ejusdem
1089 1215 1221 1253 penitus

212 1273 346 1302 irritum
362 1277 393 1303 et
414 1273 513 1301 inane
535 1271 694 1310 quicquid
710 1274 823 1301 contra
846 1278 918 1299 eam
935 1278 1034 1307 super
1049 1268 1222 1306 premissis

212 1326 402 1361 beneficiis,
420 1325 615 1363 prebendis,
634 1324 798 1354 fructibus
815 1326 845 1353 et
860 1321 1077 1361 proventibus
1097 1330 1133 1350 ac
1148 1320 1223 1350 red-

213 1379 338 1408 ditibus
355 1379 571 1408 ducentarum
594 1386 780 1407 marcarum
800 1385 858 1414 per
877 1383 1102 1414 quoscumque
1123 1373 1223 1403 suerit

214 1435 452 1470 attemptatum.
476 1430 569 1461 Nulli
590 1433 650 1460 etc.
670 1433 781 1459 nostre
796 1427 1034 1459 reservationis
1051 1431 1082 1457 et
1100 1426 1224 1456 consti-

215 1485 353 1515 tutionis
374 1489 434 1515 etc.
454 1485 527 1514 Dat.
548 1482 703 1522 Neapoli,
723 1483 753 1512 X
774 1482 934 1512 kalendas
953 1480 1118 1520 januarii⁷
1137 1488 1224 1509 anno

211 1547 331 1578 primo.
354 1551 367 1565 ›>

286 1752 373 1780 552
722 1747 840 1782 Napies,
857 1747 890 1775 ‘23
906 1741 1058 1773 decembre
1077 1746 1153 1773 1254.

253 1815 398 1850 Episcopo
417 1812 619 1847 Wigorniensi
641 1811 772 1845 mandat,
796 1811 932 1845 quatinus
956 1809 1080 1836 eundem
1102 1809 1226 1836 electum

218 1873 306 1900 super
332 1863 499 1898 praemissis
521 1862 686 1888 nullatenus
708 1859 853 1887 molestari
878 1859 1057 1894 pei-mittem,
1081 1857 1226 1893 praedicta

217 1913 364 1943 beneficia,
382 1911 570 1946 praebendas,
588 1917 700 1937 annuos
717 1909 846 1936 redditus
861 1908 1049 1935 ducentarum
1066 1914 1226 1933 marcarum

217 1962 373 1989 ministrari
388 1970 420 1987 ac
438 1959 567 1986 exhiberi
587 1959 612 1986 ei
629 1959 672 1985 vel
688 1958 866 1993 procuratori
884 1957 949 1991 ejus
960 1957 1045 1991 juxta
1060 1955 1225 1982 earumdem

217 2010 422 2038 reservationis
442 2012 470 2035 et
485 2007 703 2035 constitutionis
718 2010 846 2033 tenorem
864 2005 1072 2038 praedictarum
1090 2004 1173 2039 plene
1193 2012 1227 2031 ac

215 2060 328 2094 integre
343 2058 436 2084 facere
453 2065 508 2083 non
522 2056 644 2083 omittat.
657 2055 741 2088 (Rae.
753 2054 798 2086 24,
810 2062 837 2082 c.
847 2054 921 2087 4552,
938 2054 957 2080 f.
975 2053 1032 2086 66.)

259 2187 272 2202 a
293 2198 326 2210 ..‚
346 2175 479 2212 episcopo
504 2172 717 2210 tt'iqorniensi.
735 2170 833 2202 Clara
852 2174 912 2200 etc.
935 2178 1041 2208 usque
1061 2179 1067 2198 :
1087 2173 1227 2207 attemp-

218 2231 321 2258 tatum
336 2245 383 2256 —.
403 2227 476 2257 Dat.
493 2230 530 2256 ut
546 2234 655 2264 supra.
676 2236 688 2251 >³

289 2439 380 2466 553
819 2435 938 2470 Naples,
954 2435 987 2462 27
1005 2436 1059 2462 mai
1076 2435 1153 2462 1255,

258 2500 369 2535 [Lupo],
391 2501 529 2534 episcopo
553 2499 779 2532 Marrochitano,
803 2498 966 2532 committit,
989 2497 1138 2533 dispenset
1160 2505 1226 2524 cum

218 2549 344 2576 Blancha
368 2548 516 2575 comitissa
537 2547 704 2574 monasterii
726 2547 867 2574 Maitellae
888 2546 1092 2574 Cisterciensis
1117 2546 1228 2573 ordinis

219 2598 461 2633 Pampillonensis
487 2597 627 2628 diocesis,
652 2600 683 2623 ut
708 2604 764 2623 non
791 2595 924 2622 obstante
949 2594 1063 2622 defectu
1091 2595 1226 2622 natalium

217 2656 303 2682 quem
325 2647 450 2682 patiatur
471 2646 505 2672 de
527 2645 619 2672 clarae
639 2645 793 2672 memoriae
811 2644 915 2671 Sancio
935 2652 1003 2678 rege
1017 2643 1162 2670 Navarrae
1177 2652 1228 2670 so-

218 2698 277 2724 lnto
300 2697 396 2730 genita
419 2699 447 2721 et
467 2695 576 2725 solnta,
593 2694 735 2721 abbatiam
752 2693 845 2729 ipsius
861 2693 992 2720 coenobii
1010 2693 1088 2719 licite
1105 2692 1228 2719 retmere

218 2746 321 2781 possit.
339 2744 423 2778 (Rea.
441 2744 486 2778 24,
503 2751 527 2770 c.
546 2743 606 2774 456,
624 2743 642 2769 f.
660 2743 727 2775 ὅδ’.)

260 2873 272 2886 «
291 2883 323 2895 ..,
339 2860 472 2897 episcopo
483 2858 721 2887 Marrochz'tano.
733 2856 903 2887 Virtutum
918 2855 1038 2886 merita
1050 2864 1227 2886 numerare

218 2931 265 2943 -—.
285 2914 359 2943 Dat.
376 2910 527 2950 Neapoli,
542 2911 589 2941 VI
602 2909 761 2940 kalendas
774 2909 874 2949 junii,
892 2918 979 2939 anno
994 2909 1112 2948 primo.
1133 2921 1145 2935 »

1366 312 1456 341 554
1900 307 2017 343 Naples‚
2033 306 2067 334 25
2082 307 2138 334 mai
2155 306 2232 334 ¹255.

1331 372 1493 400 Conventui
1510 371 1674 399 monasterii
1691 370 1828 398 easensis
1847 370 2007 397 Pennensis
2022 368 2158 399 diocesis.
2175 367 2305 403 indulget

1296 431 1331 449 ne
1350 422 1524 456 apostolicae
1548 421 1632 448 Sedis
1652 420 1749 447 nuncii
1770 428 1822 446 seu
1843 418 1942 446 vicarii
1962 422 2035 452 ctc.,
2052 418 2112 444 sive
2129 417 2305 452 quicumque

1296 470 1342 497 atii
1363 478 1547 505 quocumque
1568 469 1682 496 nomine
1701 472 1883 498 censeantur,
1902 466 2119 502 procurationes
2136 465 2305 501 pecunai-ias

1297 527 1348 546 seu
1369 519 1423 546 alia
1443 518 1573 545 subsidia
1590 518 1625 544 ab
1644 518 1717 552 ipsis
1738 517 1780 543 vel
1801 526 1817 543 a
1833 516 1968 543 domibus
1983 515 2112 551 ipsorum
2129 514 2245 549 exigere
2261 513 2306 540 vel

1297 572 1469 602 extorquere
1486 570 1683 602 praesumant,
1703 566 1757 593 nisi
1773 566 1808 592 de
1827 565 2000 592 monasterio
2016 568 2045 591 et
2060 568 2119 591 toto
2135 567 2234 590 tenore
2250 562 2306 589 hu-

1293 617 1423 652 jusmodi
1439 616 1634 651 indulgentiae
1650 615 1684 642 de
1701 615 1788 642 verbo
1802 615 1836 641 ad
1854 614 1972 640 verbum
1986 614 2013 640 in
2025 613 2192 647 apostolicis
2202 611 2306 639 litteris

1299 666 1407 692 mentio
1423 665 1570 692 habeatur.
1587 664 1672 697 (aaa.
1691 664 1734 697 24,
1753 671 1778 691 c.
1797 663 1858 697 457,
1875 662 1894 690 f.
1910 662 1979 695 ὅδ’.)

1341 780 1355 794 α
1386 790 1418 802 ..,
1447 767 1549 796 abbati
1578 772 1603 796 ee
1630 767 1794 796 conventui
1814 765 1995 795 monaster-ti
2019 764 2166 797 Casensis,
2196 763 2308 792 Cister-

1300 822 1410 850 ciensis
1431 820 1567 853 ordinis.
1590 819 1757 848 Pennensis
1779 818 1914 847 diocesis.
1939 815 2098 847 Volentes
2120 823 2177 845 vos
2202 818 2234 845 et
2257 830 2308 843 —-.

1301 874 1374 903 Dat.
1392 871 1542 911 Neapoli,
1561 872 1642 902 VIII
1657 871 1816 901 kalendas
1829 870 1929 909 junii,
1947 878 2034 900 anno
2050 868 2167 908 primo.
2186 879 2199 894 »

1374 1065 1465 1092 555

1340 1125 1485 1162 Angelum
1505 1134 1539 1152 ex
1560 1126 1660 1153 ordine
1679 1125 1911 1152 Praedicator-um
1927 1124 2178 1158 archiepiscopum
2194 1122 2314 1150 Creten-

1304 1184 1366 1202 sem
1383 1175 1418 1202 ad
1434 1175 1611 1202 Gradensem
1628 1174 1844 1209 patriarchalem
1860 1173 1959 1200 sedem
1975 1172 2111 1199 transfert
2125 1180 2250 1206 eumque
2265 1179 2313 1198 ca-

1305 1225 1395 1259 pitulo
1412 1223 1554 1250 Gradensi
1569 1223 1761 1250 commendat.
1777 1222 1864 1256 (Izan.
1880 1222 1924 1256 24,
1940 1230 1966 1250 c.
1983 1221 2044 1253 ⁷158,
2062 1221 2082 1248 f.
2099 1222 2148 1252 67;
2168 1220 2314 1248 Po'ruus'r

1306 1273 1414 1306 15890.)

1905 1061 2021 1097 Naples,
2039 1061 2072 1088 28
2089 1061 2144 1087 mai
2162 1060 2238 1088 1255.

1347 1386 1360 1401 «
1380 1374 1519 1412 Capitzolo
1536 1373 1693 1402 Gradensi.
1712 1371 1869 1402 Debitum
1883 1370 1983 1401 officii
2001 1371 2107 1400 nostri
2120 1370 2262 1410 requirit
2278 1374 2318 1401 ut

1305 1427 1393 1457 inter
1404 1425 1648 1456 sollicitudines
1658 1428 1719 1455 etc.
1728 1432 1833 1463 usque
1847 1433 1853 1452 :
1865 1423 2049 1462 suscipiant
2059 1423 2314 1454 incrementum.

1307 1481 1393 1511 Sane
1409 1479 1592 1510 Gradensis
1608 1478 1747 1508 ecclesia
1764 1477 1887 1507 dudum
1909 1476 2051 1515 pastoris
2075 1476 2192 1507 solatio
2213 1476 2317 1506 desti-

1306 1538 1387 1568 tuta,
1405 1542 1474 1568 vos,
1494 1532 1618 1562 vocatis
1634 1531 1790 1561 omnihus
1806 1530 1864 1569 qui
1879 1530 2065 1565 voluerunt,
2084 1529 2270 1559 debuerunt.
2285 1532 2318 1559 et

1306 1589 1485 1626 potuerunt
1496 1584 1664 1615 commode
1680 1585 1855 1619 interesse,
1870 1582 1922 1613 die
1936 1583 1977 1613 ad
1990 1582 2181 1620 eligendum
2193 1581 2318 1620 prefixa

1307 1639 1543 1669 convenientes
1562 1638 1596 1667 in
1623 1646 1727 1667 unum
1749 1637 1882 1667 demum
1902 1636 1937 1665 in
1959 1635 2096 1666 dilectos
2116 1635 2203 1666 filios
2219 1635 2318 1666 Jaco-

1306 1692 1385 1722 bum
1406 1691 1579 1730 Beligaum
1600 1690 1888 1725 archidiaconum,
1913 1689 1951 1719 B.
1975 1688 2208 1727 presbyterum
2230 1691 2262 1718 et
2278 1687 2316 1718 L.

1308 1745 1537 1776 Smuteculmn
1555 1743 1796 1774 concanonicos
1814 1746 1941 1773 vestros
1958 1741 2152 1780 providendi
2167 1741 2253 1771 dicte
2269 1749 2318 1771 ec—

1308 1798 1407 1829 clesie
1426 1798 1464 1828 de
1480 1802 1610 1836 pastore
1628 1797 1746 1827 idoneo
1764 1805 1822 1834 per
1838 1795 2035 1826 electionem
2056 1794 2249 1836 canonicam
2265 1793 2319 1824 vel

1307 1851 1564 1890 postulationem
1577 1850 1770 1880 concordem
1783 1853 1977 1888 potestatem
1989 1847 2195 1878 unanimiter
2206 1851 2318 1877 contu-

1307 1905 1407 1939 listis,
1425 1904 1655 1942 promittentes
1671 1903 1764 1932 illum
1782 1902 1817 1931 in
1832 1901 2057 1940 patriarcham
2072 1904 2219 1930 vestrum
2232 1899 2319 1930 reci-

1307 1966 1402 1996 pere;
1420 1957 1459 1987 de
1478 1965 1542 1995 quo
1558 1955 1638 1985 dicti
1657 1960 1723 1985 tres
1738 1954 1803 1993 ipsi
1821 1954 1960 1985 ecclesie
1981 1953 2090 1983 taliter
2107 1953 2320 1992 providerent
2360 1980 2365 1987 ,

1308 2010 1366 2048 qui
1381 2009 1453 2048 pari
1469 2013 1543 2038 voto
1557 2012 1587 2038 et
1603 2007 1754 2038 unanimi
1770 2007 1939 2037 voluntate
1956 2006 2112 2036 dilectum
2129 2005 2236 2036 filium
2251 2006 2320 2036 fra-

1308 2067 1392 2092 trem
1407 2061 1573 2100 Angelum
1595 2061 1723 2091 ordinis
1743 2060 1993 2090 Predicatorum
2011 2059 2153 2090 electum
2169 2058 2320 2090 Graden-

1309 2124 1396 2150 sem,
1423 2118 1501 2144 tunc
1525 2113 1719 2145 Cretensem
1745 2112 2046 2151 archiepiscopum,
2069 2112 2178 2142 virum
2201 2111 2318 2150 utique

1308 2167 1443 2206 probate
1459 2167 1541 2202 vite,
1559 2166 1822 2197 conversationis
1838 2165 1977 2195 honeste
1993 2169 2024 2195 et
2045 2164 2208 2203 religione
2223 2172 2320 2194 eons-

1307 2220 1443 2259 picuum
1458 2220 1493 2249 in
1509 2223 1674 2258 pastorem
1690 2219 1816 2257 prefate
1835 2218 1974 2249 ecclesie
1985 2217 2208 2256 postularunt.
2220 2217 2320 2256 Prop-

1308 2278 1357 2304 ter
1375 2273 1463 2312 quod
1478 2282 1534 2302 vos
1551 2272 1687 2302 dilectos
1706 2271 1792 2301 filios
1813 2271 1962 2301 Marcum
1983 2275 2014 2300 et
2038 2270 2219 2309 Symonem
2240 2277 2320 2300 con-

1308 2326 1484 2357 canonicos
1497 2329 1765 2364 etprocuratores
1777 2328 1903 2354 vestros
1913 2324 1952 2353 ad
1962 2327 2108 2353 nostram
2117 2322 2322 2362 presentiam

1309 2379 1513 2415 destinastis,
1529 2379 1587 2418 qui
1603 2378 1699 2408 nobis
1715 2377 1973 2416 postulationem
1983 2376 2174 2416 hujusmodi
2187 2383 2320 2414 presen-

1308 2436 1416 2462 tantes
1432 2432 1600 2470 petierunt
1614 2431 1788 2461 humiliter
1804 2434 1840 2460 ut
1856 2430 1950 2460 illam
1965 2430 2138 2460 admittere
2152 2429 2191 2460 de
2206 2428 2320 2467 benig-

1308 2485 1413 2515 nitate
1429 2484 1609 2523 apostolica
1629 2493 1833 2514 curaremus.
1857 2484 1926 2514 Nos
1947 2487 2057 2513 autem
2079 2481 2319 2512 deliberatione

1309 2547 1409 2576 super
1423 2537 1597 2576 premissis
1613 2546 1687 2567 cum
1704 2537 1864 2567 fratribus
1880 2536 2004 2566 nostris
2019 2535 2135 2565 habita
2152 2533 2317 2572 diligenti,

1308 2591 1565 2630 postulationem
1584 2591 1706 2629 ipsam,
1724 2590 1803 2629 quia
1819 2598 1892 2620 eam
1912 2589 2103 2619 invenimus
2123 2587 2162 2618 de
2178 2595 2321 2626 persona

1308 2644 1428 2674 idonea
1448 2643 1652 2673 unanimiter
1668 2642 1882 2677 celebratam,
1905 2642 1944 2672 de
1967 2642 2109 2671 fratrum
2129 2639 2320 2670 eorumdem

1309 2696 1448 2727 consilio
1464 2696 1618 2726 duximus
1635 2695 1883 2730 admittendam,
1902 2694 2111 2725 absolventes
2123 2702 2198 2723 eum
2213 2701 2232 2722 a
2248 2691 2319 2722 vin-

1309 2748 1383 2779 culo
1399 2757 1463 2787 quo
1480 2748 1632 2779 Cretensi
1648 2748 1823 2778 tenebatur
1838 2747 1977 2778 ecclesie
1995 2750 2025 2776 et
2043 2746 2082 2776 ad
2098 2746 2219 2775 dictam
2237 2744 2319 2775 Gra-

1310 2801 1446 2832 densem
1471 2800 1645 2831 ecclesiam
1673 2801 1912 2831 transferentes
1925 2823 1932 2836 ,
1961 2799 2026 2829 sibi
2059 2796 2254 2828 transeundi
2278 2795 2320 2826 ad

1309 2853 1402 2884 illam
1412 2853 1584 2884 licentiam
1595 2853 1781 2888 tribuendo,
1793 2852 1888 2882 firma
1898 2861 1955 2891 spe
1965 2851 2150 2890 fiduciaque
2163 2852 2320 2888 concepta

1310 2907 1397 2946 quod
1417 2916 1475 2937 sue
1494 2906 1666 2944 diligentie
1685 2906 1795 2936 studio
1813 2914 1870 2944 per
1886 2914 1984 2944 quam
2002 2904 2130 2943 prefata
2148 2902 2319 2934 Cretensis

2439 2493 2457 2507 Vt

2489 2580 2498 2596 ..
2478 2536 2498 2559 t.
2474 2314 2498 2519 mnnita-22:
2481 2290 2495 2295 ι
2478 2176 2498 2261 ιγ’-..4
2476 2116 2498 2160 h-
2471 1946 2498 2102 .-naa-..2
2484 1915 2498 1931 ,ι
2493 1877 2498 1898 ..
2476 1843 2498 1854 A»
2493 1802 2498 1815 ..

2494 3040 2498 3049 a
2489 3005 2498 3023 .ι
2480 2859 2498 2986 --“Δ.ι.-
2470 2642 2498 2839 ΙΑ-ᾏΪΑΗ-Αᾌ
2492 2608 2498 2619 -
