2498 3325
264 269 320 297 340

989 260 1227 293 REGISTRES
1250 259 1556 289 D'ALEXANDRE
1582 260 1635 290 lV.

263 334 373 365 collata,
392 331 581 367 praebendam
599 330 721 356 conferri
738 330 832 356 saciat.
855 329 938 361 (Reo.
958 328 1004 359 ⁶24,
1023 328 1042 354 f.
1063 328 1132 358 141',
1150 334 1216 352 ann.
1235 324 1271 355 11,
1312 327 1316 346 ¹
1357 324 1436 350 nerio
1455 324 1614 351 Bellindoto
1633 326 1784 352 mercatori
1807 324 1970 352 Florentino
1991 326 2100 358 datam,
2118 325 2363 360 procurationem-

263 390 288 407 c.
310 381 373 411 tt3;
394 380 572 412 Roossnsno,
590 382 609 404 t.
627 377 685 410 111,
704 383 734 403 11⁰
750 377 823 409 4⁴28.)

307 496 317 505 ιι
344 503 376 515 ..,
396 480 615 509 archidiacono
636 479 801 507 th'au'ensi.
825 478 891 507 Sua
917 477 1011 507 nohis
1035 476 1202 506 Get-ardus
1223 493 1271 504 —.

264 535 337 563 Dat.
359 532 522 565 Laterani,
544 532 575 561 II
592 531 666 560 idus
684 530 860 564 februarii,
879 538 966 559 anuo
982 529 1136 559 secundo.
1159 542 1170 554 »

338 702 452 731 ¹¹38

302 767 396 800 Petro,
409 767 546 800 episcopo
566 765 771 799 Magatonensi,
785 764 917 791 concedit
929 764 1091 791 facultatem
1106 764 1274 791 absolvendi

264 824 315 850 pro
333 815 454 841 violenta
471 814 626 848 injectione
651 821 787 839 manuum
804 813 952 839 scholares
967 813 1000 838 ad
1022 812 1147 839 Montem
1167 812 1273 839 Pessu—

265 864 361 890 lanum
379 862 540 889 studentes.
555 861 638 894 (Rau.
656 861 700 893 ⁴24,
717 861 734 887 f.
751 861 823 894 1⁴¹tl‘'v
839 869 905 888 ann.
921 860 957 893 ΙΙ,
973 869 999 887 c.
1019 861 1091 893 114.)

838 700 954 730 Lau-an,
970 702 985 727 8
1002 701 1106 726 tevi-ier
1125 699 1201 727 ¹256.

308 977 319 990 «
343 965 438 998 Petro,
461 965 594 1001 episcopo
619 963 837 1000 Mwalonensi.
861 961 1110 1000 Quere[n]tibus
1138 962 1173 991 in
1197 971 1275 1000 agro

266 1016 433 1047 scolastici
455 1015 557 1045 studii
580 1015 719 1044 scientie
743 1014 956 1052 margaritam
980 1015 1097 1045 merito
1118 1015 1275 1053 apostoli-

266 1076 324 1097 cus
341 1068 434 1097 favor
449 1067 664 1105 impenditur,
685 1075 776 1101 cum,
795 1076 852 1104 per
872 1067 1059 1105 sapientum
1076 1067 1275 1105 sapientiam

266 1120 454 1158 ignorantie
477 1119 614 1158 depulsa
634 1119 793 1157 caligine,
817 1120 913 1149 decor
935 1120 1050 1149 domus
1069 1120 1202 1149 Domini
1221 1129 1275 1150 co-

266 1173 393 1211 piosius
424 1176 594 1210 augeatur.
628 1172 731 1207 Sane,
762 1172 847 1201 sicut
873 1172 969 1201 nobis
1000 1176 1056 1201 tua
1083 1173 1274 1202 fraternitas

266 1225 439 1254 insinuare
455 1224 594 1259 curavit,
608 1233 682 1254 cum
694 1224 734 1254 ad
747 1225 891 1254 Mentem
906 1224 1119 1260 Pesulanum,
1135 1225 1277 1262 Magalo-

266 1277 381 1307 nensis
395 1276 548 1310 diocesis,
566 1285 665 1305 causa
679 1276 818 1313 predicti
837 1276 939 1305 studii
956 1276 1043 1314 quod
1060 1276 1107 1305 ibi
1121 1276 1276 1314 sollemp-

267 1329 354 1358 niter
370 1328 508 1365 regitur,
527 1328 567 1357 ad
583 1328 760 1358 auriendas
778 1328 941 1366 sapientie
955 1337 1058 1366 aquas
1075 1328 1113 1358 de
1127 1329 1275 1358 fontibus

266 1381 442 1419 discipline
464 1380 642 1410 scolarium
665 1381 797 1418 copiosa
818 1381 961 1411 confluat
984 1381 1172 1417 multitudo,
1198 1391 1276 1412 con-

266 1433 365 1469 tingit
380 1433 547 1462 interdum
564 1433 651 1471 quod
667 1442 781 1463 eorum
793 1433 897 1472 aliqui
910 1443 967 1472 per
980 1434 1160 1464 violentam
1175 1435 1275 1474 injec-

267 1485 390 1514 tionem
405 1494 563 1514 manuum
577 1485 612 1514 in
625 1485 761 1523 seipsos
777 1486 812 1514 in
830 1486 1029 1516 sententian]
1039 1487 1192 1517 incidunt
1203 1496 1276 1517 con-

267 1543 316 1567 tra
336 1537 417 1567 tales
431 1547 449 1567 a
465 1546 590 1567 canone
607 1538 859 1576 promulgatam,
879 1543 909 1569 et
922 1548 958 1569 ex
974 1540 1022 1569 eis
1034 1539 1139 1578 aliqui
1152 1540 1276 1571 divinis

267 1600 301 1620 se
323 1590 512 1620 immiscent
532 1590 650 1620 officiis
676 1590 722 1620 sic
743 1591 848 1629 ligati,
873 1601 971 1629 super
992 1601 1067 1630 quo,
1092 1601 1132 1622 ne
1152 1593 1277 1623 eisdem

267 1642 451 1672 scolaribus
474 1643 643 1681 inceptum
666 1643 841 1674 deserendi
862 1644 1010 1674 studium
1034 1646 1174 1675 materia
1198 1646 1277 1676 sub-

269 1695 430 1730 trahatur,
455 1695 587 1725 salubre
613 1695 765 1726 adhiberi
790 1697 973 1727 remedium
996 1698 1184 1736 postulasti.
1209 1699 1277 1729 Nos

269 1748 393 1786 itaque,
413 1748 479 1778 tuis
505 1748 785 1786 postulationibus
804 1749 983 1787 benignius
1004 1756 1201 1786 annuentes,
1220 1752 1278 1782 ab·

267 1799 417 1829 solvendi
439 1799 583 1829 scolares
604 1801 694 1838 ipsos
713 1801 752 1830 ab
771 1803 1124 1833 excommunicationis
1143 1808 1278 1834 senten-

268 1851 313 1881 tia
333 1861 431 1890 qnam
448 1862 505 1895 pro
522 1852 701 1892 injectione
717 1853 909 1892 hujusmodi
924 1855 1138 1886 incurrerunt
1157 1857 1208 1887 vel
1225 1857 1277 1886 in-

268 1908 402 1934 current
418 1905 452 1933 in
465 1910 633 1942 posterum
645 1906 738 1944 juxta
752 1907 893 1936 formam
906 1907 1053 1938 Ecclesie
1069 1909 1139 1939 vice
1152 1913 1275 1945 nostra,

269 1956 335 1986 nisi
352 1957 464 1986 forsan
482 1957 562 1987 adeo
579 1958 689 1995 gravis
706 1959 808 1988 fuerit
824 1964 854 1989 et
869 1960 1014 1990 enormis
1026 1970 1180 1991 excessus
1192 1962 1279 2000 quod

268 2009 385 2038 merito
399 2018 456 2046 pro
469 2009 688 2040 absolutionis
704 2010 866 2041 beneficio
880 2012 919 2041 ad
931 2012 1048 2042 Sedem
1065 2013 1278 2051 apostolicam

267 2061 332 2090 sint
351 2061 515 2097 mittendi,
532 2071 567 2091 ac
585 2062 685 2092 etiam
699 2063 914 2102 dispensandi
931 2065 1085 2096 cumillis
1102 2075 1139 2096 ex
1156 2066 1204 2096 eis
1221 2067 1278 2105 qui

268 2113 380 2143 clerici
408 2114 533 2144 fuerint
558 2124 656 2153 super
681 2115 939 2153 irregularitatis
959 2118 1100 2153 macula,
1125 2119 1154 2148 si
1179 2128 1279 2158 quam

268 2166 485 2195 immiscendo
504 2176 538 2197 se
555 2167 679 2197 divinis
696 2177 761 2197 non
781 2172 891 2199 tamen
914 2169 948 2199 in
968 2175 1192 2209 contemptum
1211 2171 1279 2201 cla-

267 2218 358 2247 vium
376 2218 595 2249 absolutionis
612 2229 677 2250 non
689 2220 822 2250 obtento
836 2221 997 2252 beneficio
1012 2223 1154 2253 forsitan
1170 2224 1278 2253 incur-

267 2275 383 2300 rerunt
406 2271 457 2301 vel
478 2271 650 2302 incurrent
674 2273 773 2303 etiam
792 2274 826 2303 in
851 2275 1012 2311 futurum,
1031 2281 1061 2306 et
1080 2276 1279 2315 injungendi

268 2323 317 2352 eis
335 2323 422 2362 quod
437 2323 563 2362 dejure
581 2324 682 2354 fuerit
702 2325 944 2364 injungendum
962 2332 993 2357 et
1009 2328 1140 2367 injungi
1156 2329 1279 2359 talibus

269 2376 455 2407 consuevit,
473 2376 605 2414 plenam
623 2377 681 2406 tibi
698 2379 910 2409 concedimus
929 2380 1124 2411 auctoritate
1142 2390 1279 2420 presen-

268 2428 353 2457 tium
369 2428 571 2458 facultatem.
592 2430 808 2461 Presentibus
824 2435 897 2469 post
920 2432 1104 2462 triennium
1120 2437 1181 2463 etc.
1203 2434 1276 2464 Dat.

271 2480 436 2515 Laterani,
455 2481 501 2510 VI
520 2481 595 2511 idus
611 2482 784 2518 februarii,
801 2492 888 2513 anno
903 2485 1058 2515 secundo.
1077 2499 1088 2511 »

343 2652 363 2679 ¹
375 2651 459 2678 139
846 2654 959 2688 Lati-an,
976 2655 991 2682 9
1007 2655 1110 2682 [ἀνι-161·
1130 2656 1205 2683 1256.

306 2712 475 2740 Cessionem
492 2714 526 2740 ad
550 2714 659 2740 firmam
681 2723 730 2748 pro
747 2720 862 2742 centum
880 2720 908 2743 et
923 2717 1025 2751 viginti
1043 2718 1146 2744 marcis
1162 2719 1280 2746 sterlin-

270 2770 372 2794 gorum
390 2762 530 2788 ecclesiae
546 2762 580 2788 de
599 2762 723 2796 Hugate,
741 2763 932 2791 Eboraceusis
947 2764 1083 2799 diocesis,
1105 2768 1280 2795 monasterio

270 2818 294 2835 s.
314 2809 418 2835 Mariae
434 2809 627 2837 Eboracensis
644 2810 747 2837 factam
763 2811 798 2837 ab
814 2811 934 2839 Alberto
948 2813 1057 2840 Archili
1075 2819 1184 2841 rectore
1199 2817 1279 2849 ejus-

270 2857 333 2883 dem
356 2858 511 2890 ccclesiae,
529 2858 694 2890 confirmat,
712 2859 865 2885 inserendo
888 2861 1112 2888 instrumentum
1137 2864 1280 2891 cessionis

271 2904 303 2929 ad
322 2905 441 2936 firmam,
461 2907 688 2940 procurationem
707 2907 862 2941 recipiendi
879 2909 912 2934 ab
930 2909 1031 2935 abbate
1046 2918 1070 2936 s.
1085 2910 1190 2937 Mariae
1202 2911 1280 2947 Ray-

1355 380 1411 407 que
1432 373 1552 399 cedendi
1569 372 1674 399 Vetulo
1698 374 1865 408 presbytero
1890 382 1914 400 s.
1935 374 2080 400 Ambrosii
2099 374 2263 401 Parmensis
2276 374 2364 401 colla-

1355 424 1423 454 tam,
1436 421 1638 455 licentiamque
1651 421 1810 448 innocentii
1823 421 1861 447 lV
1877 430 1975 456 papae.
1988 421 2070 453 (Rea.
2084 422 2128 451 2¹¹1.
2142 423 2160 448 Ιῖ
2177 422 2362 454 142,ann.11,

1354 478 1379 496 c.
1398 470 1470 501 115.)

1399 583 1411 596 u
1438 571 1555 599 Atberto
1581 571 1712 605 Archili,
1739 571 1896 608 capellano
1918 576 2030 603 nostro,
2054 573 2164 600 rectori
2190 573 2308 601 ecclesie
2330 572 2364 601 cle

1355 624 1482 660 Hvyate,
1508 624 1702 651 Eboracensis
1725 623 1859 652 diocesis.
1883 622 2037 652 Exhibita
2059 623 2153 653 nohis
2173 628 2228 653 tua
2249 624 2364 662 petitio

1356 675 1558 706 continebat.
1576 675 1673 713 quod,
1688 684 1762 705 rum
1779 699 1811 710 ..‚
1830 675 1942 709 abbas,
1958 680 1989 706 et
2005 680 2186 706 conventus
2202 680 2364 706 monaste-

1356 728 1398 757 rii
1417 732 1529 757 sancte
1547 728 1651 758 Mario
1668 728 1898 760 Ehoracensis,
1916 728 2043 758 ordinis
2057 729 2163 758 sancti
2180 729 2363 765 Benedicti,

1357 781 1397 811 ad
1413 781 1639 819 recipiendum
1657 781 1831 811 ecclesiam
1851 785 1940 811 tuam
1956 781 1994 811 de
2014 782 2159 819 Hugate,
2179 782 2365 813 Eboracen-

1357 834 1404 863 sis
1427 834 1586 867 diocesis,
1612 834 1650 863 ad
1676 834 1803 863 firmam
1827 843 1884 872 pro
1907 838 1995 864 certa
2016 834 2155 872 pecunie
2181 834 2366 874 quantitate

1357 887 1418 916 tibi
1444 887 1478 916 in
1504 887 1588 916 sesto
1618 887 1705 916 beati
1733 887 1898 917 Johannis
1925 887 2073 925 Baptiste
2099 887 2196 917 annis
2222 887 2366 925 singulis

1356 939 1589 978 persolvenda,
1607 939 1814 977 Raynerium
1838 939 2034 972 Bellindoti,
2058 944 2274 970 mercatorem
2292 939 2367 970 Flo-

1358 992 1539 1027 rentinum,
1557 996 1802 1030 procuratorem
1820 991 2053 1021 constituerint
2073 991 2261 1030 specialem,
2279 991 2367 1022 idem

1359 1046 1398 1075 R.
1419 1045 1539 1074 dictam
1560 1044 1733 1074 ecclesiam
1756 1053 1773 1073 a
1794 1044 1928 1078 Vetulo,
1951 1044 2156 1083 presbytero,
2175 1048 2301 1074 rectore
2313 1053 2368 1074 ec-

1358 1098 1458 1128 clesie
1473 1098 1579 1127 sancti
1597 1098 1763 1127 Ambrosii
1783 1098 1990 1132 Parmensis,
2014 1102 2225 1135 procuratore
2242 1101 2309 1132 tuo,
2327 1096 2367 1126 ad

1356 1154 1548 1189 perpetuam
1566 1150 1694 1179 firmam
1712 1150 1845 1180 nomine
1862 1150 2023 1179 dictorum
2041 1149 2170 1179 abbatis
2182 1153 2368 1179 eteonven-

1358 1207 1411 1232 tus
1423 1211 1480 1240 pro
1497 1207 1628 1232 centum
1646 1207 1675 1231 et
1694 1202 1810 1239 viginti
1825 1202 1972 1240 quinque
1989 1202 2109 1232 marcis
2125 1201 2369 1239 Sterlingorum

1358 1254 1419 1285 tibi
1450 1254 1622 1284 annuatim
1651 1254 1818 1284 solvendis
1847 1254 1909 1283 sub
1935 1255 2035 1284 certis
2062 1254 2310 1284 conditionibus
2337 1258 2369 1284 et

1357 1307 1453 1346 penis
1478 1307 1621 1344 recepit,
1654 1310 1750 1344 prout
1778 1307 1813 1335 in
1841 1307 2064 1336 instrumento
2092 1306 2223 1345 publico
2251 1305 2368 1336 exinde

1359 1360 1508 1389 consecto
1530 1358 1660 1396 plenius
1677 1359 1876 1396 continetur.
1897 1359 1965 1388 Nos
1988 1358 2100 1395 igitur,
2118 1358 2185 1388 tuis
2202 1357 2368 1397 supplica-

1358 1412 1506 1442 tionibus
1519 1411 1684 1446 inclinati,
1701 1411 1740 1440 ad
1751 1411 1858 1440 instar
1872 1410 1979 1441 felicis
1991 1411 2229 1441 recordationis
2246 1412 2272 1441 1.
2284 1419 2366 1450 pape

1357 1465 1602 1504 predecessoris
1619 1464 1735 1498 nostri,
1756 1464 1843 1502 quod
1859 1464 1892 1493 in
1910 1464 1970 1493 hac
1988 1468 2080 1502 parte
2096 1464 2219 1494 factum
2236 1468 2296 1500 est,
2313 1472 2367 1494 ra-

1358 1522 1427 1548 tum
1451 1521 1481 1547 et
1505 1521 1633 1555 gratum
1656 1516 1834 1552 habentes,
1860 1525 1896 1546 ac
1919 1516 2110 1555 supplentes
2133 1516 2314 1551 desectum,
2338 1516 2367 1546 si

1359 1571 1435 1610 quis
1452 1575 1501 1600 est
1517 1570 1552 1599 in
1573 1570 1765 1608 hujusmodi
1788 1574 1958 1599 contractu
1979 1570 2065 1599 circa
2088 1569 2368 1608 sollempnitatem

1355 1623 1460 1662 juris.
1479 1623 1517 1653 de
1535 1622 1742 1661 plenitudine
1758 1622 1931 1660 potestatis
1950 1622 2033 1652 illud
2056 1623 2251 1653 auctoritate
2273 1631 2369 1661 apos-

1358 1676 1457 1706 tolica
1471 1675 1705 1705 confirmamus
1718 1679 1779 1705 etc.
1795 1684 1900 1713 usque
1917 1685 1922 1704 :
1937 1675 2193 1705 communimus.
2207 1676 2367 1706 Tenorem

1359 1729 1438 1758 dicti
1462 1728 1676 1758 instrumenti
1698 1728 1910 1766 presentibus
1931 1728 1969 1757 de
1986 1728 2086 1757 verbo
2105 1728 2145 1758 ad
2162 1727 2300 1758 verbum
2315 1727 2368 1757 in-

1359 1782 1425 1812 seri
1442 1781 1614 1815 facientes,
1632 1780 1689 1819 qui
1707 1780 1782 1810 talis
1800 1784 1849 1810 est
1867 1791 1872 1809 :

2045 1846 2078 1873 ‘2⁵2
2095 1846 2201 1873 sevi-ier
2219 1845 2294 1873 1253.

1402 1920 1414 1934 α
1445 1909 1483 1938 In
1509 1907 1643 1938 nomine
1672 1907 1807 1937 Domini
1833 1907 1937 1937 nostri
1969 1907 2074 1938 Jhesu
2102 1907 2229 1938 Christi
2259 1916 2366 1938 amen.

1362 1973 1375 1988 n
1400 1962 1496 1991 Anno
1506 1961 1700 1991 Nativitatis
1711 1961 1859 2000 ejusdem
1871 1960 2088 1996 M⁰CC⁰LIII⁰,
2101 1961 2282 1991 indictione
2293 1961 2367 1996 X1·,

1363 2026 1375 2041 ι,
1401 2015 1526 2044 mensis
1556 2013 1717 2044 februarii
1747 2013 1799 2043 die
1833 2013 1962 2048 xxiia,
2001 2013 2213 2051 pontificatus
2243 2013 2371 2043 domini

1363 2077 1375 2091 n
1400 2064 1588 2094 Innocentii
1608 2072 1690 2102 pape
1708 2064 1774 2093 IIII
1798 2072 1884 2092 anno
1905 2063 1945 2093 X.
1973 2064 2011 2093 In
2032 2063 2203 2101 presentia
2218 2063 2284 2093 mei
2302 2063 2370 2093 No-

1363 2130 1375 2144 »
1401 2117 1495 2148 elerii
1528 2117 1697 2146 scriniarii
1731 2121 1761 2146 et
1787 2116 1923 2146 testium
1947 2116 2210 2154 subscriptorum
2238 2116 2279 2146 ad
2308 2115 2371 2146 hoc

1363 2183 1376 2198 ι)
1401 2169 1590 2209 specialiter
1607 2173 1795 2199 vocatorum
1812 2172 1843 2198 et
1861 2172 2067 2205 rogatorum,
2086 2168 2277 2207 Raynerius
2293 2168 2372 2199 Bel-

1364 2236 1376 2251 »
1401 2223 1537 2258 lindote,
1565 2222 1647 2252 civis
1670 2221 1900 2256 Florentinus,
1925 2224 2118 2259 procurator
2138 2220 2372 2259 religiosorum

1362 2289 1376 2304 n
1402 2276 1550 2306 virorum
1575 2298 1609 2311 ..,
1635 2274 1765 2304 abbatis
1792 2277 1823 2303 et
1848 2277 2029 2303 conventus
2057 2274 2252 2304 monasterii
2276 2274 2371 2304 beate

1364 2343 1376 2357 n
1402 2329 1507 2360 Mai-ie
1530 2327 1766 2362 Eboracensis,
1789 2326 1916 2356 habens
1936 2325 2130 2355 mandatum
2152 2334 2171 2355 a
2193 2326 2290 2356 dictis
2312 2325 2371 2356 ab·

1363 2395 1376 2410 »
1401 2383 1476 2413 bate
1494 2385 1525 2412 et
1543 2383 1706 2411 conventu
1723 2379 1906 2418 recipiendi
1927 2379 1967 2408 ad
1988 2379 2116 2408 firmam
2139 2378 2314 2410 ecclesiam
2331 2379 2370 2409 de

1363 2448 1376 2462 »
1400 2436 1542 2473 Hugate‚
1561 2432 1780 2463 Eboracensis
1796 2432 1954 2467 diocesis,
1975 2440 1993 2461 a
2009 2431 2141 2461 domino
2156 2431 2291 2462 Alberto
2307 2432 2370 2462 Ar-

1364 2500 1376 2514 »
1401 2487 1493 2522 chili,
1510 2490 1636 2516 rectore
1653 2485 1760 2523 ipsius
1776 2484 1926 2519 ecclesie,
1945 2488 2062 2522 nepote
2079 2483 2204 2514 domini
2221 2493 2314 2523 pape,
2330 2484 2371 2514 ad

1363 2554 1376 2568 »
1401 2543 1597 2579 perpetuum
1619 2538 1697 2567 dicti
1714 2537 1842 2567 Alberti
1859 2545 1916 2574 pro
1934 2541 2068 2566 centum
2084 2541 2114 2566 et
2133 2536 2253 2575 viginti
2270 2536 2370 2576 quin-

1363 2605 1376 2620 »
1402 2602 1466 2632 que
1484 2591 1604 2622 marcis
1621 2591 1783 2620 bonorum
1799 2598 1959 2619 novorum
1975 2593 2006 2618 et
2018 2588 2176 2626 legalium
2190 2588 2369 2628 Sterlingo-

1364 2659 1376 2673 i)
1401 2654 1492 2680 rum,
1532 2643 1689 2674 tredecim
1726 2642 1842 2673 solidis
1872 2646 1903 2672 et
1932 2646 2073 2680 quatuor
2105 2641 2282 2679 Sterlingis
2310 2650 2369 2680 pro

1364 2712 1376 2726 n
1401 2707 1512 2728 marca
1535 2696 1683 2736 qualibet
1706 2695 1953 2734 computandis,
1976 2699 2071 2733 prout
2091 2694 2125 2724 in
2148 2694 2270 2724 litteris
2292 2695 2369 2725 inde

1364 2764 1376 2778 »
1402 2750 1562 2780 confectis
1579 2748 1690 2786 sigillo
1707 2748 1868 2777 dictorum
1886 2747 2015 2777 abbatis
2029 2751 2059 2777 et
2076 2750 2257 2776 conventus
2274 2746 2369 2785 sigil-

1364 2816 1376 2830 »
1402 2803 1479 2833 latis
1495 2802 1627 2841 plenius
1648 2801 1847 2835 continetur,
1871 2808 2011 2838 quarum
2035 2803 2128 2829 tenor
2150 2799 2293 2829 inferius
2310 2807 2369 2838 po-

1365 2870 1376 2882 »
1403 2860 1499 2886 netur
1514 2865 1520 2884 z
1539 2855 1614 2884 data
1630 2854 1730 2884 etiam
1744 2853 1808 2891 ipsi
1822 2852 1992 2890 Raynerio
2005 2851 2210 2890 procuratori
2224 2850 2323 2889 plena
2337 2854 2369 2881 et

1364 2921 1377 2935 i)
1402 2908 1507 2938 libera
1528 2911 1688 2946 potestate
1707 2914 1764 2944 per
1782 2904 2031 2935 sanctissimum
2053 2907 2179 2942 patrem
2198 2903 2369 2934 dominum
