2498 3325
961 210 1185 248 PREMIERE
1206 211 1367 248 ANNEE.

187 285 271 313 951

151 346 275 378 Jacobo,
292 346 468 380 patriarchae
483 346 742 381 Jcrosotymitano,
759 346 903 381 indulget,
920 350 950 373 ut
964 352 1043 373 extra
1059 355 1123 380 reg-

117 403 184 422 num
194 394 469 429 «ierosolymitanum
481 395 508 421 in
520 395 660 430 judicium
674 396 786 422 evocari
798 404 851 421 non
868 396 968 430 possit.
983 395 1065 428 (Rae.
1077 395 1121 426 24,

115 452 142 470 0.
159 443 230 477 7672,
247 443 266 469 f.
284 443 355 476 113.)

626 284 736 315 Lati-an,
758 285 788 311 1⁵2
805 284 956 311 decembre
974 285 1051 311 1‘255.

158 557 171 571 «
187 545 308 578 Jacobo,
326 546 506 582 patriarche
522 546 784 581 ι1610εοί1111ι’[αηο,
804 547 963 583 (apostolice
981 546 1064 575 Sedis
1081 546 1123 574 le-

115 602 194 636 ῃαιο.
210 597 427 634 Exigentibus
444 601 497 627 tue
513 598 698 627 devotionis
714 616 761 626 —.
779 598 865 628 Hinc
882 602 931 628 est
947 598 1033 636 quod
1050 607 1120 633 nos,

116 649 183 680 tuis
197 649 324 679 devotis
341 649 642 688 supplicationibus
660 650 829 685 inclinati,
848 651 1043 680 auctoritate
1062 650 1122 679 tibi

115 702 321 741 presentium
334 702 558 740 indulgemus,
573 707 609 732 ut
624 712 682 741 per
697 702 825 732 litteras
838 703 1015 741 apostolice
1028 702 1122 733 Sedis

116 754 168 785 vel
182 754 367 792 legatorum
382 754 488 793 ipsius
505 759 594 784 extra
611 764 751 792 regnum
764 755 1073 786 Jerosolimitanum
1087 755 1121 783 in

112 807 275 847 judicium
292 807 422 837 evocari
442 816 507 837 non
527 808 651 845 possis,
669 808 793 847 absque
815 808 950 846 speciali
968 808 1121 837 mandato

116 861 210 891 Sedis
224 860 371 899 ejusdem
388 861 532 890 faciente
546 860 677 899 plenam
691 865 721 891 et
736 870 925 899 expressam
937 861 975 891 de
992 861 1121 891 indulto

114 913 305 952 hujusmodi
334 913 549 943 mentionem.
581 913 798 943 Presentihus
820 918 893 952 post
919 913 1117 950 triennium,

112 969 286 1004 postquam
303 965 343 995 ad
360 970 470 1004 partes
486 966 561 996 illas
576 966 780 1004 perveneris,
798 966 936 996 minime
952 966 1118 996 valituris.

112 1018 206 1049 Nulli
222 1022 282 1048 etc.
296 1022 407 1048 nostre
419 1019 644 1049 concessionis
657 1022 718 1049 etc.
732 1020 805 1048 Dat.
818 1019 985 1055 Laterani,
999 1019 1032 1048 ΙΙ
1044 1019 1119 1049 idus

112 1071 307 1107 decembris,
329 1080 414 1102 anno
430 1072 548 1110 primo.
569 1084 581 1098 1>

181 1264 273 1292 952

151 1325 267 1359 [Eidem]
280 1325 413 1351 concedit
425 1325 587 1352 facultatem
600 1326 748 1352 ordinandi
760 1327 899 1353 ecclesias
912 1327 1120 1361 patriarchatus

112 1375 254 1408 suijuxta
269 1374 420 1401 facultates
436 1383 544 1401 earum.
563 1374 645 1407 (Rea.
663 1375 705 1406 24,
724 1383 750 1403 c.
769 1375 843 1410 767³,
860 1376 876 1402 f.
897 1376 968 1408 113.)

618 1264 732 1295 Lati-an.
752 1266 781 1291 11
799 1265 951 1291 decembre
968 1265 1047 1292 1255.

155 1489 168 1503 «
188 1476 329 1515 [Eidem]
345 1476 466 1506 Petitio
482 1480 537 1505 tua
552 1477 647 1506 nohis
661 1476 809 1506 exhibita
819 1477 1020 1512 continebat,
1035 1478 1122 1516 quod

115 1534 181 1559 tam
198 1529 233 1558 in
250 1528 497 1559 cathedralibus
509 1538 607 1568 quam
622 1529 698 1559 aliis
713 1529 863 1559 ecclesiis
876 1530 1120 1568 patriarchatus

115 1582 163 1612 tui
175 1586 223 1612 est
235 1585 413 1611 consuetus
426 1582 625 1611 servitorum
640 1591 798 1612 numerus
812 1583 1007 1619 diminutus,
1020 1593 1121 1622 quan-

115 1644 213 1673 quam
225 1643 330 1673 usque
343 1635 423 1664 adeo
436 1635 610 1665 facultates
623 1644 688 1665 non
697 1635 903 1666 decreverint
913 1637 1118 1672 earumdem;

113 1692 246 1725 propter
261 1687 348 1726 quod
365 1687 502 1717 ecclesie
516 1687 586 1725 ipse
601 1688 771 1726 obsequiis
788 1689 908 1718 debitis
925 1689 1121 1719 defraudan-

114 1736 178 1770 tur.
202 1741 310 1777 Quare
334 1741 429 1770 nobis
450 1740 623 1771 humiliter
644 1741 852 1779 supplicasti,
877 1746 911 1771 ut
937 1751 1035 1780 super
1059 1743 1120 1773 hoc

112 1793 284 1832 providere
310 1798 447 1831 paterna
477 1793 702 1823 sollicitudine
731 1803 935 1824 curaremus.
959 1795 1120 1825 Get-entes

111 1847 224 1885 itaque
240 1846 279 1875 de
296 1846 592 1883 circumspectione
611 1850 665 1875 tua
681 1846 836 1876 fiduciam
854 1847 1046 1885 pleniorem,
1067 1857 1121 1877 or-

112 1899 250 1928 dinandi
269 1898 427 1928 ecclesias
448 1899 538 1936 ipsas
559 1899 653 1937 juxta
680 1899 854 1930 facultates
878 1910 1006 1935 earum,
1025 1905 1121 1939 prout

111 1951 264 1990 expedire
282 1951 418 1986 videris,
437 1952 465 1981 si
485 1951 535 1980 illi
554 1951 592 1981 ad
609 1961 691 1990 quos
707 1961 822 1981 earum
838 1953 1002 1983 ordinatio
1019 1954 1121 1992 perti-

112 2009 167 2035 net
184 2005 273 2034 insra
290 2013 346 2034 sex
362 2013 493 2034 menses
510 2009 581 2042 post
598 2005 815 2035 monitionem
830 2010 919 2035 tuam
932 2007 966 2035 id
982 2016 1046 2036 non
1064 2016 1121 2037 cu-

111 2057 259 2088 raverint
275 2048 466 2095 adimplere,
487 2058 682 2087 auctoritate
701 2059 906 2096 presentium
927 2060 986 2089 tibi
1004 2069 1122 2090 conce-

111 2111 221 2140 dimus
245 2110 448 2140 facultatem.
473 2110 740 2141 Contradictores
756 2129 804 2140 —.
823 2113 896 2141 Non
918 2113 1071 2143 obstante
1093 2113 1121 2143 si

113 2164 281 2203 aliquibus
299 2181 347 2192 —.
366 2164 438 2193 Dat.
458 2164 627 2199 Laterani,
647 2165 697 2194 ΙΙΙ
719 2165 794 2195 idus
813 2165 1013 2201 decembris,
1035 2175 1121 2196 anno
1141 2188 1143 2191 ι

112 2217 227 2254 primo.
252 2229 264 2242 n

184 2408 272 2436 953

153 2470 379 2504 Archiepiscopo
395 2469 516 2504 Tyrensi
533 2474 561 2496 et
579 2470 716 2506 episcopo
734 2471 849 2498 Lideusi
871 2481 967 2500 curam
983 2474 1123 2500 ecclesiae

114 2518 374 2553 ,ierosolymitanae
398 2519 567 2553 gerentibus
590 2519 713 2551 mandat,
739 2525 770 2547 ut
793 2521 931 2556 redditus,
956 2527 1123 2557 proventus,

115 2567 283 2594 thesaurum
307 2571 335 2593 et
355 2568 429 2594 bona
449 2567 580 2602 ejusdem
600 2568 738 2595 ecclesiae
761 2571 937 2604 patriarchae
958 2571 1122 2598 exhibeant.

116 2615 199 2648 (Rae.
216 2615 260 2647 24,
277 2623 301 2642 0.
321 2616 393 2647 767¹,
413 2616 430 2642 f.
452 2615 522 2648 113.)

624 2408 736 2444 Lati-an,
757 2410 785 2436 11
803 2410 954 2437 decembre
972 2411 1048 2439 1255.

159 2729 171 2743 α
190 2739 222 2751 ..,
241 2717 467 2755 archiepiscopo
486 2718 622 2754 Tyr-ensi,
641 2724 665 2746 cl
680 2741 712 2753 ..,
729 2720 861 2757 episcopo
878 2721 1008 2750 Litlcnsi.
1027 2721 1120 2753 Cum,

117 2769 202 2799 sicut
225 2770 427 2800 venerabilis
446 2771 548 2799 frater
572 2775 683 2800 noster
699 2794 735 2806 ..,
753 2773 942 2810 patriarcha
963 2774 1124 2803 ,111105011-

119 2821 276 2857 mitanus,
295 2822 472 2860 apostolice
492 2822 586 2852 Sedis
604 2822 747 2860 legatus,
767 2824 861 2855 nobis
879 2827 1042 2864 exposuit,
1064 2836 1123 2857 nos

118 2873 241 2903 dudum
259 2874 351 2904 vobis
368 2875 490 2905 nostris
513 2875 665 2905 dedimus
684 2875 803 2906 litteris
826 2877 860 2906 111
883 2879 1063 2915 mandatis,
1089 2883 1124 2909 ut

2154 224 2211 254 287

1206 293 1319 314 curam
1336 285 1474 316 ecclesie
1490 287 1760 317 Jerosolimitane
1778 297 1950 327 quousque
1968 288 2057 318 idem
2073 290 2210 328 patriar-

1206 335 1268 365 cha
1285 336 1364 366 illuc
1388 338 1576 375 perveniret
1596 348 1670 368 011111
1693 339 1867 377 diligentia
1883 342 2078 372 auctoritate
2098 347 2210 373 nostra

1206 393 1369 426 gerentes,
1386 390 1535 420 redditus
1548 400 1585 420 ac
1597 396 1788 430 proventus,
1800 393 1995 423 thesaurum
2006 398 2036 424 et
2049 394 2114 424 alia
2125 395 2211 425 hona

1206 449 1269 478 que
1286 441 1325 470 ad
1341 442 1447 479 ipsam
1465 442 1639 473 ecclesiam
1656 448 1687 474 et
1703 445 1846 474 eundem
1863 446 2086 483 patriarcham
2107 448 2211 485 perti-

1205 501 1283 523 nere
1309 498 1507 530 noscuntur,
1531 505 1596 525 non
1614 497 1812 534 pateremini
1837 497 2047 536 aliquatenus
2070 500 2210 530 alienari

1206 555 1265 576 seu
1281 546 1423 576 distrahi
1440 547 1491 577 vel
1507 548 1668 587 dispergi,
1689 550 1745 579 sed
1765 550 1919 580 faceretis
1943 560 1980 580 ea
2001 553 2110 589 potius
2132 562 2210 583 con-

1205 599 1342 634 servari,
1361 600 1556 630 mandamus
1575 602 1733 640 quatinus
1750 603 1909 638 redditus,
1928 609 2117 641 proventus,
2138 606 2210 636 the-

1205 660 1342 681 saurum
1358 656 1389 682 et
1409 652 1495 682 bona
1518 653 1666 691 predicta
1689 655 1795 684 eidem
1817 655 2004 693 patriarche
2025 657 2075 687 vel
2094 668 2208 696 procu-

1204 704 1306 733 ratori
1337 713 1395 734 5110
1428 705 1535 743 ipsius
1565 706 1699 736 nomine
1728 707 1860 737 faciatis
1889 708 2017 746 integre
2048 710 2208 740 exhiberi.

1204 756 1472 787 Contradictores
1493 761 1554 788 etc.
1572 759 1647 788 Non
1670 759 1820 789 obstante
1838 760 1866 790 si
1885 760 2052 799 aliquibus
2070 780 2117 791 —.
2135 764 2208 792 Dat.

1198 813 1239 842 vut
1255 809 1290 838 in
1309 809 1385 839 alia.
1406 822 1418 836 »

1273 975 1362 1003 954

1237 1036 1363 1069 «Iacobo,
1376 1038 1554 1072 patriarchae
1568 1037 1825 1072 Jerosolymitano,
1844 1038 1991 1074 indulget,
2010 1043 2040 1066 ut
2055 1040 2152 1067 clerici
2168 1042 2212 1076 ip-

1203 1085 1266 1111 sius
1300 1086 1414 1120 possint
1450 1086 1563 1113 fructus
1598 1087 1804 1114 beneficiorum
1841 1087 2015 1123 ubicumque
2052 1090 2210 1124 percipere.

1202 1133 1284 1167 (Rea.
1301 1134 1345 1166 ⁶24,
1363 1143 1388 1161 c.
1406 1134 1478 1166 767⁵,
1497 1135 1516 1160 f.
1535 1135 1605 1168 113.)

1714 976 1827 1011 Latrau,
1848 978 1877 1004 17
1894 977 2045 1004 decembre
2064 978 2139 1005 1255.

1246 1248 1259 1261 «
1276 1236 1397 1271 Jacobo,
1417 1237 1597 1273 patriarche
1616 1238 1878 1272 Jerosolimc'tano,
1896 1239 2055 1276 apostolice
2072 1240 2156 1269 Sedis
2170 1241 2212 1268 le-

1202 1293 1282 1325 yato.
1301 1288 1518 1326 Exigentibus
1536 1292 1596 1319 etc.
1612 1293 1648 1319 ut
1665 1289 1700 1318 in
1717 1290 1818 1319 tercia
1834 1291 1997 1329 superiori
2015 1301 2120 1330 usque
2139 1302 2144 1321 :
2163 1292 2210 1321 in-

1203 1340 1335 1376 clinati,
1368 1342 1562 1371 auctoritate
1593 1342 1651 1371 tibi
1683 1343 1889 1380 presentium
1918 1343 2147 1382 indulgemus,
2175 1349 2211 1374 ut

1204 1393 1318 1423 clerici
1336 1394 1400 1423 tuis
1420 1394 1615 1424 insistentes
1632 1395 1813 1434 obsequiiS,
1831 1396 1959 1433 possint
1973 1397 2100 1427 fructus
2114 1398 2211 1428 bene-

1204 1446 1356 1475 ficiorum
1373 1455 1509 1476 suorum
1524 1447 1737 1486 ubicumque,
1754 1448 1822 1477 sive
1840 1449 1921 1477 citra
1936 1449 2005 1479 sive
2022 1449 2108 1479 ultra
2121 1459 2211 1480 mare

1204 1499 1277 1537 ipsa
1303 1499 1489 1534 obtineant,
1519 1499 1695 1529 cotidianis
1723 1500 2016 1531 distributionibus
2043 1502 2211 1533 dumtaxat

1205 1552 1360 1590 exceptis,
1384 1561 1489 1590 usque
1513 1552 1554 1581 ad
1576 1552 1843 1591 quinquennium
1864 1563 1939 1583 cum
1962 1564 1996 1584 ea
2022 1555 2210 1593 integritate

1204 1604 1385 1642 percipere,
1405 1614 1441 1633 ac
1460 1605 1488 1634 si
1504 1605 1539 1634 in
1558 1605 1708 1635 ecclesiis
1724 1606 1759 1635 in
1779 1606 1900 1644 quibus
1919 1607 2033 1637 eadem
2050 1607 2210 1637 beneficia

1204 1657 1355 1687 obtinent
1381 1657 1602 1695 personaliter
1628 1659 1824 1688 residerent.
1851 1660 1926 1689 Non
1953 1660 2102 1690 obstante
2135 1670 2212 1690 con-

1204 1711 1307 1740 traria
1331 1711 1571 1741 consuetudine
1598 1711 1648 1741 vel
1674 1716 1795 1741 statuto
1824 1712 2040 1742 ecclesiarum
2064 1713 2211 1751 ipsarum

1201 1763 1390 1802 juramento
1404 1763 1456 1792 vel
1473 1772 1680 1802 quacumque
1696 1764 1850 1794 firmitate
1866 1764 1930 1794 alia
1942 1765 2105 1795 roborato.
2120 1766 2213 1795 Nulli

1205 1820 1266 1845 etc.
1285 1820 1396 1846 nostre
1414 1816 1640 1846 concessionis
1657 1821 1718 1846 etc.
1734 1817 1807 1846 Dat.
1826 1817 1993 1853 Laterani,
2008 1819 2086 1848 XVI
2101 1818 2212 1848 kalen-

1204 1868 1262 1898 das
1275 1868 1434 1907 januarii,
1454 1878 1540 1898 anno
1556 1869 1674 1907 primo.
1695 1882 1707 1896 1)

1276 2035 1363 2063 955
1714 2035 1827 2067 Latrau,
1850 2036 1877 2062 12
1895 2036 2045 2062 decembre
2066 2036 2141 2064 1255.

1240 2095 1341 2122 Eidem
1365 2096 1497 2122 coneedit
1521 2097 1684 2124 facultatem
1710 2097 1847 2123 evocandi
1878 2098 1911 2123 ad
1935 2099 2073 2132 obsequia
2100 2100 2215 2133 propria

1205 2145 1326 2172 clericos
1343 2146 1561 2180 patriarchatus.
1579 2146 1660 2179 (Rea.
1677 2146 1721 2179 24,
1739 2155 1764 2173 c.
1783 2146 1855 2180 767⁶,
1872 2147 1890 2173 f.
1912 2147 1982 2180 113.)

1247 2260 1260 2273 «
1283 2247 1398 2275 Eidem.
1416 2246 1610 2276 Devotionis
1627 2250 1680 2276 tue
1697 2247 1852 2284 precibus
1869 2247 2037 2283 inclinati,
2057 2249 2214 2278 evocandi

1206 2299 1360 2339 quotiens
1378 2299 1529 2337 expedire
1547 2299 1670 2329 videris
1688 2300 1728 2329 ud
1746 2300 1905 2339 obsequia
1927 2305 1982 2330 tua
2004 2301 2141 2332 clericos
2157 2312 2215 2340 pa—

1205 2352 1408 2382 triarchatus
1423 2352 1470 2381 tui
1483 2361 1540 2390 pro
1558 2352 1623 2381 tuis
1640 2356 1671 2382 et
1687 2353 1787 2382 Terre
1801 2354 1920 2383 Sancte
1935 2354 2093 2391 negociis,
2112 2355 2213 2393 ipsos-

1207 2414 1269 2444 que
1288 2405 1327 2434 ad
1343 2405 1391 2440 id,
1410 2404 1438 2434 si
1460 2414 1596 2434 necesse
1614 2405 1725 2440 fuerit,
1745 2414 1802 2443 per
1819 2415 1995 2435 censuram
2011 2407 2214 2438 ecclesiasti-

1206 2467 1277 2488 cam
1292 2457 1511 2496 appellatione
1525 2458 1708 2495 postposita
1719 2458 1948 2496 compellendi,
1963 2464 1993 2489 et
2006 2460 2151 2489 faciendi
2165 2461 2213 2490 cis

1206 2510 1341 2540 interim
1358 2511 1486 2539 fructus
1502 2510 1740 2539 beneficiorum
1757 2520 1903 2546 suorum,
1921 2512 2213 2542 distributionilms

1206 2563 1383 2593 cotidianis
1396 2563 1563 2592 dumtaxat
1581 2563 1736 2601 exceptis,
1751 2573 1825 2593 011111
1843 2574 1879 2593 ea
1895 2565 2084 2602 integritate
2102 2566 2215 2594 minis-

1207 2616 1288 2645 trari
1312 2625 1349 2645 ac
1373 2615 1401 2644 si
1424 2615 1645 2653 personaliter
1666 2616 1700 2645 111
1724 2616 1874 2646 ecclesiis
1897 2617 1931 2645 in
1957 2617 2078 2655 quibus
2102 2618 2214 2646 eadem

1206 2668 1369 2699 beneficia
1394 2667 1544 2698 obtinent
1572 2669 1768 2704 residerent,
1794 2678 1921 2699 necnon
1939 2674 1969 2699 ct
1986 2671 2214 2708 compescendi

1207 2721 1466 2751 contradictores
1488 2721 1707 2759 appellatione
1730 2726 1853 2751 remota
1871 2732 1928 2760 per
1944 2732 2118 2752 censuram
2137 2732 2215 2752 ean-

1207 2774 1296 2809 dem,
1318 2773 1514 2803 auctoritate
1534 2774 1741 2811 presfflnium
1764 2774 1822 2803 tihi
1845 2775 2055 2804 concedimus
2076 2775 2215 2804 faculta-

1209 2831 1284 2856 tem.
1310 2826 1383 2855 Non
1407 2825 1558 2856 obstante
1584 2827 1750 2856 contraria
1774 2845 1825 2862 —,
1850 2827 1900 2857 vel
1924 2828 1952 2856 si
1975 2828 2143 2866 aliquibus
2166 2846 2213 2857 —.

1206 2880 1278 2909 Dat.
1298 2878 1464 2913 Laterani,
1481 2879 1513 2908 ΙΙ
1529 2879 1603 2909 idus
1624 2879 1819 2915 decembris,
1837 2889 1923 2909 anuo
1940 2880 2056 2918 primo.
2081 2892 2093 2905 »
