2441 3330
213 199 266 227 122
936 198 1176 229 REGISTRES
1198 198 1504 231 D'ALEXANDRE
1528 202 1583 231 IV.

280 263 372 291 4⁰3

245 324 434 358 Olctavianol,
453 332 477 351 s.
495 324 600 350 Mariae
616 325 644 351 in
663 324 715 351 Via
732 325 787 351 lata
803 325 922 352 diacono
938 325 1085 356 cardinali,
1101 329 1220 360 aposto-

211 374 280 400 licae
297 373 380 399 Sedis
397 373 500 407 legato,
515 373 640 407 mandat,
657 375 794 408 quatinus
805 374 921 400 eosdem
939 374 1110 408 magistrum
1122 378 1150 400 et
1163 374 1219 400 fra-

211 427 272 449 tres
287 422 329 448 vel
347 425 548 456 procuratores
563 430 662 449 corum
678 423 705 449 in
723 423 937 457 possessionem
954 428 1094 449 terrarum
1111 427 1139 449 et
1153 423 1219 449 alia-

212 479 273 497 rum
307 470 527 505 praedictarum,
553 471 657 498 amotis
687 471 790 498 exinde
818 471 996 506 quibuslibet
1020 472 1218 498 detentoribus

211 519 328 553 illicitis,
346 519 463 546 inducat
477 522 506 546 et
521 519 656 546 defendat
672 519 816 548 inductos,
833 520 916 553 (Rae.
930 521 976 554 24,
991 529 1017 547 c.
1034 519 1108 552 333²,
1126 520 1145 548 f.
1162 520 1218 551 49.)

765 262 883 298 NapIes,
902 264 932 290 18
949 264 1052 290 sevi-ier
1072 264 1147 291 1255.

252 632 264 646 «
285 620 328 651 0.,
346 625 448 650 sancte
463 622 558 650 Mario
573 622 607 650 'in
627 622 678 650 Via
692 622 755 650 laea
770 622 898 651 diacono
914 622 1082 658 cardinali,
1099 629 1217 661 aposto-

210 674 264 702 lice
282 673 366 701 Sedis
382 674 487 710 legato.
506 673 604 703 Lecta
620 682 730 703 coram
746 673 842 704 nobis
861 691 910 703 ——.
927 675 1001 704 Dat.
1019 680 1054 705 ut
1070 684 1181 714 supra.
1201 688 1214 703 ι)

277 843 366 871 404

242 904 358 931 Eisdem
374 906 512 939 magistro
528 909 556 932 et
567 906 713 937 fratribus.
726 915 848 940 quorum
861 907 1000 942 hospitale
1011 908 1045 934 ad
1057 912 1214 936 extremam

209 954 267 980 fere
279 956 473 988 paupertatem
489 962 658 988 guerrarum
674 954 840 981 discrimine
857 959 901 982 est
914 956 1071 991 redactum,
1083 957 1216 984 concedit

209 1005 239 1028 ut
255 1002 406 1028 ecclesiam
423 1002 458 1028 de
475 1001 575 1037 Galby,
593 1002 804 1031 Lincolniensis
819 1003 955 1037 diocesis,
974 1005 1097 1040 propriis
1114 1006 1216 1033 usibus

206 1051 354 1085 deputent.
374 1050 455 1081 (Rau.
471 1050 516 1081 24,
533 1059 559 1077 c.
578 1051 648 1083 333³,
668 1052 685 1078 f.
703 1051 758 1084 49.)

787 843 902 879 Names,
923 845 950 871 ll
971 853 1047 872 mars
1066 846 1143 874 1955.

248 1163 261 1177 «
280 1174 311 1186 ..,
330 1153 478 1188 viayz‘stro
494 1157 519 1180 et
534 1153 686 1188 fratribus
702 1158 735 1181 ut
751 1162 857 1191 supra.
877 1154 1009 1185 Intenta
1024 1155 1214 1186 misericor-

206 1203 258 1232 die
274 1204 393 1233 studiis
408 1204 585 1241 apostolice
602 1205 824 1242 preminentia
842 1206 1014 1243 dignitatis
1031 1207 1092 1237 sub
1108 1209 1214 1238 conti-

206 1265 272 1285 nua
288 1255 381 1285 vobis
399 1256 575 1286 afflictione
593 1257 803 1294 gementibus
823 1258 917 1288 debet
937 1259 985 1288 sic
1004 1259 1119 1290 adesse
1138 1270 1214 1298 pro-

204 1308 303 1346 pitia‚
343 1308 429 1346 quod
466 1309 704 1339 miserabiliter
734 1314 843 1340 vestra
872 1311 1022 1342 condicio
1053 1322 1214 1350 penarum

205 1369 340 1390 suarum
359 1361 527 1398 percipere
546 1361 685 1399 gaudeat
708 1362 819 1401 aliqua
835 1363 1029 1393 lenimenta.
1051 1364 1134 1395 Cum
1150 1365 1213 1395 ita-

205 1421 267 1451 que
282 1413 445 1451 hospitale
455 1418 612 1449 vestrum,
626 1415 661 1444 in
672 1424 748 1454 quo,
762 1415 847 1449 sicut
857 1417 1019 1452 asseritis,
1031 1422 1213 1449 conventus

205 1465 382 1500 nobilium,
408 1470 620 1496 strenuorum
643 1467 787 1497 militum
809 1473 840 1498 et
862 1468 1003 1499 aliorum
1026 1473 1093 1499 tam
1115 1480 1213 1501 sano—

204 1527 276 1547 rum
295 1528 392 1556 quam
409 1518 615 1556 leprosorum
630 1529 688 1558 pro
703 1521 931 1558 expugnandis
942 1522 1090 1553 inimicis
1106 1523 1213 1554 chris-

205 1570 288 1599 tiani
307 1571 452 1600 nominis
472 1580 604 1601 manere
622 1572 763 1607 solebat,
783 1573 822 1602 ad
845 1577 1025 1604 extremam
1040 1576 1109 1605 fere
1132 1585 1213 1614 pau-

203 1627 363 1661 pertatem
381 1633 575 1661 guerrarum
596 1624 790 1656 discrimine
812 1626 855 1656 sit
877 1627 1061 1663 redactum,
1081 1637 1213 1666 posses-

203 1676 355 1705 sionibus
370 1677 490 1706 vestris
504 1686 561 1715 pro
575 1686 693 1715 magna
707 1683 797 1716 parte
810 1688 828 1708 a
840 1680 977 1717 paganis
990 1685 1020 1710 et
1034 1680 1213 1712 hostilibus

203 1729 341 1759 ecclesie
359 1731 542 1768 occupatis,
561 1731 607 1760 ita
628 1732 714 1770 quod
731 1732 843 1770 inopia
866 1737 975 1762 vestra
996 1734 1048 1763 vix
1071 1735 1213 1765 relevari

204 1781 308 1811 valeat
326 1782 391 1811 nisi
410 1782 501 1811 vobis
518 1783 556 1812 de
573 1783 749 1814 clementia
769 1785 864 1815 Sedis
881 1787 1058 1824 apostolice
1078 1796 1213 1818 succur-

202 1838 309 1869 ratur,
331 1844 389 1864 nos
411 1835 530 1865 vestris
551 1836 616 1874 piis
637 1837 791 1874 precibus
812 1838 982 1873 inclinati,
1006 1841 1212 1878 presentium

204 1887 295 1917 vobis
319 1888 515 1918 auctoritate
539 1889 751 1920 concedimus
774 1896 811 1921 ut
834 1891 1009 1922 ecclesiam
1031 1893 1069 1923 dc
1091 1894 1210 1933 Galhy,

203 1939 449 1970 Lincolniensis
466 1941 619 1973 diocesis.
638 1942 673 1971 in
691 1952 755 1981 qua
771 1943 826 1982 jus
846 1948 1040 1981 patronatus
1057 1946 1143 1976 sicut
1160 1956 1212 1977 as-

202 1992 314 2022 seritis
331 1993 504 2029 obtinetis7
526 1994 662 2024 cedente
680 1995 730 2025 vel
750 1995 928 2027 decedente
945 1997 1052 2035 ipsius
1068 2003 1209 2035 rectore,

201 2053 259 2082 pro
276 2049 384 2075 vestra
408 2046 584 2076 relevanda
600 2047 713 2086 inopia
730 2049 850 2079 vestris
867 2049 984 2080 usibus
1001 2050 1158 2089 deputare
1175 2062 1211 2083 ac

202 2105 273 2125 eam
300 2106 357 2134 per
382 2097 501 2127 fratres
526 2102 652 2128 vestros
683 2099 813 2137 ingredi
840 2101 989 2131 valeatis.
1023 2104 1072 2132 Ita
1102 2107 1211 2134 tamen

201 2149 288 2186 quod
303 2154 460 2187 perpetuo
477 2150 599 2180 vicario
616 2151 651 2180 in
665 2160 702 2181 ea
719 2153 885 2183 servituro
899 2154 937 2184 de
954 2154 1061 2192 ipsius
1074 2165 1212 2194 proven-

202 2201 290 2231 tibus
307 2202 413 2239 portio
436 2207 641 2241 competens,
661 2214 698 2234 ex
722 2215 785 2243 qua
810 2215 954 2244 congrue
980 2210 1161 2239 sustentari
1181 2214 1212 2240 et

201 2255 402 2293 episcopalia
418 2265 454 2285 ac
472 2256 537 2286 alia
552 2257 658 2295 ipsius
676 2258 814 2289 ecclesie
829 2269 930 2290 onera
950 2267 1143 2300 supportare
1159 2273 1211 2293 va-

201 2306 281 2336 leat.
309 2307 513 2345 assignetur,
538 2309 707 2340 diocesani
731 2312 876 2350 episcopi
902 2313 936 2342 in
958 2314 1112 2345 omnibus
1136 2316 1211 2355 jure

202 2358 303 2388 salvo.
324 2359 417 2389 Nulli
435 2364 494 2389 etc.
514 2365 625 2391 nostre
642 2364 867 2395 concessionis
884 2370 944 2395 etc.
963 2367 1035 2396 Dat.
1054 2368 1208 2407 Neapoli,

201 2411 229 2440 V
247 2411 321 2440 idus
341 2413 463 2447 martii,
483 2422 569 2443 anno
587 2415 703 2452 primo.
728 2428 740 2441 )›

271 2594 363 2622 405

237 2655 404 2687 Quaestioni
422 2658 495 2684 inter
511 2658 756 2693 Burdegalcusem
777 2666 805 2688 et
823 2661 1032 2691 Bituricensem
1050 2667 1210 2702 archiepis—

201 2712 290 2738 copos
307 2712 395 2740 super
408 2707 474 2739 jure
491 2706 637 2740 primatiae
652 2709 679 2734 in
695 2708 901 2743 Burdegalensi
919 2714 1065 2746 provincia
1082 2719 1207 2748 exortae,

201 2752 373 2779 solutionem
398 2753 529 2788 Gregorii
552 2764 640 2790 papae
661 2756 703 2782 IX
727 2758 776 2791 qui
796 2759 1013 2795 archiepiscopo
1034 2761 1209 2791 Bituricensi

201 2800 235 2826 de
259 2803 409 2835 septennio
430 2803 459 2828 in
480 2804 663 2837 septennium
685 2805 905 2840 Burdegalensis
926 2810 1088 2842 provinciae
1110 2812 1208 2838 visita-

202 2849 306 2875 tionem
324 2852 470 2877 concessit
486 2855 514 2877 et
529 2852 705 2879 decisionem
722 2854 756 2880 al)
772 2854 928 2882 Octaviano
945 2866 969 2883 s.
988 2857 1092 2885 Mariae
1109 2860 1136 2886 in
1154 2860 1208 2887 Via

806 2600 923 2635 Naples,
941 2602 956 2628 9
971 2604 1040 2629 avril
1059 2604 1136 2631 1255.

1302 263 1357 290 lata
1377 265 1498 293 diacono
1523 268 1666 295 cardinale
1687 268 1806 304 Neapoli
1831 268 1903 296 XIII
1929 270 2040 296 kalend.
2062 271 2161 306 aprilis
2181 269 2309 297 MCCLV

1301 313 1402 339 factam
1419 314 1578 346 confirmat,
1593 316 1702 343 litteras
1717 317 1865 344 Octaviani
1878 317 2042 345 inserendo.
2055 318 2138 351 (Rau.
2150 319 2194 350 ⁶24,
2206 326 2232 346 e.
2247 318 2308 352 334,

1301 361 1320 387 f.
1337 362 1406 395 49¹.)

1343 477 1355 491 α
1379 488 1411 499 ..,
1429 466 1655 504 archiepiscopo
1673 468 1869 497 Bituricensi.
1888 467 2019 497 Dudum
2034 468 2122 498 inter
2137 468 2221 498 bone
2239 477 2310 499 me-

1300 516 1404 546 morie
1420 540 1452 551 ..,
1468 517 1713 548 Bituricensem
1730 519 2027 558 archiepiscopum,
2042 520 2310 558 predecessorem

1300 572 1405 603 tuum,
1430 578 1467 599 ac
1492 570 1717 601 venerabilem
1741 572 1880 602 fratrem
1906 577 2055 602 nostrum
2082 596 2115 608 ..,
2144 570 2310 611 Burdega-

1299 621 1427 652 lensem
1449 622 1746 662 archiepiscopum,
1771 634 1871 663 super
1891 625 1965 664 jure
1990 625 2144 664 primatie
2166 626 2254 665 quod
2274 626 2310 656 in

1300 674 1543 713 Burdegalensi
1559 676 1730 714 provincia
1747 686 1781 707 se
1798 677 1920 708 habere
1936 678 2076 714 dicebat,
2095 678 2230 708 suborta
2244 687 2311 709 ma-

1299 727 1384 757 teria
1404 728 1608 766 questionis,
1631 729 1683 767 pie
1702 729 1863 760 memorie
1879 730 1918 760 G.
1936 739 2019 769 papa
2035 730 2083 760 IX
2098 730 2311 768 predecessor

1300 784 1413 810 noster
1429 780 1521 810 duxit
1537 781 1624 811 inter
1640 786 1749 812 cetera
1764 782 2016 821 providendum,
2035 787 2069 812 ut
2087 783 2311 814 Bituricensis

1299 831 1570 877 archiepiscopus
1595 833 1633 864 de
1655 834 1829 872 septennio
1852 835 1887 864 in
1910 835 2122 873 septennium
2140 835 2311 875 Burdoga-

1297 885 1425 916 lensem
1447 886 1653 924 provinciam
1677 887 1828 918 visitaret
1853 891 1884 918 et
1907 888 1948 917 ad
1968 888 2002 917 id
2023 888 2094 919 dies
2114 887 2252 919 haberet
2271 889 2308 919 L.

1298 938 1382 969 Cum
1406 942 1517 969 autem
1537 948 1637 978 super
1655 948 1693 970 eo
1715 941 1801 979 quod
1821 940 1956 979 quidam
1977 941 2146 972 asserebat
2164 941 2269 972 dictos
2284 942 2310 972 L

1297 991 1369 1021 dies
1384 991 1431 1021 ita
1444 992 1514 1022 fore
1528 992 1702 1023 continuos
1717 997 1762 1026 ut.
1779 993 1808 1023 si
1822 1002 1859 1023 ex
1876 993 1988 1033 aliqua
2003 1002 2104 1024 causa
2119 994 2310 1024 necessaria

1297 1044 1461 1083 probabili
1484 1044 1535 1075 vel
1554 1045 1741 1075 voluntaria
1762 1050 1792 1076 te
1813 1055 1877 1076 non
1900 1046 2090 1077 visitantem
2109 1055 2175 1077 non
2190 1056 2309 1085 procu-

1297 1097 1444 1127 rationes
1460 1098 1674 1136 recipientem
1695 1107 1753 1128 nec
1767 1099 2036 1138 jurisdictionem
2051 1099 2198 1139 aliquam
2215 1108 2309 1130 exer-

1297 1154 1427 1180 centem
1447 1159 1505 1188 per
1526 1150 1661 1189 aliquod
1682 1152 1838 1190 temporis
1860 1152 2004 1190 spatium
2029 1152 2063 1182 in
2086 1153 2215 1190 prefata
2231 1161 2308 1191 pro-

1296 1203 1408 1232 vincia
1421 1204 1617 1233 commorari
1631 1205 1848 1242 contingeret,
1861 1204 1945 1235 illud
1958 1209 2087 1244 tempus
2100 1205 2189 1236 infra
2202 1205 2307 1236 dictos

1298 1256 1322 1284 L
1338 1255 1409 1285 dies
1425 1257 1609 1294 computari
1625 1256 1776 1293 deberet,
1795 1257 2014 1288 dubitationis
2032 1258 2208 1297 scrupulus
2224 1259 2308 1288 emi-

1297 1308 1407 1343 sisset,
1427 1308 1535 1338 felicis
1552 1309 1790 1339 recordationis
1809 1310 1835 1339 Ι.
1853 1318 1935 1349 papa
1951 1310 2164 1348 predecessor
2182 1315 2306 1348 noster,

1297 1360 1409 1390 citatis
1425 1361 1587 1398 partibus.
1606 1361 1725 1391 dilecto
1746 1361 1814 1392 filio
1836 1367 1949 1392 nostro
1967 1363 2004 1393 Ο.
2020 1368 2132 1394 sancte
2151 1363 2256 1394 Marie
2271 1363 2307 1394 in

1295 1413 1359 1443 Via
1372 1413 1437 1443 lata
1454 1414 1592 1444 diacono
1608 1414 1770 1444 cardinali
1787 1415 1953 1445 commisit
1971 1415 2174 1446 dubietatem
2189 1415 2308 1456 hujus-

1296 1466 1385 1496 modi
1403 1466 1646 1502 declarandam
1662 1467 1720 1506 qui
1735 1467 1858 1497 auditis
1872 1467 1949 1497 hinc
1964 1468 2040 1498 inde
2054 1468 2232 1507 propositis
2245 1468 2307 1499 sub

1297 1523 1387 1549 certa
1411 1520 1516 1549 forma
1538 1519 1779 1550 dubitationem
1799 1519 1990 1560 hujusmodi
2011 1520 2191 1551 declaravit
2209 1531 2216 1550 :
2237 1521 2308 1551 adi-

1297 1572 1389 1602 ciens
1406 1572 1444 1602 de
1462 1577 1574 1602 nostro
1591 1572 1727 1610 speciali
1744 1573 1898 1602 mandato
1912 1578 2161 1603 conservatores
2176 1577 2242 1604 tam
2255 1582 2308 1604 su-

1295 1634 1354 1663 per
1366 1625 1556 1663 provisione
1573 1626 1658 1655 facta
1674 1635 1732 1664 per
1748 1626 1888 1655 eundem
1905 1626 1944 1656 G.
1963 1634 2061 1665 quam
2077 1626 2308 1656 observatione

1297 1677 1533 1708 declarationis
1554 1678 1744 1717 hujusmodi
1763 1679 1832 1708 fore
1854 1678 1995 1713 dandos,
2014 1682 2110 1717 prout
2130 1678 2164 1708 in
2181 1678 2308 1708 instru-

1297 1734 1408 1760 mento
1427 1730 1558 1768 publico
1577 1731 1653 1761 inde
1670 1731 1819 1761 confecto
1835 1731 1983 1770 ejusdem
2000 1730 2180 1761 cardinalis
2197 1730 2307 1769 sigillo

1297 1784 1427 1821 signato
1444 1784 1537 1822 cujus
1556 1788 1703 1814 tenorem
1723 1784 1761 1813 de
1775 1783 1874 1814 verbo
1891 1784 1932 1813 ad
1945 1784 2082 1814 verbnm
2094 1783 2307 1822 presentibus

1296 1837 1449 1866 annotari
1471 1837 1613 1869 fecimus
1636 1837 1767 1875 plenius
1791 1837 1990 1867 continetur.
2014 1837 2083 1866 Nos
2109 1837 2213 1875 igitur
2239 1837 2306 1867 tuis

1296 1889 1595 1928 supplicationibus
1611 1890 1776 1925 inclinati,
1792 1889 1879 1928 quod
1893 1889 1932 1919 ab
1944 1889 2058 1919 eodem
2074 1889 2242 1919 cardinale
2254 1898 2306 1920 su-

1296 1951 1354 1980 per
1370 1942 1430 1972 hoc.
1445 1943 1567 1972 factum
1580 1946 1639 1975 est,
1654 1946 1762 1972 ratum
1773 1942 1934 1971 habentes
1949 1946 1979 1971 et
1993 1946 2134 1979 gratum,
2150 1942 2183 1971 id
2197 1945 2306 1972 aucto-

1295 1995 1393 2025 ritate
1415 1994 1595 2033 apostolica
1615 1995 1849 2025 confirmamus
1873 1998 1903 2025 et
1926 1995 2092 2032 presentis
2113 1994 2229 2032 scripti
2247 2003 2305 2033 pa-

1295 2048 1436 2077 trocinio
1448 2048 1703 2078 communimus.
1718 2049 1825 2078 Tenor
1837 2052 1946 2077 autem
1958 2047 2146 2078 litterarum
2156 2047 2305 2086 ipsarum

1294 2100 1371 2130 talis
1388 2105 1436 2130 est
1457 2111 1462 2129 :

1874 2159 1992 2194 Names,
2010 2159 2043 2186 20
2060 2167 2136 2186 mars
2154 2159 2232 2187 1255.

1337 2236 1349 2249 ι(
1370 2223 1583 2259 Octavianus,
1595 2223 1807 2253 miseratione
1820 2222 1933 2251 divina
1949 2226 2061 2252 sancte
2075 2222 2179 2252 Marie
2193 2222 2228 2251 in
2240 2221 2304 2252 Via

1296 2287 1308 2301 1>
1333 2276 1400 2306 lata
1421 2276 1579 2306 diaconus
1602 2275 1797 2310 cardinalis,
1815 2275 1850 2304 in
1871 2284 1972 2313 regno
1993 2274 2107 2305 Sicilie
2126 2273 2304 2312 apostolice

1295 2340 1308 2355 »
1336 2329 1431 2359 Sedis
1441 2329 1581 2366 legatus,
1594 2329 1760 2358 universis
1769 2332 1941 2366 presentes
1950 2326 2078 2357 litteras
2089 2327 2302 2365 inspecturis,

1295 2393 1308 2408 »
1334 2381 1475 2412 salutem
1500 2382 1535 2410 in
1559 2381 1711 2411 Domino.
1737 2383 1812 2411 Jam
1837 2380 1962 2410 dudum
1985 2380 2073 2410 inter
2095 2379 2303 2410 venerabiles

1295 2445 1307 2460 »
1333 2438 1443 2472 patres
1462 2457 1495 2469 ..‚
1513 2433 1759 2463 Bituriccnscm
1775 2437 1805 2463 ct
1825 2456 1856 2467 ..‚
1876 2431 2159 2470 Burdegalensem
2174 2431 2304 2462 archie-

1295 2498 1307 2512 »
1332 2487 1484 2525 piscopos
1499 2495 1597 2525 super
1606 2487 1681 2525 jure
1695 2486 1861 2524 primatie,
1875 2484 1962 2524 quod
1977 2484 2064 2514 idem
2081 2483 2303 2514 Bituricensis

1295 2552 1307 2565 »
1333 2540 1368 2569 in
1406 2539 1647 2577 Burdcgalensi
1673 2539 1844 2577 provincia
1877 2547 1910 2568 se
1938 2528 2140 2576 proponebat
2167 2536 2300 2573 habere,

1295 2604 1307 2618 n
1336 2592 1521 2631 questionis
1538 2592 1673 2622 suborta
1690 2592 1838 2627 materia⁷
1856 2591 1908 2630 pie
1925 2590 2083 2621 memorie
2099 2590 2138 2620 G.
2156 2598 2239 2628 papa
2255 2589 2303 2620 IX

1295 2658 1307 2671 »
1333 2645 1423 2683 duxit
1445 2645 1532 2675 inter
1552 2649 1660 2675 cetera
1681 2644 1932 2683 providendum,
1953 2647 1988 2673 ut
2009 2642 2231 2672 Bituricensis
2249 2650 2302 2672 ar-

1295 2710 1306 2723 »
1333 2697 1563 2736 chicpiscopus
1573 2697 1855 2735 Burtlegalenseui
1865 2696 2071 2735 provinciam
2081 2695 2119 2725 de
2129 2694 2302 2733 septennio

1294 2761 1306 2774 n
1326 2749 1366 2786 ‚in
1384 2750 1594 2788 septennium
1608 2751 1636 2779 si
1653 2750 1794 2780 voluerit
1806 2749 1929 2783 visitet,
1944 2748 1984 2778 ad
1998 2747 2084 2786 quod
2097 2747 2168 2776 dies
2182 2746 2301 2776 haheat

1293 2816 1305 2829 υ
1331 2805 1355 2833 L
1381 2809 1411 2834 et
1438 2805 1507 2842 ipse
1529 2814 1587 2843 per
1609 2805 1774 2842 predictos
1800 2805 1824 2833 L
1850 2804 1920 2833 dics
1942 2802 2191 2841 procurationes
2213 2801 2300 2831 inter

1292 2869 1304 2883 »
1330 2857 1478 2888 dioceses
1494 2858 1688 2887 dividendas
1705 2857 1840 2895 recipiat
1856 2857 1890 2886 in
1908 2855 2057 2886 ecclesiis
2072 2855 2112 2884 ad
2126 2863 2207 2893 quas
2224 2861 2298 2884 eum

2436 78 2441 151 ἒ

2437 161 2441 233 ἰ

2377 2693 2403 2752 ‘2

2376 2759 2398 2816 l
