2456 3585
183 314 216 344 12
902 306 1141 337 REGISTRES
1163 304 1470 336 D'ALEXANDRE
1493 307 1550 338 IV.

181 378 326 408 nasterio
345 380 454 407 vestro
476 375 510 405 in
534 373 764 412 spiritualibus
785 377 816 402 et
836 371 1072 410 temporalibus
1088 370 1185 410 pleno

176 432 250 469 jure
267 429 414 467 subjecta
426 427 590 464 dandique
607 425 871 455 benedictionem
887 423 1102 462 sollempnem
1119 427 1186 453 tam

180 483 213 511 in
235 481 357 510 divinis
378 479 495 509 officiis
516 488 614 517 quam
633 478 667 507 in
688 486 803 507 mensa
822 477 954 515 plenam
974 476 1185 506 concedimus

179 533 373 563 auctoritate
397 531 601 570 presentium
631 534 838 568 potestatem.
868 529 961 559 Nulli
986 534 1046 559 etc.
1074 532 1185 559 nostre

179 584 402 615 concessionis
421 587 481 613 etc.
502 584 575 613 Dat.
597 582 747 621 Neapoli,
763 583 810 612 VI
828 582 903 612 idus
915 582 1080 621 januarii,
1099 590 1185 611 anno

179 639 296 677 prinio.
317 651 329 664 »

247 843 301 870 4¹
722 839 843 874 Naples,
862 839 892 866 1⁵2
906 839 1018 873 janvier
1035 840 1112 866 1255.

215 904 380 937 Praeposito
401 903 540 929 ecclesiae
557 910 581 929 s.
601 901 675 928 Petri
692 901 726 928 de
744 901 960 936 Bertbesgaden
978 903 1100 937 ejusque
1116 910 1185 928 suc-

177 952 344 979 cessoribus
361 951 458 978 utendi
476 952 572 981 mitra,
592 950 697 976 annulo
717 959 750 976 ac
766 950 903 976 sandaliis
919 950 1037 977 liberam
1053 950 1186 977 concedit

178 1001 351 1027 facultatem.
369 1000 452 1033 (Rae.
468 999 512 1030 ²24,
530 1008 555 1025 e.
574 999 617 1032 35,
635 999 653 1025 f.
671 999 702 1032 (ὃς
723 998 868 1025 ΡοΤΤηΑΞΤ
886 998 993 1032 15633.)

220 1127 232 1141 «
254 1138 289 1150 ..,
306 1115 454 1152 preposito
474 1115 591 1143 eccm-ic
605 1115 705 1142 scnzctt'
720 1114 802 1142 Petri
816 1114 850 1142 de
864 1113 1116 1151 Ber-thersyaclen,
1134 1122 1185 1143 or-

178 1168 261 1196 dinis
283 1169 382 1197 sancti
405 1168 585 1204 „tuqus-nni,
610 1167 858 1203 Saluum-pensis
880 1166 1013 1196 diocesis.
1040 1166 1124 1197 Cum
1149 1166 1185 1196 in

178 1221 379 1258 prelatorum
404 1238 451 1249 —.
476 1221 548 1250 Dat.
575 1219 729 1258 Neapoli,
754 1220 786 1249 II
809 1219 885 1249 idus
906 1219 1071 1259 januarii,
1097 1228 1184 1250 anno

178 1283 293 1312 prllllO.
313 1285 326 1300 n

246 1478 305 1506 42
741 1478 858 1513 Naples,
876 1478 891 1505 8
904 1479 1016 1513 janvier
1034 1478 1112 1506 1255.

212 1539 341 1566 Ansaldo
360 1539 488 1573 Malono‚
512 1541 569 1567 civi
588 1540 746 1574 Januensi,
769 1540 804 1567 ad
827 1541 989 1574 generalem
1013 1541 1185 1568 admiratum

177 1589 257 1623 regni
275 1587 388 1615 Siciliae
399 1588 434 1615 ab
446 1588 615 1615 Innocentio
632 1598 704 1624 papa
718 1592 878 1623 assumpto,
892 1589 1051 1623 praeratum
1061 1589 1185 1616 officium

176 1637 256 1664 ducit
271 1636 498 1664 concedendum.
517 1637 601 1670 (Rae.
618 1637 662 1672 ⁵24,
679 1645 704 1664 c.
722 1637 776 1672 35²,
792 1637 810 1664 s.
828 1638 867 1670 6.)

219 1763 232 1777 «
258 1750 390 1779 Ansalclo
411 1751 544 1786 Μαῐοηο,
568 1752 631 1780 civi
649 1752 811 1781 Januensi.
834 1751 979 1789 Dignum
1005 1756 1054 1782 est
1077 1757 1113 1782 ut
1135 1770 1184 1782 —-.

177 1803 260 1833 Cum
281 1803 395 1841 igitur,
418 1803 504 1833 sicut
525 1812 563 1833 cx
583 1807 695 1834 tenore
717 1808 771 1834 tue
792 1804 964 1842 petitionis
986 1805 1185 1844 accepimus,

179 1865 283 1894 nuper
303 1855 411 1886 felicis
432 1856 671 1887 recordationis
694 1858 720 1887 Ι.
741 1866 825 1895 papa
844 1857 1056 1895 predecessor
1075 1862 1188 1889 noster

178 1912 209 1938 te
225 1909 260 1937 in
275 1908 463 1947 generalem
477 1909 677 1939 admiratum
690 1909 785 1947 regni
799 1909 913 1939 Sicilie
927 1910 1037 1940 vocari
1050 1911 1188 1941 manda-

178 1961 262 1991 verit
279 1965 309 1991 et
323 1961 459 1996 assumi,
479 1966 579 2001 tuque
596 1962 634 1992 de
649 1962 781 1993 civitate
795 1963 958 2004 Januensi
972 1963 1013 1993 ad
1027 1963 1097 2002 ejus
1113 1973 1188 2002 pre-

178 2015 321 2044 sentiam
337 2015 518 2045 accesseris
532 2020 722 2054 assumptus
736 2015 776 2045 ad
789 2015 934 2045 officium
950 2016 1186 2054 supradictum,

179 2076 214 2096 ac
229 2067 317 2097 idem
331 2067 391 2096 tibi
406 2071 564 2106 tanquam
580 2067 741 2098 admirato
758 2069 964 2099 necessarios
981 2073 1132 2107 sumptus
1149 2070 1188 2099 ad

177 2119 323 2149 officium
336 2119 527 2158 hujusmodi
541 2120 657 2150 fecerit
673 2120 708 2150 in
723 2121 856 2151 civitate
872 2121 1011 2160 Neapoli
1026 2122 1186 2158 exhiberi,

179 2180 238 2201 nos
249 2180 425 2210 personam
436 2176 526 2202 tuam
538 2173 578 2202 ob
591 2173 719 2204 sincere
731 2173 916 2203 devotionis
925 2174 1079 2204 affectum
1091 2184 1189 2214 quem

178 2233 257 2262 erga
274 2233 333 2254 nos
357 2229 387 2255 et
406 2225 518 2255 sedem
539 2225 677 2256 eandem
693 2225 816 2256 habere
833 2226 1016 2257 dinosceris
1035 2227 1189 2266 specialis

178 2277 387 2315 prerogativa
412 2277 535 2308 favoris
563 2282 594 2308 et
619 2279 723 2316 gratie
748 2283 998 2318 prosequentes
1024 2281 1190 2318 prefatum

179 2330 324 2360 officium
343 2339 417 2360 cum
439 2331 593 2361 omnibus
612 2331 746 2371 juribus
765 2341 802 2362 ac
817 2332 1002 2362 honoribus
1023 2333 1063 2362 ad
1079 2334 1190 2372 ipsum

179 2382 405 2420 spectantibus
428 2392 533 2422 usque
552 2384 592 2413 ad
610 2384 856 2423 beneplacitum
874 2389 1024 2415 nostrum
1045 2387 1189 2416 auctori-

180 2439 244 2465 tate
261 2435 467 2473 presentium
488 2436 547 2465 tibi
565 2436 719 2467 duximus
741 2437 998 2468 concedendum.
1015 2438 1108 2469 Nulli
1126 2443 1187 2470 etc.

179 2491 290 2517 nostre
306 2487 531 2518 concessionis
548 2492 609 2518 etc.
624 2490 698 2519 Dat.
713 2489 864 2528 Neapoli,
881 2490 927 2520 VI
942 2490 1186 2530 idusjanuarii‚

179 2547 266 2569 anno
281 2539 399 2578 primo.
417 2552 429 2566 >³

250 2749 308 2776 43
723 2751 845 2786 Naples,
864 2751 895 2778 13
908 2752 1020 2787 janvier
1040 2752 1116 2780 1255.

215 2810 321 2836 Abbati
344 2811 511 2837 monasterii
527 2820 551 2838 s.
573 2811 699 2846 Bertini,
716 2812 890 2839 Morinensis
905 2813 1044 2845 diocesis,
1062 2814 1186 2846 mandat,

179 2858 316 2892 quatinus
331 2857 481 2892 dispenset
499 2862 528 2885 ut
548 2859 642 2886 Guido
663 2860 697 2886 de
714 2859 885 2888 Castellione
900 2869 998 2888 comes
1014 2862 1043 2888 S.
1062 2862 1143 2889 Pauli
1160 2866 1188 2889 et

181 2905 326 2932 Matliildis
342 2906 489 2933 comitissa
507 2907 710 2935 Atrebatensis
733 2909 759 2934 in
782 2910 963 2935 matrimonio
979 2914 1125 2937 contracto
1141 2919 1188 2937 re-

181 2958 323 2986 maneant,
341 2963 396 2980 non
414 2954 545 2982 obstante
560 2957 636 2990 quod
654 2957 747 2983 Guido
764 2957 798 2984 de
813 2957 984 2985 Castellione
1000 2962 1027 2985 et
1042 2959 1185 2993 quondam

1270 369 1430 403 Robertus,
1455 379 1554 399 comes
1577 372 1795 404 Atrebatensis‚
1819 372 1941 400 maritus
1960 372 2092 407 eJusdem
2115 372 2279 404 Mathitdis.

1268 422 1371 453 quarto
1385 419 1646 454 consanguinitatis
1661 420 1752 455 gradu
1772 428 1804 447 se
1819 421 2004 455 attingerent.
2021 420 2106 454 (Rae.
2121 421 2173 456 24,
2188 429 2215 450 c.
2232 421 2278 456 36,

1269 467 1288 494 f.
1305 467 1357 500 θ’.)

1311 593 1324 608 «
1342 604 1376 616 ..,
1393 582 1495 611 abbati
1510 583 1691 611 monasterii
1705 583 1806 611 sancti
1823 582 1956 618 Ber-tini,
1975 582 2095 612 ordinis
2109 584 2210 612 sancti
2225 583 2280 612 Be-

1268 634 1396 669 nedicti,
1415 635 1597 664 Morinensis
1614 635 1748 664 diocesis.
1766 635 1812 664 Ex
1832 638 1925 673 parte
1944 634 2056 664 dilecti
2076 634 2138 664 filii
2156 634 2281 666 nobilis

1268 686 1332 716 viri
1353 686 1516 717 Guidonis
1535 686 1574 717 de
1594 686 1813 718 Castellione.
1836 687 1968 717 comitis
1989 687 2102 717 Sancti
2122 687 2230 723 Pauli,
2248 691 2281 718 et

1268 739 1387 770 dilecte
1406 739 1440 768 in
1457 739 1590 770 Christo
1606 739 1673 770 filie
1690 739 1812 770 nobilis
1829 739 1980 770 mulieris
1997 739 2160 775 Matildjs‚
2178 739 2282 770 comi-

1268 791 1349 821 tisse
1363 791 1605 826 Atrebatensis,
1620 792 1733 821 uxoris
1750 792 1909 831 ejusdem,
1922 792 1985 822 fuit
2000 791 2096 822 nobis
2108 791 2283 822 humiliter

1269 843 1502 882 supplicatum,
1515 848 1551 874 ut
1563 852 1636 874 cum
1651 844 1816 883 quondam
1831 844 2007 878 Robertus,
2023 852 2132 874 comes
2145 843 2283 874 Atreba-

1270 897 1385 932 tensis,
1413 897 1554 927 maritus
1580 897 1687 936 ipsius
1715 898 1771 932 M.‚
1801 898 1928 936 prefato
1952 898 1991 928 G.
2018 897 2057 927 de
2077 896 2280 928 castellione

1269 954 1386 988 quarto
1403 950 1503 980 fuerit
1516 950 1817 987 consanguinitatis
1830 950 1932 987 gradu
1947 950 2155 988 conjunctus,
2169 948 2283 988 provi-

1269 1003 1345 1033 dere
1362 1003 1395 1032 in
1410 1003 1471 1033 hac
1484 1006 1576 1042 parte
1590 1003 1672 1042 ipsis
1686 1003 1724 1033 de
1738 1003 1945 1041 benignitate
1962 1002 2059 1032 solita
2073 1010 2277 1032 curaremus.

1268 1056 1336 1086 Nos
1358 1055 1461 1093 igitur
1476 1056 1623 1094 ipsorum
1642 1055 1941 1094 supplicationibus
1958 1054 2123 1090 inclinati,
2142 1054 2282 1084 manda-

1268 1118 1353 1143 mus,
1378 1108 1537 1147 quatinus
1553 1117 1627 1138 cum
1641 1108 1690 1139 eis
1711 1108 1808 1147 quod,
1832 1108 2069 1146 impedimento
2089 1106 2282 1153 hujUsmodi

1269 1171 1333 1192 non
1348 1162 1511 1197 obstante,
1526 1161 1561 1191 in
1576 1166 1742 1192 contracto
1755 1162 1796 1192 ad
1809 1162 1952 1191 invicem
1965 1160 2178 1190 matrimonio
2189 1159 2282 1191 licite

1267 1223 1441 1244 remanere
1466 1213 1609 1249 valeant,
1634 1214 1829 1244 auctoritate
1854 1218 1967 1244 nostra
1993 1213 2179 1252 dispenses.
2203 1213 2280 1242 Dat.

1268 1266 1419 1306 Neapoli,
1437 1267 1549 1297 idibus
1562 1267 1721 1306 januarii,
1737 1275 1823 1296 anno
1835 1267 1953 1305 primo.
1971 1278 1984 1293 »

1339 1478 1400 1506 44
1777 1516 1779 1518 ι
1819 1476 1939 1511 Nap1es,
1956 1475 1988 1503 ¹8
2001 1475 2115 1510 Janvier
2130 1474 2210 1503 1255.

1305 1538 1444 1573 Magistro
1462 1520 1602 1572 notando,
1615 1538 1761 1565 Marchiae
1772 1538 1972 1565 Anconitanae
1987 1537 2102 1571 rectori,
2115 1536 2282 1564 mandatum

1271 1597 1284 1610 α
1303 1590 1333 1614 ut
1349 1595 1437 1622 supra
1454 1588 1480 1614 in
1497 1587 1525 1614 X
1542 1587 1668 1622 capitulo
1686 1581 1725 1621 (n.
1745 1588 1825 1620 12„
1843 1587 1895 1614 sed
1915 1587 1977 1614 loco
1999 1585 2170 1614 patrimonii
2185 1589 2215 1613 et
2229 1584 2284 1613 Sa-

1270 1636 1347 1662 binie
1370 1639 1492 1671 ponatur
1513 1635 1642 1663 Mai-chia
1661 1636 1856 1663 Anconitana.
1874 1647 1886 1659 u
1904 1635 1988 1669 (Rea.
2004 1635 2055 1669 24,
2072 1641 2100 1662 e.
2116 1633 2176 1669 362,
2192 1633 2213 1662 f.
2229 1633 2284 1668 Gv.)

1313 1762 1326 1777 ι(
1343 1751 1488 1788 Mayistro
1504 1750 1648 1786 Rolando,
1667 1751 1824 1788 capellano
1839 1755 1954 1798 nostro,
1975 1750 2110 1780 Maro-hie
2123 1748 2283 1780 Anchoni-

1272 1807 1340 1832 tane
1361 1804 1483 1833 rectori.
1506 1802 1558 1832 Ad
1581 1802 1730 1833 diversas
1751 1802 1868 1832 mundi
1892 1819 1942 1832 —.
1965 1803 2040 1832 Dat.
2061 1799 2281 1842 Ne(ne)apoli,

1270 1855 1332 1885 XV
1346 1854 1506 1885 kalendas
1519 1854 1693 1892 februarii,
1709 1863 1795 1885 anno
1808 1855 1927 1894 primo.
1946 1866 1959 1881 1>

1342 2061 1402 2088 45
1819 2058 1938 2094 Naples,
1958 2059 1986 2085 lt
2002 2059 2116 2093 janvier
2131 2058 2211 2086 1255.

1309 2121 1538 2156 Archiepiscopo
1554 2120 1730 2148 Ebot-acensi
1750 2120 1875 2152 mandat,
1897 2124 1928 2148 ut
1943 2122 2107 2148 cessionem
2127 2120 2234 2156 prioris
2247 2119 2284 2147 de

1273 2168 1436 2196 Giseburne
1456 2172 1573 2204 propter
1597 2168 1792 2195 infirmitatem
1815 2168 1947 2203 corporis
1969 2169 2103 2204 recipiat,
2123 2175 2284 2203 congruam

1273 2217 1468 2252 provisionem
1483 2217 1519 2243 de
1535 2217 1724 2252 proventibus
1741 2217 1884 2252 prioratus
1898 2217 1924 2243 ei
1939 2215 2128 2252 assignando.
2142 2216 2224 2248 (Rau.
2235 2215 2282 2251 24,

1272 2273 1299 2292 c.
1317 2266 1360 2297 37,
1377 2265 1397 2292 f.
1414 2265 1466 2298 GV.)

1315 2392 1329 2408 «
1358 2403 1392 2417 ..,
1421 2381 1647 2418 archiepiscopo
1672 2381 1864 2410 Eboracensi.
1893 2380 1939 2410 Ex
1966 2383 2059 2418 parte
2086 2378 2284 2409 dilectorum

1272 2433 1419 2464 filiorum
1450 2456 1488 2469 ..,
1519 2433 1640 2472 prioris
1669 2432 1835 2471 prioratus
1862 2432 1901 2463 de
1930 2431 2129 2467 Giseburne,
2155 2430 2283 2462 ordinis

1274 2485 1381 2516 sancti
1397 2485 1596 2523 Augustini,
1615 2485 1835 2516 Eboracensis
1850 2485 2007 2521 diocesis,
2026 2485 2090 2515 fuit
2105 2484 2202 2514 nohis
2218 2483 2284 2514 hu-

1272 2538 1399 2568 militer
1418 2538 1650 2577 supplicatum,
1668 2542 1715 2574 ut,
1733 2547 1808 2568 cum
1823 2539 1894 2577 ipse
1907 2542 2039 2577 propter
2053 2537 2285 2567 infirmitatem

1273 2591 1326 2621 sui
1347 2591 1493 2629 corporis
1513 2591 1737 2622 insanabilem
1757 2591 1873 2621 cedere
1893 2591 2004 2629 cupiat
2023 2590 2173 2629 regimen
2193 2588 2302 2628 prio-‘

1271 2646 1364 2673 ratus
1381 2643 1530 2683 ejusdem
1548 2643 1609 2673 tibi
1625 2643 1816 2674 immediate
1835 2643 1992 2683 subjecti,
2010 2651 2070 2673 nos
2085 2641 2192 2681 ipsius
2207 2648 2284 2680 pre-

1273 2695 1367 2726 cibus
1378 2696 1544 2732 inclinati,
1557 2696 1765 2732 mandamus,
1781 2697 1939 2735 quatinus
1954 2693 2147 2735 hujusmodi
2159 2692 2284 2724 cessio-

1273 2756 1349 2778 nem
1375 2748 1517 2787 recipias
1543 2749 1613 2779 vice
1638 2752 1751 2779 nostra
1775 2753 1806 2779 et
1833 2749 1872 2779 de
1896 2746 2111 2787 proventibus
2135 2745 2285 2785 ejusdem

1273 2800 1412 2831 ecclesie
1425 2801 1519 2840 juxta
1532 2801 1707 2832 facultates
1722 2801 1829 2840 ipsius
1845 2801 1911 2838 sibi
1927 2807 2106 2838 congruam
2120 2796 2284 2838 provisio-

1273 2861 1349 2883 nem
1366 2853 1528 2891 assignes,
1547 2854 1586 2884 de
1602 2863 1667 2893 qua
1678 2854 1754 2884 dum
1766 2854 1886 2885 vixerit
1902 2852 2070 2884 commode
2084 2849 2193 2881 valeat
2208 2857 2284 2880 sus-

1272 2905 1405 2934 tentari.
1423 2905 1703 2936 Contradictores.
1720 2906 1794 2936 Non
1811 2906 1963 2936 obstante
1977 2904 2006 2934 si
2021 2902 2126 2942 aliqui
2139 2918 2189 2930 -.
2206 2901 2283 2931 Dat.

1272 2957 1422 2995 Neapoli,
1442 2959 1492 2988 III
1509 2958 1584 2988 idus
1596 2959 1755 2997 januarii,
1774 2967 1861 2988 anno
1876 2958 1994 2997 primo.
2014 2968 2028 2983 »
