2498 3325
244 226 298 254 178
966 224 1205 254 REGISTRES
1228 223 1535 256 D'ALEXANDRE
1558 226 1612 256 IV.

240 290 279 319 ad
297 299 354 320 vos
377 289 604 328 spectantibus
630 294 743 320 contra
767 290 949 328 predictam
971 289 1247 320 consuetudinem

242 342 416 373 molestare
429 341 480 372 vel
495 342 739 380 quomodolibet
753 343 947 381 perturbare
960 346 1140 381 presumat.
1155 341 1248 372 Nulli

239 398 300 425 etc.
327 399 438 425 nostre
473 395 735 425 confirmationis
773 399 804 426 et
833 395 1048 425 inhibitionis
1077 399 1138 426 etc.
1172 396 1243 425 Dat.

238 447 399 485 Anagnie,
419 447 516 477 nonis
529 447 618 486 julii,
637 456 724 478 anno
740 448 857 487 primo.
880 461 892 475 »

306 619 387 647 5¹2!
825 619 950 655 Anagni,
968 620 1001 647 ‘22
1014 620 1078 654 juin
1098 620 1174 647 1‘255.

274 681 540 715 §applicationibus
561 681 610 715 Oi,
633 682 762 717 episcopi
782 682 948 712 Tusculani,
966 683 1012 709 cui
1032 682 1179 709 Johannes
1195 682 1247 709 do-

238 730 333 756 minus
357 730 392 756 de
413 729 555 762 Jonvitla,
582 731 760 758 senescallus
783 730 967 766 Campaniae,
993 732 1021 758 in
1047 732 1248 758 transmarinis

239 779 367 813 partibus
387 779 508 805 multum
530 779 725 814 obsequiosus
745 780 799 807 suit
819 788 869 815 per
889 788 939 806 sex
956 788 1063 811 annos,
1080 780 1246 812 inclinatus,

237 827 394 862 dispensat,
420 831 450 854 ut
475 828 582 862 Syrnon
601 829 636 854 de
661 828 796 860 Jonvilla,
814 829 905 859 miles,
930 828 1074 856 «Iohannis
1098 829 1195 863 frater,
1214 833 1248 856 'et

238 876 361 903 Leoneta
374 878 433 911 jam
453 886 502 911 per
517 878 671 904 triennium
691 886 762 904 uxor
777 879 851 912 ejus,
865 878 922 904 filio
939 882 1096 913 procreato,
1110 879 1137 905 in
1151 879 1248 905 matri-

238 925 364 952 monium
400 930 580 956 remaneant,
609 926 674 952 licet
710 928 736 953 in
770 931 872 961 quarto
905 927 1114 962 consanguinei
1145 927 1245 961 gradu.

239 974 322 1007 (Rea.
339 974 381 1005 Ἡ,
399 982 424 1001 c.
442 974 514 1004 470².
532 976 550 1001 l'.
568 975 623 1009 70.)

279 1088 291 1102 α
312 1077 440 1113 Syvmni
455 1077 489 1105 cle
500 1077 647 1111 Jonvilla,
666 1078 773 1113 militi,
790 1079 956 1109 acteonem,
974 1079 1066 1106 uxori
1079 1087 1140 1107 sue.
1158 1078 1247 1108 Peti-

237 1128 281 1158 tio
300 1133 409 1158 vestra
428 1129 523 1159 nobis
545 1129 692 1159 exhibita
713 1130 914 1160 continebat.
933 1130 1019 1169 quod
1035 1140 1091 1160 vos
1108 1131 1142 1160 in
1162 1131 1246 1161 facie

236 1180 382 1211 Ecclesie
400 1182 649 1211 matrimonium
667 1183 880 1213 contraxistis
897 1187 927 1213 et
943 1193 1001 1221 per
1017 1184 1200 1213 triennium
1216 1188 1247 1214 et

237 1233 379 1271 amplius
397 1234 534 1263 insimul
553 1239 786 1272 permanentes
809 1235 915 1265 filium
934 1236 1143 1273 procreastis.
1161 1236 1247 1272 Quia

236 1295 311 1316 vero
325 1286 549 1322 intellexistis,
565 1291 638 1325 post
650 1292 855 1318 contractum
869 1289 1130 1324 matrimonium,
1145 1298 1163 1318 a
1176 1290 1246 1328 qui-

235 1338 372 1368 busdam
390 1348 446 1369 vos
466 1339 500 1368 in
524 1344 642 1378 quarto
660 1340 763 1378 gradu
783 1341 1085 1379 consanguinitatis
1101 1350 1139 1371 cx
1154 1346 1246 1372 utra—

235 1400 297 1430 que
310 1396 401 1430 parte
415 1392 453 1421 ad
469 1392 610 1421 invicem
625 1393 777 1428 attinere,
797 1393 1010 1432 supplicastis
1024 1394 1131 1429 nobis,
1148 1398 1183 1424 ut
1195 1404 1246 1424 su-

234 1454 291 1482 per
320 1444 380 1473 hoc
411 1445 603 1483 dispensare
634 1446 804 1475 vobiscum
835 1446 873 1476 de
908 1446 1005 1476 solita
1039 1446 1245 1485 benignitate

235 1497 328 1527 Sedis
346 1497 523 1535 apostolice
540 1507 744 1528 curaremus¹
764 1499 853 1529 Licet
871 1499 974 1537 igitur
990 1500 1023 1529 in
1041 1505 1158 1539 quarto
1172 1510 1245 1530 con-

234 1551 472 1588 sanguinitatis
493 1556 523 1581 et
547 1552 718 1582 affinitatis
742 1553 845 1590 gradu
869 1553 1075 1592 conjugalem
1095 1554 1245 1592 copulam

234 1603 319 1632 sacri
337 1603 469 1633 concilii
487 1605 680 1634 constitutio
700 1605 892 1641 interdicat,
916 1606 1118 1636 venerabilis
1136 1611 1244 1637 tamen

235 1656 347 1685 fratris
364 1657 469 1685 nostri
486 1657 535 1691 O.,
554 1657 699 1696 episcopi
717 1658 908 1693 Tusculani,
928 1659 991 1694 cui,
1011 1659 1096 1689 sicut
1113 1660 1243 1695 asserit,

235 1708 375 1738 dilectus
389 1709 478 1739 lilius
493 1710 614 1739 nobilis
626 1710 677 1739 vir
687 1710 858 1741 Johannes
872 1711 1026 1741 dominus
1038 1713 1076 1741 de
1087 1713 1243 1747 Jonvilla,

234 1761 438 1791 senescallus
452 1762 644 1800 Campanie,
663 1763 765 1792 frater
783 1767 874 1798 tuus,
893 1764 939 1793 fili
960 1766 1004 1800 S„
1026 1765 1060 1794 in
1081 1769 1245 1795 transma-

235 1814 317 1844 rinis
334 1815 484 1852 partibus
506 1815 646 1845 multum
667 1816 887 1854 obsequiosus
910 1817 973 1846 suit
992 1827 1050 1855 per
1068 1827 1123 1847 sex
1140 1827 1244 1848 annos

234 1871 264 1896 et
282 1867 424 1905 amplius
441 1867 546 1897 Jhesu
563 1867 689 1898 Christi
707 1868 877 1907 obsequiis
894 1869 1111 1905 immorando,
1132 1875 1163 1900 et
1176 1880 1244 1900 ves-

235 1919 293 1949 tris
321 1920 474 1957 precibus
500 1920 671 1955 inclinati,
699 1922 894 1951 auctoritate
920 1922 1013 1952 vobis
1037 1924 1244 1961 presentium

233 1973 444 2002 concedimus
469 1973 702 2011 dispensando,
722 1978 774 2009 ut,
795 1974 1032 2012 impedimento
1053 1975 1244 2014 hujusmodi

233 2034 297 2054 non
315 2025 477 2060 obstante,
496 2026 599 2056 libere
616 2026 751 2064 possitis
768 2027 803 2056 in
820 2027 867 2057 sic
888 2031 1055 2058 contracto
1074 2029 1244 2059 matrimo-

234 2078 287 2107 nio
305 2088 488 2108 remanere.
507 2079 599 2108 Nulli
619 2083 679 2109 etc.
705 2084 817 2109 nostre
840 2081 1066 2110 concessionis
1087 2085 1147 2111 etc.
1168 2082 1241 2111 Dat.

234 2131 394 2168 Anagnie.
412 2132 442 2161 X
458 2131 617 2162 kalendas
631 2132 721 2171 julii,
743 2142 829 2162 anno
846 2133 963 2171 primo.
984 2146 996 2160 n

304 2301 394 2329 5⁵22

266 2362 390 2389 Johanui
407 2364 522 2389 ‹lomiuu
538 2363 680 2390 Jonvillae
697 2364 835 2398 indulget,
856 2369 900 2397 ut.
919 2375 984 2393 cum
1002 2368 1135 2400 generale
1151 2372 1242 2395 terrae

818 2305 944 2338 Anagni,
961 2305 994 2331 ‘32
1007 2305 1071 2339 juin
1093 2306 1170 2332 1255.

233 2411 319 2437 fuerit
341 2411 542 2444 interdictum,
565 2412 661 2438 divina
680 2412 771 2439 officia
795 2422 846 2448 per
869 2415 1047 2449 capellanum
1073 2416 1242 2443 celebranda

232 2460 330 2485 audire
349 2460 448 2494 possit.
467 2460 549 2493 (Rau.
568 2461 609 2491 24,
633 2469 658 2488 c.
676 2462 737 2494 47¹1,
755 2462 774 2489 s.
792 2463 846 2496 70.)

274 2573 286 2586 «
304 2561 404 2589 Nobili
422 2561 488 2589 viro
502 2561 638 2590 ,Iohanni
660 2562 783 2592 domino
799 2564 945 2600 Jotzvz'lte,
967 2568 1128 2596 senescallo
1151 2568 1241 2597 Cam-

230 2615 331 2651 panie.
355 2613 405 2642 Ast
421 2613 607 2643 faciendam
625 2614 686 2643 tibi
703 2615 843 2652 gratiam
860 2617 1048 2655 specialem,
1067 2620 1242 2650 venerabi-

232 2666 273 2696 lis
287 2666 401 2695 sratris
416 2666 520 2696 nostri
534 2667 584 2702 O.,
599 2667 743 2706 episcopi
755 2669 946 2706 Tusculani,
963 2676 994 2701 et
1007 2672 1073 2701 tuis
1087 2673 1241 2710 precibus

232 2718 402 2751 inclinati,
424 2719 618 2749 auctoritate
636 2722 838 2759 presentium
856 2723 1079 2761 indulgemus,
1100 2731 1146 2762 ut,
1167 2736 1242 2756 cum

233 2771 386 2809 generale
404 2776 488 2801 terre
507 2772 607 2801 fuerit
624 2773 849 2811 interdictum,
868 2775 965 2806 liceat
983 2777 1042 2807 tibi
1060 2778 1174 2809 audire
1191 2780 1241 2809 di-

233 2824 308 2854 vina
335 2824 441 2853 otlicia
469 2833 526 2862 per
556 2826 761 2863 capellanum
792 2832 899 2863 tuum,
927 2830 1102 2861 dummodo
1127 2833 1240 2871 januis

233 2877 374 2911 clausis,
405 2878 697 2908 excommunicatis
723 2883 753 2908 et
776 2879 963 2911 interdictis
986 2883 1146 2919 exclusis,
1174 2894 1239 2915 non

1330 289 1471 328 pulsatis
1492 292 1677 330 campanis,
1698 293 1866 324 submissa
1886 303 1976 329 voce,
1995 294 2109 324 divina
2125 294 2240 326 eadem
2254 295 2341 326 cele-

1329 341 1478 377 brentur,
1499 348 1600 383 tuque
1616 354 1750 375 causam
1767 354 1832 376 non
1848 346 1979 376 dederis
1992 347 2169 378 interdicto
2183 352 2214 378 et
2230 348 2263 378 id
2274 357 2340 379 non

1330 395 1499 434 contingat
1524 396 1585 426 tihi
1608 397 1798 436 specialiter
1821 398 2002 429 interdicti.
2024 398 2118 429 Nulli
2140 404 2199 430 etc.
2228 405 2340 432 nostre

1330 449 1556 480 concessionis
1570 454 1629 480 etc.
1649 451 1722 481 Dat.
1740 455 1776 481 ut
1792 460 1903 490 supra.
1923 463 1937 478 n

1401 621 1490 649 523
1930 622 2049 658 Naples.
2065 623 2096 650 21
2116 624 2172 651 mai
2188 624 2266 652 1255.

1367 681 1580 710 Beneventanis
1605 684 1760 711 confirmat
1786 685 1991 712 relaxationem
2017 686 2105 712 taxati
2130 686 2223 713 bullae
2247 686 2342 721 pretii,

1329 731 1404 765 quod
1422 732 1496 758 solet
1513 733 1547 758 ab
1565 732 1620 759 hiis
1639 733 1717 767 exigi
1738 734 1787 768 qui
1803 733 1914 760 litteras
1930 733 2105 768 apostolicas
2120 735 2291 769 impetrant,
2308 734 2343 762 ab

1330 779 1458 806 Honorio
1471 789 1542 815 papa
1552 780 1658 812 datam,
1671 782 1748 808 sicut
1765 782 1792 808 in
1809 785 1925 816 regesto
1942 781 2074 816 eJusdem
2092 790 2181 817 papae
2196 782 2345 818 perspexit

1329 829 1481 856 contineri.
1498 829 1580 861 (nso.
1598 830 1643 864 24,
1660 838 1685 857 c.
1702 830 1764 865 472,
1781 830 1800 857 f.
1818 831 1874 863 70.)

1372 943 1385 957 ι(
1406 931 1502 967 Clero,
1521 932 1697 961 consulibus
1714 937 1739 961 et
1752 933 1864 970 populo
1882 933 2112 962 Beneventanis.
2130 932 2277 971 Dignum
2292 937 2343 964 est

1329 982 1424 1014 valde
1445 983 1658 1019 conveniens,
1680 987 1715 1014 ut
1732 984 1782 1013 hii
1798 980 1881 1023 q‘uos
1898 984 1938 1014 ab
1955 984 2093 1023 antiquo
2111 985 2262 1015 Romana
2279 985 2343 1016 Ee-

1329 1035 1432 1066 clesia
1455 1036 1646 1074 spirituales
1671 1037 1758 1066 uteri
1775 1037 1828 1067 sui
1843 1036 1931 1067 filios
1953 1037 2156 1075 recognovit,
2177 1046 2249 1068 eam
2275 1037 2342 1068 sibi

1329 1089 1512 1128 propiciam
1527 1090 1674 1120 sentiant
1690 1099 1748 1128 per
1764 1094 1912 1120 materne
1930 1090 2119 1120 dilectionis
2137 1090 2291 1122 affectum
2309 1094 2342 1122 et

1329 1142 1400 1181 ejus
1420 1142 1569 1172 favorem
1590 1146 1620 1172 et
1637 1142 1778 1180 gratiam
1794 1142 1958 1180 gaudeant
1975 1151 2010 1172 se
2026 1142 2160 1173 habere.
2177 1142 2261 1174 Cum
2275 1143 2342 1182 igi-

1328 1200 1392 1230 tur,
1411 1196 1497 1225 sicut
1519 1195 1554 1224 in
1572 1200 1702 1233 regesto
1717 1195 1828 1225 felicis
1844 1195 2084 1226 recordationis
2100 1196 2241 1226 Honorii
2258 1205 2341 1236 pape

1327 1248 1573 1286 predecessoris
1590 1248 1695 1278 nostri
1716 1248 1944 1286 perspeximus
1961 1248 2143 1283 contineri,
2161 1248 2250 1279 idem
2265 1257 2341 1288 pre-

1328 1301 1482 1331 decessor
1513 1301 1548 1330 in
1576 1301 1710 1339 signum
1740 1300 1925 1339 spiritualis
1957 1300 2147 1332 dilectionis
2176 1305 2208 1332 et
2235 1301 2342 1340 gratie

1328 1358 1474 1383 taxatum
1494 1353 1583 1384 bulle
1599 1354 1748 1391 precium
1765 1353 1853 1392 quod
1869 1353 1950 1383 solet
1968 1353 2008 1383 ab
2024 1353 2092 1384 hiis
2109 1354 2195 1393 exigi
2212 1355 2271 1393 qui
2285 1354 2342 1385 lit-

1328 1411 1416 1436 teras
1428 1406 1626 1445 apostolicas
1640 1407 1818 1445 impetrant
1831 1406 1925 1436 vobis
1937 1406 2067 1436 duxerit
2080 1407 2342 1438 misericorditer

1328 1459 1561 1490 relaxandum:
1581 1468 1640 1489 nos
1662 1459 1769 1497 ipsius
1790 1459 2036 1497 predecessoris
2057 1458 2252 1490 inherentes
2266 1468 2342 1490 ves-

1329 1512 1420 1549 tigiis
1445 1516 1475 1541 et
1492 1512 1730 1550 compatientes
1749 1521 1787 1541 ex
1805 1511 1923 1541 intimo
1940 1511 2060 1541 vestris
2077 1512 2242 1549 angustiis
2259 1521 2342 1551 quas

1328 1564 1451 1595 directe
1463 1569 1595 1604 propter
1609 1565 1747 1596 eandem
1757 1564 1939 1595 Ecclesiam
1948 1565 2039 1603 passi
2051 1565 2143 1601 estis,
2158 1565 2252 1596 vobis
2266 1565 2339 1595 uni-

1328 1618 1434 1648 versis
1456 1622 1486 1648 et
1510 1618 1653 1655 singulis
1679 1618 1887 1656 presentium
1903 1618 2100 1648 auctoritate
2117 1618 2340 1653 concedimus,

1327 1676 1363 1701 ut
1391 1680 1449 1710 pro
1476 1671 1598 1701 litteris
1626 1671 1816 1709 apostolicis
1845 1680 1927 1709 quas
1955 1680 2012 1701 vos
2040 1670 2091 1701 vel
2115 1679 2342 1710 quoscumque

1327 1728 1474 1755 vestrum
1503 1729 1602 1762 super
1625 1724 1744 1753 vestris
1766 1724 1909 1762 propriis
1933 1724 2081 1761 negociis
2109 1723 2341 1761 spiritualibus

1326 1776 1379 1807 vel
1403 1776 1616 1813 generalibus
1641 1776 1818 1814 impetrare
1835 1775 2027 1813 contigerit,
2047 1775 2151 1805 nichil
2169 1775 2208 1806 de
2232 1779 2340 1806 cetero

1326 1839 1384 1868 pro
1401 1829 1491 1859 bulla
1505 1828 1631 1858 solvere
1650 1828 1842 1863 teneamini,
1862 1828 1919 1858 sed
1935 1837 1952 1858 a
1969 1828 2135 1858 solutione
2148 1828 2341 1868 hujusmodi

1326 1883 1491 1913 maneatis
1514 1891 1644 1920 semper
1667 1881 1766 1911 liberi
1794 1886 1825 1911 et
1849 1881 2003 1919 exempti.
2028 1881 2120 1911 Nulli
2143 1885 2204 1919 etc.
2227 1885 2339 1912 nostre

1327 1935 1553 1966 concessionis
1567 1939 1628 1965 etc.
1643 1935 1716 1964 Dat.
1728 1933 1879 1972 Neapoli,
1893 1934 1959 1964 XII
1970 1933 2238 1973 kalendasjunii.
2252 1942 2339 1964 anno

1326 1989 1444 2028 primo.
1466 2000 1478 2014 »

1395 2153 1486 2181 5⁸24
1913 2150 2042 2184 Anagni,
2060 2150 2168 2185 l9juin
2187 2150 2264 2177 ¹255.

1362 2216 1490 2242 Amedeo
1512 2214 1617 2240 Ptavori
1638 2213 1789 2240 domicello
1810 2216 1838 2239 et
1859 2212 1940 2239 Aelis
1962 2213 2043 2239 uxori
2064 2214 2140 2247 ejus,
2161 2212 2339 2240 Viennensis

1325 2265 1460 2297 diocesis,
1473 2263 1632 2298 dispensat,
1650 2266 1680 2289 ut
1694 2263 1720 2288 in
1739 2261 1921 2289 matrimonio
1932 2265 2081 2288 contracto
2094 2265 2270 2295 remaneant,
2281 2269 2338 2289 non

1325 2313 1458 2340 obstante
1470 2312 1544 2346 quod
1558 2311 1701 2346 quondam
1716 2310 1818 2337 Petrus
1831 2309 1954 2341 Valline,
1968 2311 2088 2336 maritus
2101 2310 2194 2341 Aelis,
2206 2309 2337 2337 Amedeo

1324 2361 1463 2389 attinebat
1478 2365 1579 2395 quarto
1591 2359 1854 2394 consanguinitatis
1866 2359 1967 2393 gradu.
1981 2358 2066 2391 (Rae.
2079 2358 2123 2389 24,
2137 2366 2162 2385 e.
2175 2357 2239 2391 473,
2251 2358 2272 2385 f.
2284 2358 2339 2393 70.)

1367 2476 1380 2490 α
1400 2463 1524 2492 Amedeo
1540 2463 1652 2491 Raoori
1670 2462 1826 2490 domicello
1846 2466 1872 2490 et
1891 2461 1987 2489 nobili
2005 2461 2132 2489 vullieri
2148 2461 2229 2490 Aleis
2246 2461 2339 2490 uxori

1324 2517 1398 2554 ejus,
1415 2516 1619 2552 Vien[nen]sis
1635 2515 1769 2543 diocesis.
1783 2513 1867 2544 Cum
1881 2521 2031 2543 summus
2046 2512 2196 2550 pontifex
2206 2512 2336 2543 collatis

1325 2573 1386 2599 etc.
1408 2577 1514 2607 usque
1537 2578 1543 2596 :
1570 2567 1657 2597 circa
1683 2566 1854 2606 quosdam.
1874 2565 1958 2596 Cum
1980 2565 2111 2604 itaque,
2135 2565 2221 2595 sicut
2241 2564 2337 2596 nobis

1325 2621 1513 2659 accepimus
1527 2619 1774 2650 intimantibus,
1791 2617 2040 2647 matrimonium
2059 2616 2264 2647 clandestine
2279 2625 2338 2656 per

1323 2675 1423 2705 verba
1441 2674 1479 2703 de
1495 2673 1642 2712 presenti
1659 2672 1699 2702 ad
1718 2671 1862 2701 invicem
1878 2670 2039 2700 duxeritis
2056 2669 2334 2706 contrahendum,

1323 2727 1433 2766 ignari
1448 2727 1534 2766 quod
1547 2726 1714 2765 quondam
1727 2726 1846 2755 Petrus
1857 2716 2000 2758 'Vallinffi
2015 2722 2154 2752 maritus
2166 2727 2254 2758 tuus,
2266 2722 2337 2752 filia

1324 2780 1427 2815 Aelis,
1446 2779 1522 2814 tibi,
1543 2779 1590 2808 tili
1606 2779 1761 2813 Amedee,
1783 2776 1944 2807 attinebat
1962 2780 2079 2814 quarto
2096 2775 2335 2813 consanguini-

1323 2833 1401 2862 tatis
1415 2833 1529 2870 gradu,
1544 2841 1603 2862 nos
1619 2831 1739 2861 vestris
1751 2829 2050 2869 supplicationibus
2066 2828 2230 2863 inclinati,
2247 2832 2283 2858 ut
2299 2828 2334 2858 in

1324 2885 1371 2915 sic
1396 2889 1563 2915 contracto
1583 2883 1812 2916 matrimonio,
1834 2882 2070 2921 impedimento
2094 2889 2158 2910 non
2181 2880 2333 2911 obstante
