2441 3330
754 185 766 195 ι

123 260 200 286 tione
223 258 432 293 archiepiscopi
453 258 630 284 Turonensis
651 257 704 283 loci
726 257 950 291 metropolitani,
976 264 1125 282 concessa.

126 308 207 341 (Res.
225 308 272 339 24,
290 316 315 334 c.
334 308 394 338 374,
411 307 431 335 f.
448 308 503 339 55.)

167 429 179 443 «
196 439 229 451 ..,
245 417 356 445 decano
371 416 490 445 ecclesie
504 416 682 444 Brioeensis.
696 414 778 444 Cum
793 422 811 443 a
825 413 920 443 nobis
930 414 1054 451 petitur
1068 418 1128 443 etc.

124 478 229 508 usque
244 479 250 497 z
264 469 428 498 effectum.
449 468 534 498 Sane
552 467 668 505 petitio
685 471 739 511 tua
760 466 854 495 nobis
867 466 1014 503 exposita
1025 466 1130 495 conti—

125 522 223 552 nebat
251 521 337 560 quod
368 520 569 550 venerabilis
603 520 704 548 frater
734 523 846 548 noster
875 541 907 553 ..,
941 517 1131 547 Briocensis

125 574 309 612 episcopus,
330 574 368 603 de
385 581 549 603 consensu
566 571 702 610 capituli
714 571 852 601 ecclesie
864 570 1066 605 Briocensis⁷
1081 570 1132 599 de-

124 626 322 656 liberatione
345 625 481 663 provida
497 624 612 654 statuit
637 624 723 662 quod
745 627 779 653 tu
801 627 831 653 et
854 632 1062 653 successores
1087 623 1133 652 tui

125 680 283 718 majorem
302 679 480 709 obtineatis
499 678 537 708 de
554 682 662 707 cetero
682 677 715 706 in
738 677 851 707 eadem
868 676 1007 706 ecclesia
1023 676 1134 713 digni-

125 736 227 762 tatem
243 736 274 761 et
297 736 364 761 tam
379 740 492 761 vocem
514 731 549 760 in
572 729 715 768 capitulo
732 739 831 768 quam
853 729 964 759 sedem
982 729 1017 758 in
1034 729 1133 758 choro

126 784 225 823 primi
240 787 313 822 post
332 784 521 822 episcopum
545 783 696 812 habeatis
720 791 757 812 ac
774 782 943 819 recipiatis
959 782 1134 811 incensum

126 840 158 866 et
176 845 291 874 pacem
313 836 469 866 similiter
486 839 559 874 post
579 835 720 865 eundem
741 839 772 864 et
795 834 869 864 sitis
894 834 928 863 in
951 834 1135 872 processio-

126 889 225 919 nibus
244 889 373 922 ultimi,
400 889 486 918 dicto
508 889 660 927 episcopo
685 888 854 917 dumtaxat
874 891 1022 925 excepto,
1046 887 1135 925 capi-

125 942 233 972 tulum
249 942 349 972 etiam
365 941 512 981 ejusdem
528 941 667 971 ecclesie
683 941 814 979 quando
836 941 938 970 fuerit
958 940 1135 978 expediens

126 1004 306 1025 convocare
322 995 457 1033 possitis
477 1003 513 1024 ac
528 994 736 1024 tractandum
753 1002 827 1023 cum
842 993 925 1031 ipsis
941 993 979 1023 de
994 993 1135 1023 necessi-

126 1047 251 1078 tatibus
268 1052 298 1077 et
314 1047 516 1077 utilitatibus
533 1046 724 1076 eorumdem
741 1056 747 1074 z
772 1046 812 1076 ad
832 1046 892 1076 hec
912 1055 989 1076 vero
1012 1050 1078 1075 tam
1101 1051 1136 1076 tu

128 1110 226 1140 quam
249 1101 278 1131 is
301 1101 358 1139 qui
374 1104 562 1130 assumetur
580 1100 619 1130 de
635 1104 743 1130 cetero
764 1100 799 1128 in
816 1100 977 1129 decanum
997 1099 1136 1130 ecclesie

128 1153 330 1188 Briocensis,
347 1153 375 1182 si
388 1152 529 1182 forsitan
544 1161 610 1182 non
623 1152 756 1181 fueritis
770 1152 804 1181 10
816 1152 931 1181 ordine
943 1152 1135 1188 sacerdotis,

127 1206 310 1236 teneamini
325 1206 472 1243 recipere
488 1205 612 1235 dictum
627 1205 777 1234 ordinem
791 1205 878 1234 infra
892 1214 996 1234 unum
1013 1213 1138 1234 annum

129 1258 385 1296 computandum
410 1267 428 1288 a
447 1262 593 1296 tempore
613 1262 722 1288 vestre
743 1258 972 1296 promotionis,
990 1262 1021 1288 et
1037 1259 1138 1288 totius

128 1312 249 1350 prefati
272 1310 408 1349 capituli
435 1320 471 1340 ac
498 1311 694 1341 clericorum
716 1310 808 1340 chori
830 1311 978 1349 eJ‘usdem
1000 1310 1139 1341 ecclesie

129 1373 243 1394 curam
259 1367 411 1401 gerentes
427 1364 462 1393 in
479 1372 533 1394 eos
550 1372 681 1393 omnem
695 1363 964 1402 jurisdictionem
989 1367 1020 1393 et
1044 1362 1138 1394 coac-

128 1417 253 1447 tionem
269 1426 351 1455 quas
367 1439 402 1452 ..,
420 1416 565 1446 decanus
581 1416 720 1446 ecclesie
740 1416 1014 1454 metropolitanus
1032 1417 1067 1445 in
1084 1425 1138 1446 ca-

126 1469 231 1508 pitulo
258 1473 288 1499 et
311 1469 441 1500 clericis
469 1470 539 1508 ejus
564 1469 691 1499 obtinet
713 1469 867 1504 valeatis,
895 1478 961 1498 non
985 1469 1137 1499 obstante

127 1522 239 1562 aliqua
260 1523 497 1553 constitutione
522 1522 703 1557 contraria,
723 1531 886 1552 exercere.
910 1522 984 1552 Tibi
1007 1531 1137 1561 quoque

127 1585 165 1606 ac
191 1575 440 1606 successoribus
467 1575 545 1610 tuis,
571 1575 649 1614 qnia
674 1574 767 1604 vobis
790 1578 922 1613 propter
944 1575 1005 1605 hec
1024 1576 1138 1612 gravia

125 1628 302 1658 imminent
315 1637 417 1658 onera
428 1636 657 1666 expensarum,
671 1627 759 1657 idem
773 1628 946 1666 episcopus
959 1631 1137 1666 proventus

127 1681 346 1721 quarumdam
379 1681 583 1712 decimarum
611 1681 651 1711 ad
680 1681 801 1710 dictam
836 1681 1011 1711 ecclesiam
1041 1682 1137 1711 Brio-

126 1743 261 1764 censem
279 1734 499 1772 spectantium
516 1734 550 1763 in
567 1738 761 1772 perpetuum
782 1733 962 1771 deputavit,
984 1737 1081 1772 prout
1102 1734 1137 1763 10

127 1787 318 1825 patentibus
344 1786 465 1816 litteris
490 1786 567 1816 inde
594 1786 754 1816 confectis
776 1790 806 1815 et
835 1786 990 1824 sigillatis
1016 1787 1138 1824 sigillis

128 1839 235 1878 ipsius
252 1839 396 1878 episcopi
418 1848 454 1869 ac
470 1839 672 1869 venerabilis
693 1839 807 1869 fratris
829 1839 933 1869 nostri
953 1863 985 1874 ..‚
1009 1840 1139 1870 archie-

128 1892 255 1931 piscopi
272 1892 487 1928 Turonensis,
504 1892 568 1922 1001
584 1892 840 1930 metropolitani,
859 1893 1000 1931 signatis
1018 1893 1140 1923 dicitur

130 1945 262 1984 plenius
278 1945 454 1975 contineri.
477 1946 545 1975 Nos
567 1945 680 1983 itaque
701 1944 885 1975 devotionis
906 1949 960 1975 tue
986 1946 1139 1984 precibus

130 1998 295 2028 inclinati.
315 1998 401 2036 quod
417 2006 515 2036 super
530 1997 704 2036 premissis
718 1997 758 2027 ab
775 1998 888 2027 eodem
904 1999 1056 2036 episcopo
1070 2008 1140 2037 pro-

130 2051 206 2080 vide
222 2051 344 2079 factum
364 2054 424 2085 est,
444 2054 551 2080 ratum
568 2050 728 2080 habentes
748 2054 779 2079 et
801 2054 941 2087 gratum,
961 2050 1044 2080 illud
1063 2060 1141 2081 auc-

132 2103 263 2133 toritate
285 2102 464 2141 apostolica
479 2103 713 2132 confirmamus
730 2106 790 2132 etc.
808 2112 914 2141 usque
932 2113 938 2132 2
956 2104 1141 2134 communi-

132 2165 217 2186 mus.
234 2155 328 2185 Nulli
348 2159 408 2185 etc.
427 2159 538 2185 nostre
555 2155 780 2185 concessionis
801 2159 859 2185 ete.
885 2157 958 2185 Dat.
982 2156 1138 2195 Neapoli,

132 2209 228 2239 nonis
246 2209 337 2243 maii,
356 2217 442 2238 anno
457 2208 574 2247 primo.
595 2220 607 2234 »ι

201 2412 292 2441 456

167 2475 272 2501 Abbati
290 2475 456 2501 monasterii
477 2483 502 2502 s.
524 2475 640 2501 Andree
665 2474 855 2506 Viennensis,
877 2475 986 2501 ordinis
1003 2483 1026 2501 s.
1046 2475 1140 2501 Bene-

130 2523 210 2555 dicti,
230 2523 326 2550 utendi
344 2524 427 2550 mitra
442 2523 576 2550 concedit
592 2524 767 2550 facultatem.
780 2524 863 2556 (lieo.
894 2524 917 2553 4,
932 2532 958 2550 c.
976 2524 1037 2557 375,
1050 2524 1068 2550 f.
1086 2525 1142 2557 55.)

748 2412 863 2448 Naples,
882 2414 895 2439 7
915 2413 969 2439 mai
990 2413 1068 2440 1255.

176 2644 188 2659 ι(
212 2655 242 2668 ..,
264 2632 365 2660 abbati
388 2633 569 2660 monasterii·
591 2632 691 2660 sancii
710 2632 826 2660 Andr-ce
847 2632 1037 2666 Viennensis,
1058 2632 1143 2660 ordi-

134 2687 184 2715 nis
203 2686 303 2715 sancii
322 2685 484 2713 Benedicti.
504 2683 587 2714 Cum
610 2684 645 2712 in
666 2684 866 2721 prelatorum
887 2688 1005 2713 ornatu
1027 2685 1143 2714 decoro

136 2737 274 2768 ecclesie
302 2737 499 2766 decorentur
528 2740 558 2765 et
586 2736 732 2774 ipsorum
756 2737 925 2775 majoritas
947 2737 1145 2767 accendatur

135 2790 247 2820 verius
261 2790 294 2819 111
312 2798 425 2819 eorum
439 2789 693 2818 honoriticentia
707 2789 875 2826 grandiori
887 2789 1083 2828 quandoque
1098 2798 1145 2819 ro-

968 184 1191 221 PREMIERE
1214 192 1372 222 ANNEE.
2160 198 2213 228 135

1210 256 1301 287 laris.
1324 259 1368 288 Ut
1390 259 1493 296 igitur
1515 269 1552 289 60
1574 260 1727 290 habearis
1751 262 1925 299 gratiosior
1946 272 2008 300 ([110
2031 264 2213 301 potioribus

1211 311 1403 347 cognoveris
1423 312 1532 341 efferri
1558 313 1733 350 apostolice
1753 314 1846 344 Sedis
1870 315 1963 345 donis
1990 326 2026 345 ac
2049 321 2214 347 monaste-

1211 362 1298 391 rium
1321 367 1412 392 1111110
1436 365 1523 402 quod
1545 366 1686 402 gaudere
1709 367 1860 397 volumus
1885 369 2038 406 specialis
2060 379 2214 408 preroga-

1214 414 1279 443 tiva
1304 416 1407 452 gratie
1430 416 1464 445 in
1488 418 1600 454 sponsi
1623 419 1674 447 sui
1697 419 1847 448 decentia
1865 420 2077 458 jocundetur,
2101 423 2215 451 utendi

1212 466 1309 495 mitra
1336 467 1475 497 liberam
1504 468 1563 497 tibi
1594 474 1624 499 et
1654 471 1899 501 successoribus
1933 473 1997 502 tuis
2023 475 2215 505 auctoritate

1213 519 1418 555 presentium
1443 521 1652 550 concedimus
1677 522 1875 552 facultatem.
1900 525 1991 553 Nulli
2019 530 2078 554 etc.
2106 531 2215 557 nostre

1214 571 1439 601 concessionis
1458 577 1517 601 etc.
1535 574 1608 602 Dat.
1626 578 1661 603 ut
1678 584 1787 612 supra.
1808 588 1820 601 »

1286 775 1375 804 45³2
1802 779 1918 813 Naplcs,
1935 780 1967 806 2?
1984 781 2051 806 avril
2073 783 2147 810 12255.

1253 842 1414 870 Convcntui
1441 845 1605 872 monialium
1635 847 1809 873 inclusarum
1837 849 2000 874 monasterii
2026 849 2060 875 ‹lc
2087 850 2220 877 l'aradiso

1212 892 1298 925 juxta
1317 892 1457 919 Susacum
1477 895 1602 927 regulam
1627 904 1650 921 s.
1676 895 1830 929 Augustini
1849 898 1931 930 juxta
1952 898 2082 924 instituta
2104 899 2220 925 fratrum

1220 940 1450 968 Praedicatorum
1468 943 1501 968 ab
1518 943 1589 977 ipsis
1606 944 1723 970 electam
1739 948 1766 970 ct
1781 945 1814 970 ab
1833 944 1867 971 H.
1884 946 1957 972 tituli
1971 954 1994 973 s.
2008 946 2129 973 Sabinae
2143 957 2221 981 pres-

1218 990 1318 1024 bytero
1334 991 1470 1017 cardinali
1487 992 1669 1026 approbatam
1687 993 1844 1019 confirmat.
1863 993 1945 1027 (Rea.
1960 995 2004 1026 ⁶24,
2020 1004 2045 1021 e.
2059 996 2119 1025 376.
2133 997 2150 1022 f.
2167 997 2222 1030 55.)

1261 1125 1274 1139 α
1295 1136 1327 1147 ..,
1347 1114 1493 1150 priorisse
1516 1118 1541 1142 et
1561 1116 1725 1143 conventui
1742 1117 1929 1145 monialium
1952 1118 2141 1147 inclumruw
2160 1129 2224 1148 1710-

1219 1167 1350 1194 nasico‘ii
1366 1166 1398 1194 (Ze
1415 1167 1560 1195 Paradiso
1569 1168 1664 1203 juoeia
1682 1168 1841 1203 Szisacu‘m,
1860 1170 1978 1198 ordinis
1996 1173 2095 1200 51111611
2109 1173 2224 1211 [1119113-

1221 1219 1296 1252 tim‘,
1318 1219 1502 1248 Coloniensis
1521 1219 1654 1248 diocesis.
1678 1221 1784 1250 Justis
1807 1222 1990 1259 petentium
2009 1228 2069 1253 etc.
2089 1234 2193 1262 usque
2216 1235 2222 1253 ε

1220 1271 1394 1309 complere.
1415 1271 1536 1301 Petilio
1559 1272 1723 1310 siquidem
1740 1278 1848 1303 vestra
1868 1275 1963 1304 nobis
1986 1276 2132 1305 exhibita
2147 1286 2225 1307 con-

1220 1323 1347 1353 tinebat
1361 1324 1457 1362 quod,
1472 1333 1546 1353 cum
1562 1334 1619 1354 vos
1633 1325 1694 1354 sub
1707 1326 1822 1363 regula
1836 1327 1924 1357 beati
1941 1329 2119 1365 Augustini
2132 1330 2226 1368 juxta

1219 1377 1374 1407 instituta
1390 1377 1584 1407 dilectorum
1603 1377 1747 1408 liliorum
1765 1379 1905 1409 fratrum
1925 1382 2050 1411 ordinis
2069 1383 2223 1412 Predica-

1220 1435 1328 1460 torum
1349 1439 1412 1468 que
1431 1430 1526 1459 nobis
1549 1435 1737 1468 competunt
1761 1432 1946 1470 elegissetis
1967 1434 2002 1462 in
2025 1436 2223 1465 monasterio

1220 1486 1329 1512 vestro
1349 1482 1387 1511 de
1411 1483 1586 1512 Paradisso
1607 1483 1701 1521 juxta
1723 1484 1898 1520 Susacum,
1923 1486 2009 1523 quod
2031 1491 2079 1516 est
2097 1488 2225 1517 novella

1219 1535 1380 1574 plantatio
1397 1535 1567 1569 virtutum,
1586 1536 1726 1566 Domino
1736 1541 1892 1575 perpetuo
1907 1538 2070 1573 famulari,
2085 1539 2223 1570 dilectus

1219 1588 1309 1618 filius
1329 1592 1440 1617 noster
1453 1588 1494 1617 H.
1514 1588 1601 1617 tituli
1621 1593 1732 1618 sancte
1749 1589 1870 1619 Sabine
1891 1591 2053 1628 presbiter
2074 1593 2225 1622 cardina-

1219 1641 1277 1676 lis,
1298 1644 1376 1670 tunc
1395 1640 1429 1669 in
1450 1641 1600 1678 partibus
1622 1641 1690 1671 illis
1712 1642 1889 1680 apostolice
1912 1643 2006 1674 Sedis
2024 1644 2167 1681 legatus,
2192 1646 2226 1675 id

1221 1694 1417 1732 approbans,
1435 1693 1584 1731 regulam
1600 1694 1704 1731 ipsam
1723 1695 1904 1724 secundum
1916 1696 2070 1726 instituta
2080 1698 2226 1735 predicta

1220 1746 1314 1776 vobis
1340 1746 1535 1775 auctoritate
1559 1746 1735 1783 legationis
1761 1756 1819 1777 sue
1844 1748 2082 1779 nichilominus
2108 1751 2226 1779 confir-

1221 1800 1334 1835 mavit,
1352 1803 1448 1837 prout
1460 1799 1495 1828 in
1509 1800 1699 1837 patentibus
1711 1800 1831 1830 litteris
1849 1802 1919 1840 ejus
1935 1803 2093 1832 consectis
2110 1804 2226 1834 exinde

1222 1862 1259 1882 ac
1284 1861 1343 1882 suo
1364 1852 1475 1890 sigillo
1498 1853 1638 1890 signatis
1658 1853 1789 1891 plenius
1812 1854 1933 1884 dicitur
1959 1856 2130 1886 contineri.
2159 1858 2226 1887 Nos

1221 1906 1334 1944 itaque
1350 1905 1470 1935 vestris
1487 1905 1785 1943 supplicationibus
1799 1907 1962 1942 inclinati,
1980 1917 2137 1946 personas
2153 1918 2226 1939 ves-

1223 1963 1290 1988 tras
1307 1962 1338 1988 et
1351 1958 1590 1987 monasterium
1609 1958 1718 1996 ipsum
1740 1968 1814 1988 cum
1830 1960 1984 1990 omnibus
1999 1961 2095 1991 bonis
2111 1972 2173 2000 que
2192 1962 2226 1992 in

1222 2011 1466 2049 presentiarum
1490 2011 1733 2041 rationabiliter
1752 2012 1928 2049 possidetis
1951 2017 2006 2043 aut
2024 2014 2057 2042 in
2078 2015 2227 2045 futurum

1220 2064 1321 2104 justis
1343 2064 1449 2093 modis
1469 2068 1636 2101 prestante
1658 2064 1798 2094 Domino
1819 2066 1970 2103 poteritis
1989 2067 2141 2105 adipisci,
2166 2068 2226 2097 sub

1223 2116 1311 2146 beati
1329 2116 1418 2146 Petri
1432 2120 1462 2145 et
1476 2116 1800 2154 nosti-aprotectione
1817 2118 2016 2154 suscipimus
2033 2123 2063 2148 et
2079 2120 2227 2150 eamdem

1224 2169 1371 2207 regulam
1390 2169 1483 2198 vobis
1503 2169 1697 2198 auctoritate
1718 2169 1896 2206 apostolica
1915 2171 2147 2201 confirmamus
2164 2177 2224 2202 etc.

1223 2231 1329 2260 usque
1355 2231 1360 2249 :
1383 2221 1635 2251 communimus.
1660 2222 1848 2251 Statuentes
1866 2227 1902 2251 ut
1917 2223 2031 2260 regula
2051 2224 2227 2263 ipsajuxta

1223 2274 1377 2303 instituta
1392 2273 1554 2311 premissa
1575 2273 1610 2302 in
1627 2274 1712 2303 dicto
1732 2274 1932 2304 monasterio
1948 2276 2114 2313 perpetuis
2136 2277 2227 2306 sutu-

1224 2326 1270 2355 ris
1285 2326 1487 2364 temporibus
1502 2325 1740 2355 inviolabiliter
1753 2326 1955 2356 observetur.
1971 2327 2062 2357 Nulli
2077 2332 2136 2358 etc.
2155 2338 2226 2359 nos-

1225 2382 1272 2408 tre
1300 2378 1529 2416 protectionis,
1558 2378 1818 2408 confirmationis
1839 2382 1869 2408 et
1890 2380 2136 2411 constitutionis
2165 2386 2223 2412 etc.

1224 2432 1297 2460 Dat.
1316 2430 1465 2468 Neapoli,
1481 2431 1510 2460 X
1526 2430 1684 2461 kalendas
1700 2431 1791 2466 maii,
1807 2440 1893 2461 anno
1906 2433 2022 2470 primo.
2044 2446 2056 2459 »

1296 2633 1384 2661 458

1810 2634 1926 2669 Naplos,
1944 2636 1976 2661 ‘22
1993 2636 2061 2662 avril
2083 2637 2155 2664 1255.

1263 2701 1401 2735 Magistro
1426 2701 1551 2728 «Iohanni
1577 2702 1668 2733 Mane,
1692 2703 1830 2729 canonico
1845 2703 2022 2736 'I'ni-miensi,
2048 2707 2094 2738 qni
2122 2707 2225 2732 nullam

1227 2749 1394 2783 dignitatem
1412 2751 1454 2776 vel
1472 2755 1654 2784 personatum
1673 2752 1772 2785 babet,
1797 2756 1826 2778 ut
1846 2753 1964 2783 asserit,
1987 2761 2036 2778 scu
2059 2754 2226 2781 lmwficium

1228 2798 1455 2824 ecclesiasticum
1469 2807 1566 2825 curam
1580 2800 1686 2825 liabens
1698 2799 1867 2833 animarum,
1882 2800 2019 2834 indulget,
2034 2805 2061 2827 nt
2077 2802 2228 2829 1100116116·

137 2851 255 2874 manus
272 2842 417 2881 pontifex
439 2842 528 2880 ipsos
544 2841 695 2879 prevenit
715 2841 889 2879 privilegio
908 2842 1011 2879 gratie
1031 2842 1146 2879 Singu-
1184 2843 1188 2879 Ι
1230 2846 1291 2872 ficia
1309 2846 1504 2872 ecclesiastica
1522 2848 1562 2872 vel
1581 2845 1895 2881 unicum'personatum
1913 2857 1963 2874 scu
1980 2849 2145 2883 dignitatem
2162 2859 2227 2877 cum
