2498 3325
1017 208 1240 246 PREMIERE
1262 209 1420 247 ANNEE.
2208 224 2265 253 <245

171 282 288 308 clesiam
305 281 338 307 de
356 281 506 312 Bunclera,
524 281 739 308 Wintonicnsis
755 282 890 314 diocesis,
905 284 1019 309 unicum
1037 282 1110 309 aliud
1128 282 1177 307 be-

173 331 306 356 neficium
333 330 454 356 similem
480 338 577 356 curam
602 331 761 357 animarum
788 331 896 357 habeus
922 332 1048 365 recipcre
1074 332 1174 357 valeat.

171 379 253 412 (Rea.
273 379 317 408 ⁸24,
339 386 365 404 c.
387 379 459 409 640²,
477 379 495 404 f.
514 379 569 411 96.)

213 500 225 513 «
242 487 356 515 Eidem.
374 486 561 524 Apostolice
581 486 675 516 Sedis
695 486 884 524 benignitas
903 505 951 515 —.
970 488 1043 516 Dat.
1063 487 1175 524 Anag-

170 539 236 573 nie,
255 539 365 568 idibus
378 539 465 578 julii,
486 548 572 569 anno
588 539 705 577 primo.
721 551 733 565 n

239 699 344 750 809¹
748 723 871 756 Anagni,
890 723 919 749 31
938 724 1006 750 aout
1025 724 1102 750 1255.

204 784 418 810 Archidiacono
442 783 532 810 Vallis
555 783 668 810 Positae
689 784 718 810 in
741 785 862 811 ecclesia
885 784 1027 819 Burgensi
1048 785 1172 819 mandat,

166 834 303 868 quatinus
326 832 443 858 Garsiae
467 832 601 859 Roderici
624 832 659 858 de
679 832 792 867 Lavega
816 834 842 859 in
869 834 962 868 aliqua
986 834 1173 860 ecclesiarum

168 881 357 915 Legioncnsis
378 881 421 906 vel
441 880 595 907 Ovetensis
612 881 771 907 diocesium
789 881 951 916 provideat,
968 883 1048 916 juxta
1064 883 1173 908 litteras

166 929 327 955 ninom-mii
349 938 436 963 papae
459 929 608 962 Anagniae
627 929 654 955 II
673 929 808 955 kalendas
824 930 951 956 octobris
967 939 1041 956 anno
1058 931 1173 965 pontifi-

164 981 248 1004 catus
270 977 340 1003 ΧΠο
355 978 449 1007 datas,
468 985 516 1003 cas
532 977 566 1003 de
583 982 696 1010 regesto
713 978 843 1012 ejusdem
860 982 990 1012 sumptas
1007 979 1172 1006 inserendo.

165 1026 249 1057 (Rm.
267 1026 310 1057 91,
327 1035 352 1052 e.
371 1026 432 1059 641,
450 1026 468 1051 s.
487 1026 543 1057 96)

207 1146 219 1161 «
292 1135 510 1163 archidiacono
532 1135 621 1163 Vallis
637 1135 732 1164 Posite
750 1137 781 1164 in
796 1137 918 1165 ecclesia
936 1137 1094 1173 thrqensi.
1114 1137 1173 1166 Di-

164 1186 270 1216 lectus
287 1186 376 1216 filius
396 1187 532 1217 Garsias
554 1187 708 1216 Roderici
727 1187 766 1217 de
786 1188 930 1225 Lavega,
953 1198 1077 1227 pauper
1095 1189 1173 1218 sub-

165 1238 325 1268 diaconus
350 1238 490 1268 clericus
513 1239 605 1269 chori
629 1239 767 1269 ecclesie
790 1240 980 1275 Ovetensis,
1003 1241 1037 1269 in
1061 1245 1174 1270 nostra

165 1291 335 1330 proposuit
347 1292 514 1329 presentia
528 1293 740 1327 constitutus,
756 1293 843 1331 quod
856 1293 925 1331 ipse
944 1293 1052 1323 felicis
1068 1303 1173 1324 recor-

167 1344 310 1373 dationis
328 1345 353 1374 1.
377 1353 460 1382 papa
477 1345 709 1382 predecessore
733 1350 844 1375 nostro
863 1346 903 1375 ad
927 1350 957 1375 te
980 1356 1079 1384 super
1098 1356 1173 1384 pro-

165 1397 294 1426 visione
312 1406 371 1426 sua
384 1397 512 1427 litteras
527 1398 732 1427 executorias
750 1398 810 1428 sub
827 1398 1041 1436 infrascripta
1054 1399 1170 1434 forma,

165 1459 264 1488 quam
283 1450 321 1479 de
347 1455 476 1487 regesto
502 1450 649 1489 ejusdem
669 1451 913 1488 predecessoris
937 1451 1024 1481 sumi
1047 1456 1078 1481 et
1098 1461 1172 1489 pre-

163 1504 314 1534 sentibus
331 1504 435 1534 inseri
452 1505 694 1540 mandavimus,
710 1505 905 1543 impetrarit.
926 1507 1044 1536 Forma
1061 1510 1171 1536 autem

162 1557 238 1587 talis
256 1562 304 1587 est
323 1567 328 1586 :

645 1630 771 1663 Anagni,
789 1630 821 1657 30
839 1631 1003 1665 septembre
1023 1630 1099 1658 1254.

201 1712 213 1725 «
234 1699 449 1729 Innocentius
464 1703 542 1733 etc.‚
561 1699 680 1728 dilecto
696 1698 765 1728 filio
784 1722 820 1733 ..,
842 1699 1075 1729 archidiacono
1091 1699 1170 1729 Val-

162 1763 175 1778 »
199 1751 242 1781 lis
255 1751 365 1781 Posite
377 1751 411 1780 in
424 1750 565 1781 ecclesia
574 1751 750 1788 Burgensi,
766 1751 912 1781 Salutem
926 1755 986 1781 etc.
1001 1752 1170 1782 Desudan-

162 1815 174 1830 »
200 1803 289 1833 tibus
312 1803 450 1833 scientie
466 1803 654 1833 litterarum
677 1803 820 1833 libenter
836 1808 998 1841 oportuna
1020 1804 1170 1833 subsidio

162 1868 174 1883 n
199 1865 426 1894 procuramus,
441 1860 488 1891 ut,
505 1856 545 1886 ad
557 1856 824 1894 prosecutionem
836 1856 939 1885 studii
951 1856 1085 1886 illorum
1097 1866 1170 1886 mu-

162 1920 175 1935 »
200 1908 328 1938 nimine
342 1909 531 1944 sustentati,
544 1908 664 1939 fortius
678 1908 880 1944 animentur,
896 1912 927 1939 et
940 1918 998 1947 pro
1015 1918 1172 1939 necessa-

163 1973 175 1988 »
201 1962 327 1991 riorum
343 1962 474 1991 defectu
492 1962 708 1999 retrospicere
726 1970 792 1991 non
809 1961 924 1997 coacti,
941 1961 981 1991 ad
991 1962 1170 2000 perceptio-

164 2026 177 2041 »
202 2023 278 2044 nem
307 2014 436 2053 quesite
476 2014 615 2044 scientie
648 2014 780 2043 facilius
816 2013 949 2044 valeant
983 2014 1169 2052 pervenire.

164 2080 177 2094 »
203 2068 289 2097 Hinc
312 2072 360 2097 est
383 2067 470 2106 quod
493 2076 563 2101 nos,
588 2067 707 2097 dilecto
726 2067 794 2097 filio
817 2067 935 2097 Garsie
954 2067 1109 2097 Roderici
1132 2067 1170 2097 de

165 2133 177 2147 »
202 2121 343 2158 Lavega,
359 2120 571 2155 subdiacono,
588 2119 707 2150 clerico
721 2119 812 2149 chori
829 2119 967 2150 ecclesie
981 2119 1167 2156 Ovetensis,

165 2186 177 2200 >2
203 2173 332 2203 nullum
348 2177 444 2211 prout
467 2173 586 2202 asserit
609 2172 872 2202 ecclesiasticum
894 2172 1094 2202 beneficium
1118 2181 1171 2202 as-

164 2238 177 2253 »
202 2230 326 2260 secuto,
344 2225 410 2255 nisi
427 2225 567 2264 quedam
584 2225 664 2254 adeo
680 2225 759 2254 vilia
776 2225 862 2263 quod
879 2225 929 2254 vix
946 2228 1052 2262 potest
1069 2225 1107 2254 de
1124 2224 1169 2262 ip-

164 2292 176 2306 »
202 2288 314 2309 sorum
331 2278 545 2317 proventibus
562 2287 618 2316 per
634 2278 845 2307 medietatem
863 2278 1020 2315 temporis
1037 2282 1169 2307 susten-

163 2343 176 2358 »
201 2331 281 2361 tari.
304 2331 451 2360 volentes
470 2331 578 2360 facere
602 2330 742 2367 gratiam
765 2330 953 2368 specialem,
972 2329 1169 2359 mandamus

163 2396 175 2410 n
201 2385 358 2422 quatinus
375 2392 449 2412 eum
466 2383 499 2412 in
518 2383 629 2421 aliqua
648 2382 864 2412 ecclesiarum
883 2382 1101 2420 Legionensis
1118 2382 1168 2411 vel

162 2449 175 2463 »
200 2436 374 2467 Ovetensis
391 2436 563 2465 civitatum
580 2440 610 2465 et
632 2435 814 2464 diocesium
835 2444 909 2464 cum
931 2444 1010 2464 cura
1028 2434 1079 2464 vel
1096 2434 1169 2463 sine

161 2502 174 2516 J)
200 2498 289 2523 cura,
309 2488 408 2518 etiam
426 2488 453 2517 si
470 2487 644 2525 collegiata
660 2487 790 2522 existat,
808 2496 866 2525 per
878 2491 908 2517 te
926 2487 977 2517 vel
994 2496 1050 2525 pcr
1066 2486 1169 2516 alium

162 2558 174 2569 ,ι
201 2543 302 2580 recipi
328 2542 430 2571 facias
456 2542 490 2570 in
512 2541 708 2570 canonicum
729 2550 788 2570 seu
810 2540 968 2570 clericum
991 2544 1022 2570 ct
1042 2540 1077 2569 in
1100 2540 1169 2569 sra-

162 2608 174 2622 »
200 2600 298 2629 trem,
319 2599 350 2624 et
373 2595 410 2624 de
429 2594 600 2626 beneficio,
620 2593 647 2622 si
671 2593 757 2631 quod
778 2593 901 2622 ibidem
926 2596 1019 2622 vacat
1038 2592 1077 2621 ad
1094 2601 1169 2629 pre-

162 2661 175 2675 »
201 2657 277 2678 sens
295 2647 344 2677 vel
362 2646 528 2685 quamcito
545 2646 584 2675 ad
601 2646 634 2674 id
655 2655 689 2675 se
706 2645 847 2675 facultas
867 2644 1040 2679 obtulerit,
1058 2644 1169 2681 provi-

162 2714 174 2727 »
199 2701 281 2730 deri.
301 2701 373 2729 Non
393 2700 544 2729 obstante
559 2699 587 2728 si
600 2699 633 2727 in
649 2698 799 2733 ecclesia,
819 2698 852 2726 in
872 2707 937 2736 qua
954 2697 1018 2726 sibi
1035 2696 1168 2726 duxeris

162 2766 174 2780 »
200 2752 450 2792 providendum,
466 2756 574 2781 certus
588 2751 631 2780 sit
647 2751 843 2780 clericorum
856 2759 915 2779 seu
932 2749 1167 2779 canonicorum

162 2818 175 2832 J)
201 2814 360 2834 numerus
379 2804 569 2838 institutus,
587 2804 786 2842 juramento,
805 2802 1056 2831 confirmatione
1073 2810 1168 2838 apos-

162 2871 175 2884 »
201 2858 297 2887 tolica
314 2857 363 2887 vel
381 2856 445 2886 alia
462 2856 610 2895 qualibet
627 2856 782 2884 firmitate
799 2854 941 2889 vallatis,
965 2858 1020 2883 aut
1035 2854 1063 2883 si
1077 2853 1112 2882 in
1131 2862 1168 2882 ea

1262 293 1274 306 »
1300 281 1480 313 direximus
1503 294 1560 321 pro
1583 285 1658 315 aliis
1682 286 1801 323 scripta
1826 290 1939 316 nostra
1961 287 2082 325 quibus
2107 288 2261 318 nolumus

1261 344 1273 358 »
1299 335 1493 365 auctoritate
1510 338 1714 374 presentium
1733 339 1953 376 prejudicium
1971 341 2139 376 generari,
2160 345 2215 370 aut
2234 342 2263 371 si

1261 397 1273 410 ι»
1299 386 1381 415 alias
1405 387 1621 419 beneficiatus
1649 390 1776 424 existit,
1802 390 1871 420 sive
1896 391 1961 420 alia
1986 392 2133 430 qualibet
2156 393 2263 422 indul-

1260 450 1272 463 »
1298 438 1409 474 gentia
1425 440 1621 479 cuicumque
1638 451 1787 479 persone,
1806 442 1875 471 loco
1894 443 1945 473 vel
1961 444 2115 481 dignitati
2131 445 2169 474 de
2186 454 2261 483 par-

1261 502 1272 515 »
1298 490 1386 519 tibus
1403 491 1470 521 illis
1488 492 1527 520 ab
1540 493 1717 530 apostolica
1731 494 1812 523 Sede
1827 503 1992 530 concessa,
2007 497 2093 534 quod
2104 497 2262 535 suspendi

1260 554 1272 567 1>
1298 546 1353 571 aut
1372 542 1526 572 interdici
1546 544 1596 573 vel
1618 546 1896 574 excommunicari
1919 548 2069 586 quodque
2089 549 2129 577 ad
2150 558 2262 587 recep-

1260 606 1272 619 »
1299 594 1421 623 tionem
1446 595 1497 624 vel
1517 596 1739 633 provisionem
1763 597 1903 636 alicujus
1926 600 2076 637 compelli
2098 610 2162 630 non
2185 611 2261 639 pos-

1260 658 1272 671 »
1298 646 1375 681 sint,
1400 647 1465 676 nisi
1492 647 1530 676 de
1558 648 1766 685 indulgentia
1790 649 1862 686 ipsa
1885 650 1981 687 plena
1997 656 2027 681 et
2048 661 2202 690 expressa
2226 654 2262 683 in

1260 710 1272 724 »
1298 699 1421 728 nostris
1439 699 1560 729 litteris
1581 701 1706 729 mentio
1726 701 1898 731 habeatur.
1919 703 2184 735 Contradictores
2201 710 2261 735 etc.

1260 764 1272 777 n
1297 752 1370 780 Dat.
1389 752 1551 789 Anagnia
1569 753 1601 782 II
1616 753 1776 783 kalendas
1793 754 1947 789 octobris,
1966 757 2174 793 pontificatus
2191 766 2263 787 nos-

1260 816 1272 830 »
1298 805 1340 833 tri
1355 813 1441 834 anno
1460 805 1666 835 duodecimo.
1686 818 1698 831 n

1297 858 1361 887 Sed
1384 858 1461 887 licet
1485 858 1572 887 idem
1594 858 1817 889 subdiaconus
1838 860 2029 899 hujusmodi
2055 861 2113 890 tibi
2134 862 2262 892 litteras

1256 911 1471 948 presentarit,
1505 911 1618 940 eodem
1648 915 1758 941 tamen
1790 912 2021 949 predecessore
2054 918 2156 943 morte
2187 923 2262 951 pre-

1256 967 1369 997 vento,
1389 963 1517 992 nullum
1535 973 1573 993 ex
1589 964 1671 1002 ipsis
1687 964 1808 994 litteris
1825 966 2030 995 commodum
2048 971 2096 995 est
2113 967 2260 1004 adeptus.

1257 1015 1352 1045 Unde
1369 1015 1464 1045 nobis
1480 1015 1654 1046 humiliter
1671 1017 1879 1055 supplicavit,
1895 1022 1930 1047 ut
1947 1018 2137 1057 hujusmodi
2151 1028 2264 1057 prose-

1257 1067 1313 1105 qui
1350 1067 1490 1104 gratiam
1523 1068 1561 1098 de
1598 1069 1803 1106 benignitate
1839 1070 2019 1107 apostolica
2058 1080 2262 1101 curaremus.

1256 1119 1399 1158 Ideoque
1420 1121 1615 1151 mandamus
1632 1122 1802 1160 quat-inus,
1821 1123 1848 1151 si
1865 1126 1913 1152 est
1938 1123 1994 1157 ita,
2014 1123 2160 1161 predicto
2184 1124 2263 1153 sub-

1256 1172 1393 1202 diacono
1412 1173 1505 1211 juxta
1533 1174 1716 1211 predictum
1744 1179 1892 1204 tenorem
1917 1176 2050 1206 studeas
2077 1177 2260 1214 providere.

1256 1226 1329 1254 Dat,
1350 1226 1517 1263 Anagnie,
1537 1227 1568 1256 ΙΙ
1586 1226 1745 1256 kalendas
1770 1228 1982 1265 septembris,
2003 1237 2088 1258 anno
2111 1229 2227 1266 primo.
2249 1242 2261 1255 »

1326 1417 1413 1444 810

1290 1478 1388 1504 Electo
1407 1478 1554 1505 Parmensi
1572 1479 1695 1511 mandat,
1715 1484 1744 1506 ut
1759 1479 1900 1506 Jacobino
1916 1481 1950 1506 de
1966 1480 2123 1514 Galegana‚
2142 1481 2260 1516 pauperi

1254 1527 1359 1553 clerico
1375 1527 1501 1553 diocesis
1515 1536 1594 1558 suae,
1611 1528 1646 1554 de
1662 1529 1756 1562 aliquo
1773 1529 1970 1555 ecclesiastico
1990 1530 2127 1555 beneficio
2143 1538 2259 1564 compe-

1254 1576 1322 1602 tenti
1345 1576 1414 1601 nulli
1433 1576 1480 1601 alii
1502 1576 1618 1610 dejure
1638 1577 1733 1603 debito
1754 1577 1781 1603 in
1800 1577 1892 1611 aliqua
1908 1578 2095 1604 ecclesiarum
2113 1587 2182 1604 suae
2197 1578 2262 1604 dio-

1842 1418 1957 1456 Naplcs,
1979 1419 2007 1445 12
2024 1419 2093 1445 avril
2113 1420 2188 1446 1255.

1253 1625 1329 1650 cesis
1353 1624 1502 1658 providere
1526 1629 1675 1658 procuret,
1696 1625 1803 1651 faciens
1820 1634 1884 1652 cum
1901 1626 1928 1652 in
1946 1626 2020 1652 dicta
2037 1627 2158 1652 ecclesia
2172 1628 2260 1661 recipi

1256 1673 1282 1698 in
1300 1673 1434 1698 clericum
1452 1676 1479 1698 et
1497 1673 1522 1698 in
1540 1673 1665 1698 fratrem.
1683 1673 1765 1705 (Rau.
1784 1673 1827 1705 ⁶24,
1845 1682 1870 1699 c.
1888 1674 1949 1707 64⁶2,
1966 1674 1984 1700 s.
2003 1674 2071 1706 96¹.)

1296 1786 1308 1800 «
1340 1797 1372 1807 ..,
1402 1776 1489 1803 electo
1513 1775 1683 1803 Parmensi.
1713 1774 1861 1804 Dilectus
1888 1774 1978 1804 filius
2006 1775 2187 1806 Jacobinus
2210 1793 2258 1805 —.

1254 1827 1327 1856 Dat.
1346 1826 1496 1864 Neapoli,
1516 1828 1546 1856 II
1564 1827 1638 1856 idus
1655 1827 1785 1864 aprilis,
1807 1836 1892 1856 anno
1909 1827 2026 1864 primo.
2047 1840 2059 1853 ι»

1326 2011 1408 2039 811

1290 2072 1395 2098 Abbati
1417 2072 1582 2099 monasterii
1597 2072 1631 2098 de
1647 2072 1744 2098 Monte
1760 2072 1789 2098 S.
1807 2072 1955 2099 Michaelis
1972 2073 2006 2099 de
2024 2074 2154 2100 Periculo
2172 2076 2259 2101 maris

1255 2128 1338 2146 usum
1356 2121 1467 2153 mitrae,
1484 2121 1581 2146 annuli
1597 2124 1652 2147 etc.
1669 2121 1810 2148 concedit.
1828 2121 1911 2153 (Rau.
1925 2121 1969 2153 24,
1985 2131 2010 2148 c.
2028 2122 2088 2153 643,
2105 2123 2124 2150 f.
2141 2123 2209 2156 96¹.)

1740 2011 1864 2046 Anagni,
1882 2011 1914 2038 26
1931 2012 2093 2046 septembre
2113 2013 2190 2040 1255.

1296 2233 1308 2248 «
1327 2244 1360 2256 ..,
1378 2222 1488 2256 abbati,
1507 2227 1533 2250 et
1546 2223 1710 2251 conventui
1724 2223 1903 2251 monasterii
1919 2223 1952 2251 de
1967 2224 2063 2252 Monte
2080 2224 2187 2253 Sancti
2202 2225 2261 2254 Mi-

1253 2275 1365 2302 chaelis
1381 2275 1413 2302 de
1429 2275 1567 2303 Periculo
1584 2276 1698 2309 maris,
1716 2275 1836 2304 ordinis
1850 2277 1950 2304 sancti
1967 2277 2129 2311 Benedicti,
2146 2278 2260 2306 Abrin-

1253 2328 1348 2356 censis
1362 2327 1494 2355 diocesis.
1516 2327 1559 2356 Ut
1576 2327 1731 2364 pulcraet
1747 2327 1864 2357 decora
1880 2332 1940 2358 etc.
1954 2338 2059 2367 usque
2074 2339 2079 2358 1
2096 2330 2257 2360 decorem.

1253 2379 1442 2416 Eapropter,
1461 2378 1572 2408 dilecti
1593 2379 1628 2408 in
1650 2380 1790 2409 Domino
1806 2380 1881 2416 filii,
1906 2381 2025 2411 vestris
2046 2382 2260 2420 supplicatio-

1253 2431 1351 2460 nibus
1373 2431 1542 2466 inclinati,
1567 2431 1642 2467 tibi,
1663 2431 1711 2460 fili
1731 2432 1853 2467 abbas,
1877 2436 1907 2462 et
1924 2434 2174 2464 successoribus
2193 2435 2258 2464 tuis

1252 2485 1286 2514 in
1303 2489 1510 2523 perpetuum,
1532 2486 1646 2515 utendi
1662 2487 1772 2519 mitra,
1791 2487 1901 2522 anulo,
1921 2488 2049 2524 tunica,
2071 2489 2258 2525 dalmatica,

1252 2537 1439 2576 cyrothecis
1456 2542 1487 2567 et
1506 2538 1666 2568 sandaliis
1684 2548 1720 2568 ac
1736 2539 1954 2570 benedicendi
1970 2541 2074 2578 pallas
2092 2541 2205 2571 altaris
2229 2546 2260 2571 et

1252 2590 1316 2619 alia
1340 2594 1535 2619 ornamenta
1557 2590 1797 2627 ecclesiastica,
1819 2592 2010 2622 conferendi
2029 2593 2170 2631 primam
2186 2598 2259 2623 ton-

1252 2652 1363 2672 suram
1383 2652 1419 2671 ac
1436 2643 1581 2673 minores
1597 2643 1730 2673 ordines
1747 2648 1778 2674 et
1796 2644 1896 2673 dandi
1912 2645 2177 2675 benedictionem
2194 2646 2259 2675 sol-

1251 2695 1416 2732 lempnem
1429 2699 1495 2724 tam
1506 2695 1541 2724 in
1555 2695 1678 2725 divinis
1693 2696 1810 2726 officiis
1825 2706 1923 2735 quam
1934 2697 1969 2726 in
1986 2706 2111 2728 mensa.
2127 2698 2259 2735 plenam

1251 2747 1463 2777 concedimus
1491 2748 1685 2777 auctoritate
1707 2749 1914 2786 presentium
1940 2749 2141 2780 facultatem.
2166 2750 2259 2779 Nulli

1251 2803 1312 2828 etc.
1331 2804 1441 2829 nosti-c
1458 2800 1683 2829 concessionis
1698 2804 1759 2830 etc.
1774 2801 1848 2830 Dat.
1863 2801 2025 2838 Anagnie,
2041 2803 2085 2831 VI
2099 2802 2258 2831 kalendas

1251 2852 1404 2887 octobris,
1424 2861 1510 2881 anno
1526 2853 1641 2890 primo.
1662 2865 1673 2879 »
