2456 3585
951 314 1174 353 PREMIERE
1197 315 1356 353 ANNEE.
2167 325 2202 356 13

177 393 236 421 46
652 390 771 425 Names,
788 390 945 424 ¹13janvier
963 389 1039 416 1255.

143 455 308 486 Thomasio,
327 454 413 488 priori
429 454 572 488 prioratus
587 453 622 479 de
638 452 769 487 Hustica,
787 451 1005 478 Pauor-mitanae
1017 450 1114 476 dioce-

107 504 164 538 sis,
182 503 324 537 indulget,
342 506 373 529 ut
388 512 404 529 a
423 511 476 529 suo
497 502 638 536 prioratu,
660 501 723 528 sine
743 500 859 535 speciali
876 499 1008 526 mandato
1026 507 1113 533 papae

108 552 230 579 faciente
247 551 281 577 de
297 551 407 578 indulto
423 549 591 584 hujusmodi
602 549 788 582 mentionem,
801 548 927 574 amoveri
938 556 953 573 a
968 554 1114 581 quoquam

110 608 164 626 non
182 600 284 635 possit.
300 599 383 632 (nm.
399 598 444 632 ⁶24,
461 606 486 624 c.
504 597 546 631 38,
565 598 585 623 f.
604 597 653 631 6³¹.)

151 713 164 727 «
186 701 358 733 Thomasio,
378 699 481 736 priori
498 699 658 735 prioratus
676 697 709 725 ale
723 697 864 729 H‘ttstica,
882 695 1001 723 ordinis
1016 695 1115 723 sancti

108 754 270 785 Benedicti,
290 753 509 781 Panormitano
525 751 659 779 diocesis.
674 749 831 779 Volentes
844 756 983 785 persone
997 751 1052 777 tue
1065 764 1111 775 —.

109 807 183 835 Dat..
201 804 350 843 Neapoli,
368 804 479 833 idibus
493 802 650 842 januarii,
669 810 756 831 anno
771 800 886 838 primo.
909 812 920 825 >2

179 976 236 1005 4¹?
658 973 775 1006 Naples,
795 972 825 998 11⁶2
838 972 952 1006 janvier
968 971 1046 998 1255.

145 1038 289 1073 Episcopo
306 1037 501 1063 Lincolniensi
518 1035 661 1069 indulget,
680 1038 711 1061 ut
728 1035 799 1061 ultra
816 1043 900 1060 unam
917 1033 1020 1060 dietam
1038 1036 1119 1059 extra

110 1095 192 1114 suam
209 1086 357 1116 diocesim,
374 1085 490 1120 quaein
508 1083 687 1117 longitudine
703 1091 753 1117 per
768 1083 895 1117 quinque
911 1082 1001 1108 dietas
1017 1081 1119 1108 durare

110 1135 230 1168 dicitur,
248 1137 370 1168 nequeat
386 1142 435 1168 per
458 1133 567 1159 litteras
590 1132 764 1166 apostolicas
787 1131 951 1157 convenire⁴
969 1130 1052 1163 (Rae.
1068 1130 1118 1160 Ἧι,

110 1191 136 1210 c.
154 1183 196 1215 39,
214 1183 232 1210 f.
251 1183 300 1213 fir)

154 1298 167 1312 (ι
237 1287 370 1322 episcopo
384 1284 600 1313 Litzeolniensi.
625 1281 842 1319 Exigentibus
858 1285 913 1311 tue
935 1280 1120 1311 devotionis

112 1356 161 1368 —,
176 1338 256 1368 Tuis
273 1338 385 1376 itaque
400 1337 554 1375 precibus
570 1335 739 1369 inclinati,
757 1335 818 1364 tibi
834 1334 875 1364 ad
890 1334 997 1364 instar
1012 1333 1120 1364 felicis

112 1390 351 1420 recordationis
376 1391 401 1419 I.
426 1397 507 1427 pape
529 1387 773 1427 predecessoris
796 1387 902 1417 nostri
925 1387 1120 1416 auctoritate

111 1443 318 1481 presentium
344 1442 568 1479 indulgemus,
589 1444 625 1471 ut
649 1440 736 1470 ultra
757 1449 859 1469 unam
883 1439 1005 1469 dietam
1030 1443 1121 1469 extra

111 1500 203 1525 tuam
225 1495 383 1525 diocesim
403 1504 465 1533 que
488 1494 523 1523 in
541 1493 750 1531 longitudine
769 1502 827 1531 per
847 1492 994 1531 quinque
1015 1491 1120 1522 dietas

111 1548 231 1577 durare
253 1547 375 1576 dicitur
397 1556 542 1585 nequeas
562 1555 620 1584 per
641 1546 769 1575 litteras
789 1545 984 1583 apostolicas
1006 1553 1119 1575 conve—

112 1600 189 1635 niri,
203 1599 270 1629 nisi
282 1599 391 1629 littere
403 1599 474 1637 ipse
484 1598 617 1637 plenam
631 1598 669 1628 de
682 1598 744 1627 hac
756 1597 966 1635 indulgentia
978 1597 1119 1627 fecerint

108 1653 324 1683 mentionem.
348 1651 441 1682 Nulli
466 1656 527 1681 etc.
556 1655 667 1681 nostre
696 1651 921 1681 concessionis
946 1655 1004 1681 etc.
1038 1651 1118 1680 Pre-

109 1704 260 1735 sentibus
276 1709 346 1743 post
364 1704 633 1743 quinquennium
649 1708 710 1734 etc.
728 1705 802 1734 Dat.
821 1703 976 1741 Neapoli,
995 1704 1027 1733 II
1043 1703 1117 1733 idus

105 1757 264 1796 januarii,
284 1766 370 1787 anno
383 1757 500 1795 primo.
521 1769 533 1783 >³

179 1929 239 1957 48
658 1927 775 1961 Naples,
794 1927 826 1953 15
838 1926 953 1961 janvier
968 1927 1045 1954 1255.

146 1990 242 2017 Nobili
255 1990 314 2016 viro
326 1990 466 2016 Anselmo
482 1989 597 2016 domino
613 1989 648 2015 de
661 1989 726 2015 Keu
742 1993 770 2016 et
785 1989 890 2016 Mariae
904 1990 985 2016 uxori
1000 1990 1075 2023 ejus,
1088 1997 1120 2016 se

113 2040 140 2066 in
155 2043 256 2074 quarto
272 2042 301 2064 et
319 2040 419 2073 quinto
440 2038 701 2072 consanguinitatis
721 2038 812 2072 gradu
835 2038 956 2064 attinere
976 2038 1121 2064 credenti—

113 2088 183 2120 bus,
200 2088 228 2114 in
246 2088 329 2114 tertio
346 2090 441 2113 autem
457 2090 485 2112 et
506 2090 608 2120 quarto
627 2086 717 2121 gradu
740 2086 899 2113 adinvicem
916 2087 1121 2121 attinentibus,

113 2136 244 2170 indulget
256 2139 286 2162 ut
301 2135 329 2161 in
344 2134 525 2161 matrimonio
536 2137 683 2161 contracto
698 2138 874 2162 remaneant.
888 2134 969 2169 (Rea.
983 2135 1026 2166 24,
1039 2143 1065 2162 c.
1078 2135 1122 2166 40,

115 2185 135 2212 f.
150 2185 201 2217 ev.)

158 2299 170 2313 α
183 2287 283 2316 Nobili
300 2287 366 2314 viro
378 2286 518 2314 Anselmo
529 2285 651 2314 domino
667 2285 701 2314 de
712 2286 775 2314 Keu
788 2290 813 2314 et
830 2286 925 2314 Marte
943 2287 1032 2315 umori
1049 2287 1122 2323 ejus.

115 2339 309 2370 Devotionis
323 2338 498 2368 sinceritas
512 2346 611 2376 quam
622 2355 670 2366 —.
687 2338 773 2368 Sane
790 2337 876 2367 sicut
892 2347 929 2368 ex
943 2342 1056 2369 tenore
1072 2347 1124 2377 pe-

116 2392 244 2422 titionis
260 2396 368 2421 vestre
385 2390 587 2429 accepimus,
605 2399 662 2420 vos
678 2390 713 2419 in
730 2394 847 2429 quarto
866 2394 896 2420 et
914 2391 1030 2429 quinto
1047 2400 1125 2421 con-

116 2444 353 2482 sanguinitatis
367 2444 470 2481 gradu
481 2443 623 2473 attinere
636 2443 807 2473 credentes
821 2444 1071 2474 matrimonium
1088 2453 1125 2474 ex

115 2496 362 2535 dispensatione
376 2496 471 2526 Sedis
484 2496 662 2534 apostolice
676 2496 899 2525 contraxistis
913 2498 1038 2527 Verum
1051 2506 1125 2527 cum

116 2554 189 2588 post
200 2549 450 2579 matrimonium
465 2549 656 2588 hujusmodi
670 2554 900 2579 consumatum
912 2553 942 2579 et
959 2550 1126 2580 carnalem

115 2602 204 2632 inter
219 2610 276 2631 vos
297 2601 448 2639 copulam
468 2602 679 2632 subsecutam
700 2602 743 2631 sit
764 2606 953 2640 reppertum
969 2603 1003 2631 in
1024 2603 1126 2633 tercio

117 2659 149 2685 et.
173 2659 290 2693 quarto
310 2654 612 2691 consanguinitatis
635 2654 739 2691 gradu
760 2664 817 2684 vos
843 2655 1029 2685 adinvicem
1050 2656 1126 2685 atti-

118 2716 212 2741 nere,
237 2707 332 2736 nobis
351 2706 523 2736 humiliter
545 2706 769 2744 supplicastis,
788 2711 823 2736 ut
839 2707 939 2737 saluti
962 2712 1069 2738 vestre
1091 2709 1126 2738 in

118 2759 180 2789 hac
207 2764 298 2797 parte
324 2758 497 2788 consulere
521 2758 782 2789 misericorditer
809 2759 1032 2797 dignaremur.
1060 2762 1127 2792 Nos

118 2811 231 2850 itaque
258 2811 394 2840 obtentu
424 2810 624 2840 venerabilis
649 2811 764 2841 fratris
790 2812 893 2841 nostri
983 2814 1127 2852 episcopi

122 2864 322 2897 Prenestini,
335 2872 432 2901 super
443 2863 503 2893 hoc
514 2863 724 2901 apostolicam
735 2864 955 2901 g1·atiain‹:um
969 2866 1127 2897 instantia

121 2916 330 2954 implorantis
354 2915 530 2953 specialem
553 2924 609 2945 vos
630 2916 741 2945 favore
762 2917 866 2953 gratis·v
891 2924 1128 2957 prosequentes

124 2972 158 2997 ut
182 2968 418 3006 iinpeslii‘nvnto
444 2968 743 3005 consanguinitatis
768 2969 958 3007 hujusmodi
983 2981 1047 3001 non
1072 2972 1129 3000 ol>-

1196 391 1303 417 stante
1324 388 1359 417 in
1380 389 1427 418 sic
1448 393 1614 419 contracto
1634 390 1846 420 matrimonio
1860 389 1999 420 valeatis
2017 390 2202 420 adinvicem

1194 440 1285 470 licite
1301 450 1472 472 remanere
1493 443 1688 473 auctoritate
1709 443 1801 473 vobis
1823 443 2029 481 presentium
2049 443 2202 481 indulge-

1195 502 1280 522 mus.
1299 493 1392 523 Nulli
1412 498 1472 523 ete.
1498 499 1608 525 nostre
1629 496 1852 525 concessionis
1869 499 1929 525 etc.
1952 497 2025 525 Dat,
2049 495 2200 535 Neapoli,

1195 546 1309 576 XVIII
1322 546 1480 576 kalendas
1496 547 1668 582 februarii,
1685 556 1770 577 anno
1783 548 1900 586 primo.
1928 560 1940 575 >³

1268 715 1326 742 43
1742 716 1858 751 Naples,
1879 718 2034 751 t1janvie1·
2053 719 2129 745 1255.

1235 775 1280 808 Bi,
1299 777 1389 817 electo
1405 776 1611 810 Squfflacensi,
1629 777 1766 810 indulget,
1785 781 1816 803 ut
1830 778 2007 812 praebendas
2022 782 2051 804 et
2065 779 2203 806 beneficia

1199 824 1396 850 ecclesiastica
1411 833 1483 858 quae
1499 825 1526 850 in
1542 833 1630 858 regno
1648 824 1761 851 Siciliae
1776 829 1841 851 ante
1860 827 2067 860 promotionem
2084 827 2206 854 habebat

1200 871 1321 896 retinere
1338 871 1425 897 libere
1442 872 1531 896 valeat
1546 879 1697 905 quousque
1709 871 1915 905 Squillacensis
1929 873 2068 899 ecclesiae
2079 873 2204 907 quietam

1201 920 1414 954 possessionem
1431 920 1571 947 habuerit.
1588 920 1671 953 (Rae.
1687 920 1731 953 24,
1744 928 1768 946 c.
1783 920 1827 953 41,
1840 921 1858 946 f.
1871 921 1916 951 ΘΠ
1936 920 2081 948 Porrfflsr
2097 921 2202 953 15631.)

1243 1033 1255 1046 «
1283 1022 1326 1055 B„
1356 1022 1443 1049 electo
1469 1022 1681 1058 squillacensi.
1712 1021 1869 1051 Volentes
1896 1022 2130 1060 indempnitati
2154 1027 2206 1052 tue

1199 1077 1337 1112 paterna
1355 1073 1580 1103 sollicitudine
1602 1074 1791 1111 providere,
1815 1074 1981 1103 devotioni
2002 1078 2055 1103 tue
2076 1078 2111 1103 ut
2133 1084 2207 1112 pre—

1200 1126 1326 1156 bendas
1349 1130 1380 1156 et
1400 1126 1562 1156 beneficia
1583 1126 1806 1156 ecclesiastica
1830 1136 1893 1165 que
1914 1127 1950 1156 in
1970 1136 2071 1165 regno
2094 1127 2206 1157 Sicilit¹

1202 1183 1277 1209 ante
1291 1180 1532 1217 promotionem
1546 1184 1635 1209 tuam
1646 1179 1792 1209 habebas
1808 1180 1952 1210 retinere
1967 1180 2071 1209 libere
2084 1180 2205 1215 valeas

1202 1241 1375 1271 quousque
1392 1232 1631 1271 Squillacensis
1648 1232 1786 1262 ecclesie
1804 1233 1949 1271 quietam
1964 1233 2209 1271 possessionem

1202 1285 1372 1319 habueris,
1391 1294 1455 1323 qua
1472 1289 1502 1315 te
1518 1285 1640 1315 asseris
1657 1285 1844 1323 spoliatum.
1862 1294 1921 1315 nec
1937 1286 1975 1315 de
1991 1286 2059 1315 illis
2074 1286 2209 1316 interim

1202 1341 1354 1376 pretextu
1378 1338 1565 1367 litterarum
1585 1347 1684 1376 super
1706 1347 1988 1376 quorumcumtpic
2010 1337 2209 1375 provisioni-

1202 1390 1264 1419 bus
1280 1390 1315 1419 in
1329 1399 1430 1428 regno
1444 1390 1589 1428 predicto
1603 1399 1621 1419 a
1634 1390 1716 1420 Sede
1733 1390 1911 1428 apostolica
1926 1390 2135 1419 obtentarum
2151 1399 2207 1420 seu

1203 1442 1459 1472 obtinendarum
1471 1443 1505 1471 in
1518 1447 1698 1480 posterum,
1714 1443 1781 1472 nisi
1792 1443 1830 1472 (le
1844 1443 1991 1481 presenti
2002 1443 2209 1479 indulgentia

1201 1495 1335 1534 plenam
1364 1499 1394 1526 et
1421 1504 1610 1534 expressam
1633 1496 1773 1526 fecerint
1799 1496 2012 1529 mentionem,
2041 1495 2207 1533 provideri

1201 1549 1306 1587 possit
1328 1548 1440 1580 alicui,
1462 1558 1569 1587 neque
1588 1548 1637 1578 hii
1654 1549 1695 1578 ad
1710 1558 1791 1587 quos
1813 1549 2050 1578 beneficiorum
2073 1548 2207 1578 illorum

1202 1601 1333 1631 collatio
1354 1601 1497 1639 pertinet
1519 1601 1577 1631 illa
1597 1602 1746 1631 conferre
1766 1601 1898 1631 valeant
1919 1601 2113 1631 auctoritate
2132 1609 2207 1639 pre-

1202 1654 1348 1684 sentium
1364 1654 1586 1691 indulgemus.
1600 1654 1692 1684 Nulli
1707 1658 1767 1684 etc.
1783 1658 1893 1684 nostre
1905 1653 2129 1683 concessionis
2145 1657 2205 1684 etc.

1200 1707 1275 1736 Dat.
1294 1705 1444 1744 Neapoli,
1460 1707 1510 1736 III
1526 1706 1600 1736 idus
1613 1706 1772 1745 januarii,
1791 1715 1877 1736 anno
1892 1706 2010 1744 primo.
2027 1717 2040 1732 »

1270 1884 1329 1912 50
1762 1883 1883 1918 Naples,
1901 1884 1917 1910 9
1929 1884 2043 1918 janvier
2060 1884 2138 1911 1255.

1237 1946 1343 1972 Abbati
1360 1949 1388 1972 et
1403 1946 1558 1972 conventui
1580 1945 1746 1972 monasterii
1765 1945 1800 1971 de
1816 1945 1895 1971 Rure
1918 1945 2009 1979 Regis
2029 1945 2100 1980 [Rye
2122 1945 2209 1972 Klos-

1201 1997 1267 2030 terJ,
1284 1994 1487 2021 Cisterciensis
1503 1994 1627 2027 ordinis,
1647 1994 1849 2020 Sleswicensis
1865 1994 2003 2028 diocesis,
2020 1995 2126 2028 quibus
2142 1998 2211 2021 tunc

1203 2043 1396 2070 existentibus
1419 2044 1446 2069 in
1468 2044 1643 2070 monasterio
1664 2043 1762 2069 Aurea
1783 2042 1880 2069 Insula
1895 2043 2052 2076 vulgariter
2070 2043 2211 2078 appellato

1205 2092 1332 2119 decimas
1348 2092 1487 2126 quasdam
1502 2091 1530 2118 in
1547 2091 1707 2126 parrochiis
1722 2090 1825 2125 Nybel,
1841 2090 1961 2125 Tholge,
1974 2091 2103 2126 Kalleby,
2121 2091 2212 2118 eccle-

1205 2141 1248 2167 sia
1263 2149 1287 2167 s.
1307 2140 1465 2170 Michaelis,
1480 2139 1772 2174 Haldenesbrathorp,
1787 2139 1957 2170 Grumetolt,
1972 2139 2098 2166 Broaker
2114 2140 2211 2167 beatae

1207 2189 1361 2215 memoriae
1388 2188 1596 2215 Waldemarus
1626 2188 1827 2215 sleswicensis
1856 2190 2010 2223 episcopus
2037 2189 2211 2223 contulerat,

1206 2238 1306 2264 beatae
1326 2238 1481 2264 memoriae
1502 2241 1598 2264 autem
1622 2237 1759 2264 Nicolaus
1784 2237 1984 2263 Sleswicensis
2008 2237 2163 2272 episcopus
2185 2241 2213 2264 et

1206 2286 1356 2313 Johannes
1372 2285 1574 2312 Sleswicensis
1584 2286 1740 2321 episcopus
1753 2289 1818 2320 post
1833 2275 2047 2312 translationem
2058 2286 2092 2312 ad
2107 2286 2211 2320 locum,

1206 2335 1235 2362 in
1251 2344 1308 2371 quo
1325 2344 1402 2362 nunc
1421 2338 1503 2368 sunt,
1521 2335 1549 2361 in
1568 2335 1768 2362 concambium
1790 2335 1929 2361 dictarum
1953 2334 2128 2361 decimarum
2144 2334 2213 2361 alias

1207 2384 1337 2410 conferre
1360 2387 1523 2414 curaverat,
1549 2383 1622 2409 hanc
1644 2383 1897 2409 commutationem
1919 2383 2082 2417 confirmat,
2104 2383 2212 2409 litteras

1208 2433 1324 2468 praefati
1338 2432 1447 2461 Nicolai
1458 2431 1768 2465 inse1·endo.(Rac‚.24,
1778 2440 1803 2458 c.
1815 2431 1856 2465 42,
1866 2431 1884 2457 f.
1896 2431 1938 2462 6V;
1953 2430 2097 2458 Porrffls’r
2108 2430 2214 2464 15627.)

1251 2547 1263 2559 «
1283 2557 1316 2569 ..,
1334 2534 1434 2563 abbati
1453 2539 1479 2562 et
1497 2535 1660 2563 conventui
1681 2534 1860 2562 monasterii
1878 2533 1911 2561 de
1931 2534 2009 2561 Rure
2027 2533 2126 2570 Reyis,
2150 2533 2214 2562 Cis-

1210 2588 1364 2616 terciensis
1382 2587 1515 2623 ordinis,
1538 2587 1740 2616 Steswicensis
1760 2587 1891 2615 diocesis.
1914 2585 1997 2616 Cum
2013 2594 2032 2615 a
2053 2585 2148 2615 nobis
2163 2602 2212 2614 —.

1209 2641 1282 2670 Dat.
1300 2639 1451 2678 Neapoli,
1469 2640 1497 2669 V
1512 2639 1587 2669 idus
1599 2639 1758 2678 januarii,
1777 2647 1862 2668 anno
1878 2638 1994 2677 primo.
2015 2650 2027 2664 n

1281 2819 1334 2847 51
1756 2817 1872 2852 Naples,
1892 2817 1918 2842 11
1936 2816 2048 2851 janvier
2068 2816 2141 2842 1255.

1247 2880 1396 2914 Gregorio,
1413 2880 1506 2906 abbati
1524 2879 1688 2905 monasterii
1706 2888 1730 2905 s.
1748 2878 1879 2904 Severini
1897 2877 2087 2912 Neapolitani,
2099 2877 2214 2911 dispen-

1211 2930 1352 2955 sationem
1370 2936 1457 2962 supcr
1472 2928 1585 2954 defectu
1607 2936 1692 2961 quein
1714 2927 1740 2952 in
1762 2935 1845 2952 manu
1867 2926 1965 2952 dextra
1987 2926 2090 2959 patitur
2111 2925 2213 2951 confir-

1213 2980 1284 3009 mat,
1304 2977 1411 3003 litteras
1427 2975 1650 3010 dispensationis
1670 2984 1685 3001 a
1706 2974 1845 3001 Riccardo
1861 2982 1884 3000 s.
1903 2974 2006 3007 Angcli
2028 2973 2169 2999 cardinale
2186 2973 2212 2999 in
