2498 3325
1002 235 1232 274 nEUXIEME
1254 234 1412 272 ANNEE.
2204 241 2262 273 383

160 316 248 346 sicut
275 314 415 345 dilectus
436 332 482 343 —.
506 315 580 343 Dat.
603 313 770 348 Laterani,
787 313 816 342 V
834 311 909 341 idus
929 310 1055 349 aprilis,
1081 317 1168 338 anno

158 369 316 400 secundo.
337 381 349 395 η

237 580 353 608 12ἵ6
772 577 884 608 Latran.
903 577 918 603 5
933 576 1002 603 avril
1020 576 1098 603 1256.

197 641 296 668 Eidem
314 641 439 668 Orlando
451 662 457 673 ‚
475 640 650 667 consobrino
667 648 730 674 suo,
747 639 894 674 indulget,
913 643 944 665 ut
959 639 1072 665 fruetus
1089 646 1172 673 prae-

162 690 273 717 bendae
293 690 473 716 Senonensis
497 690 636 715 eeclesiae
660 689 809 723 percipere
832 689 937 719 valeat,
960 697 1015 714 non
1039 688 1172 714 obstante

161 739 239 774 quod
255 739 405 772 obsequiis
418 747 506 772 papae
518 738 643 764 insistat.
654 737 738 770 (Rae.
748 737 792 768 24,
804 737 822 763 s.
838 736 1128 768 160v‚ann.11,c‚‘232
1140 737 1172 768 Ἰ.)

205 866 218 880 «
245 854 389 889 Orlanclo,
408 854 587 882 consobrino
611 858 636 882 et
652 854 808 890 capellano
826 857 937 887 nostro,
957 852 1104 880 canonico
1121 851 1173 880 Se-

161 906 302 934 nonensi.
326 904 405 934 Tuis
427 904 728 942 supplicationibus
746 903 899 933 inclinati
917 921 965 932 —.
984 904 1057 932 Dat.
1076 903 1173 932 Late-

162 958 247 993 rani,
267 957 364 987 nonis
383 957 509 995 aprilis,
529 965 615 986 anno
633 956 788 987 secundo.
810 969 822 982 ›>

237 1175 350 1202 ¹222

200 1237 339 1271 Magistro
356 1236 474 1263 Nicotao
490 1237 524 1262 de
541 1237 627 1263 Senis
644 1236 774 1267 mandat,
794 1240 824 1263 ut
845 1236 937 1262 eidem
958 1236 1083 1263 Orlando
1100 1236 1178 1263 sruc-

163 1289 213 1312 tus
229 1285 408 1319 praebendae
425 1285 587 1319 praedictae
613 1286 697 1312 saciat
718 1286 829 1319 integre
846 1285 1014 1312 ministrari.
1035 1284 1116 1317 (ΠΕΟ,
1133 1285 1176 1317 ⁶24,

163 1334 184 1361 f.
204 1333 276 1366 160¹,
294 1342 360 1360 ann.
380 1333 419 1365 11,
436 1342 462 1361 c.
478 1334 571 1365 232³.)

775 1173 889 1205 Latran,
908 1174 922 1200 7
939 1173 1008 1199 avril
1026 1174 1104 1200 1256.

207 1462 220 1475 «
234 1450 379 1486 Magistro
394 1450 517 1478 Nicotao
533 1449 566 1478 de
582 1449 678 1485 Senis,
699 1449 882 1478 subdiacono
893 1454 918 1478 et
934 1450 1091 1487 capellano
1107 1459 1178 1478 nos-

166 1507 224 1530 tro.
244 1501 365 1531 Dilecti
390 1501 452 1530 filii
477 1501 614 1531 Orlandi
638 1519 687 1530 —.
714 1502 787 1531 Dat.
818 1502 985 1536 Laterani,
1011 1503 1075 1532 VII
1102 1502 1176 1532 idus

164 1554 293 1593 aprilis,
315 1564 401 1584 anno
419 1554 574 1584 secundo.
596 1567 608 1580 »

242 1774 358 1802 1228
750 1774 863 1808 Lati-an,
882 1774 913 1801 10
933 1782 1010 1801 mars
1029 1774 1104 1802 1256.

203 1837 341 1871 Magistro
360 1836 495 1867 Futconi,
513 1836 647 1871 scriptori
671 1845 739 1867 suo,
756 1837 896 1863 canonico
911 1836 1063 1869 Trecensi,
1081 1838 1178 1872 nepoti

164 1885 268 1912 Jacohi
284 1885 413 1920 episcopi
428 1884 601 1917 prenestini,
612 1885 741 1919 indulget
755 1888 795 1918 ut,
808 1888 922 1919 praeter
933 1885 1071 1912 beneficia
1084 1886 1178 1913 eccle-

167 1935 285 1961 siastica
298 1935 357 1968 jam
375 1934 501 1966 obtenta,
520 1934 636 1960 unicum
653 1933 728 1960 aliud
746 1934 917 1960 beneficium
931 1935 1022 1969 possit
1039 1935 1178 1970 recipere.

167 1982 251 2015 (Rea.
268 1982 316 2013 24,
333 1982 350 2008 f.
373 1982 443 2012 160',
461 1990 526 2008 ann.
544 1981 586 2013 ΙΙ,
604 1990 630 2008 o.
646 1982 720 2015 233.)

209 2110 222 2124 «
243 2098 386 2132 itiaqistro
404 2098 541 2132 thlconi,
560 2099 705 2135 scriptori
723 2103 836 2133 nostro,
857 2099 1006 2128 canonico
1028 2099 1176 2128 Trecensi.

168 2150 380 2181 sinceritatis
397 2150 550 2180 affectum
568 2159 666 2189 quem
683 2168 732 2179 —-.
752 2152 826 2180 Dat.
845 2151 1012 2187 Laterani,
1035 2152 1081 2182 VI
1104 2151 1179 2181 idus

167 2203 292 2238 martii,
312 2212 398 2232 anno
416 2203 571 2233 secundo.
595 2215 608 2229 n

247 2421 362 2449 12?ss

208 2482 346 2517 Magistro
363 2482 517 2513 Guizardo,
527 2484 605 2517 juris
617 2484 712 2510 civilis
724 2485 890 2519 professori,
907 2484 1036 2519 indulget
1049 2489 1089 2516 ut,
1102 2493 1183 2520 prae-

170 2534 215 2557 ter
231 2531 382 2557 ecclesiam
400 2531 435 2557 de
458 2531 598 2565 Ales-leia,
617 2533 703 2566 cujus
724 2536 881 2567 proventus
897 2533 918 2559 G
934 2533 1092 2560 solidorum
1109 2537 1184 2560 ster-

172 2579 316 2613 lingorum
336 2579 487 2606 valentiam
508 2588 632 2606 annuam
655 2588 709 2606 non
731 2581 890 2613 excedunt,
908 2582 1025 2608 unicum
1041 2581 1115 2608 aliud
1132 2582 1185 2608 be-

172 2628 308 2654 neficium
325 2628 453 2662 recipere
470 2629 571 2656 valeat.
585 2629 668 2662 (Rau.
685 2629 728 2659 ⁶24,
747 2630 767 2657 f.
785 2630 858 2662 160¹,
875 2639 942 2658 ann.
958 2630 997 2665 11,
1014 2639 1039 2657 c.
1057 2631 1131 2664 234.)

746 2421 859 2456 Lati-an,
878 2422 907 2449 14
924 2423 995 2449 avril
1015 2423 1091 2450 1‘256.

217 2755 229 2769 «
254 2743 399 2780 Maqistro
422 2744 595 2780 Gziizarcto,
616 2745 727 2774 rectori
750 2747 868 2775 ecclesie
888 2746 922 2775 de
943 2747 1090 2782 Atestez‘a,
1115 2747 1189 2776 Con-

175 2797 346 2825 ventrensis
365 2796 506 2832 diocesis,
524 2798 612 2834 jtcris
632 2798 735 2827 civilis
750 2800 926 2836 professori.
944 2799 1037 2829 Licet
1056 2803 1189 2838 propter

174 2848 395 2886 quorumdam
412 2867 460 2878 —.
480 2850 553 2879 Dat.
576 2851 750 2887 Laterani,
775 2851 890 2883 XVIII
913 2851 1073 2883 kalendas
1090 2853 1186 2888 maii,

173 2908 264 2931 anno
278 2901 436 2932 secundo.
454 2914 466 2928 n

1325 309 1440 337 1280
1865 309 1978 342 Lati-an,
1995 310 2010 336 7
2025 309 2094 336 avril
2111 308 2189 336 1256.

1288 369 1392 396 Abbati
1410 371 1576 398 monasterii
1589 371 1776 403 Tutelteusis,
1790 371 2006 398 Lemovicensis
2017 371 2151 405 diocesis,
2167 372 2263 399 indul-

1252 421 1300 452 get
1320 419 1525 445 monasterium
1549 421 1614 454 ejus
1636 428 1690 446 non
1707 420 1905 446 contractibus
1925 420 2020 454 sigillo
2045 422 2109 455 ejus
2126 429 2180 447 nou
2198 429 2264 447 mu-

1253 467 1321 493 nitis
1336 467 1467 502 obligari.
1484 468 1568 501 (Rea.
1585 469 1630 502 24,
1648 469 1667 496 f.
1687 469 1758 500 1603
1776 477 1841 495 ann.
1859 469 1896 501 11,
1910 477 1933 496 e.
1948 469 2021 501 235)

1297 594 1309 608 «
1330 605 1362 617 ..,
1381 584 1482 611 abbati
1497 585 1679 612 monasterii
1697 585 1890 619 Tutellensis,
1911 585 2031 614 ordinis
2051 586 2151 614 sancti
2170 586 2266 614 Bene-

1255 636 1342 671 dicti,
1360 637 1579 665 Lemouicensis
1595 637 1730 665 diocesis.
1750 637 1843 671 Cum,
1863 637 1948 666 sieut
1965 646 2003 667 ex
2017 642 2107 675 parte
2125 641 2180 667 tua
2198 637 2263 667 fuit

1255 688 1458 726 propositum
1478 698 1588 718 coram
1604 689 1712 724 nohis,
1728 694 1910 719 conventus
1925 690 1973 719 tui
1985 690 2179 720 monasterii
2192 699 2263 729 pro-

1255 740 1365 778 prium
1382 741 1530 779 sigillum
1549 751 1614 771 non
1631 742 1762 777 habeat,
1777 743 1834 772 sed
1850 743 1885 771 in
1899 743 2104 781 quibuslibet
2120 743 2264 773 tractati-

1256 792 1328 827 bus,
1347 794 1571 823 contractibus
1591 798 1621 824 et
1640 795 1787 832 negociis
1803 795 1852 825 uti
1870 795 1980 833 sigillo
1997 796 2136 831 abbatis,
2154 797 2211 835 qui
2227 797 2264 826 in

1256 846 1370 875 eodem
1393 847 1596 876 monasterio
1613 852 1721 885 preest
1740 856 1798 885 pro
1815 851 1971 886 tempore,
1991 853 2152 883 teneatur,
2172 854 2202 879 et
2218 850 2265 879 ita

1256 899 1391 937 pacifice
1420 899 1631 929 observatum
1652 900 1754 929 suerit
1777 909 1795 930 a
1820 905 1964 939 tempore
1990 902 2083 940 cujus
2107 902 2266 932 memoria

1256 960 1322 981 non
1340 952 1461 987 existit,
1478 961 1548 986 nos,
1565 953 1736 990 cupientes
1750 953 1898 992 ejusdem
1911 955 2105 984 monasterii
2117 955 2264 993 indemp-

1258 1005 1420 1034 nitatibus
1445 1009 1582 1043 paterna
1608 1005 1834 1036 sollicitudine
1857 1007 2044 1044 providere,
2072 1016 2112 1037 ne
2139 1008 2268 1046 aliquid

1258 1058 1414 1096 deinceps
1436 1059 1470 1087 in
1496 1059 1700 1088 contrarium
1723 1064 1954 1098 presumatur,
1972 1061 2167 1091 auctoritate
2191 1070 2268 1100 pre-

1259 1112 1402 1142 sentium
1420 1111 1613 1141 inhibemus
1630 1116 1671 1142 et.
1692 1113 1719 1141 si
1737 1122 1832 1142 secus
1845 1117 2073 1151 attemptatum
2086 1114 2198 1149 fuerit,
2214 1114 2267 1144 de-

1259 1165 1427 1194 cernimus
1444 1165 1577 1194 irritum
1596 1169 1626 1194 et
1644 1165 1753 1201 inane,
1771 1174 1807 1195 ac
1825 1170 2012 1196 contractus
2028 1167 2219 1206 hujusmodi
2236 1170 2268 1197 et

1259 1218 1414 1255 precipue
1439 1217 1557 1249 mutui,
1584 1218 1611 1247 si
1637 1227 1718 1256 quos
1740 1218 1864 1257 absque
1887 1219 1935 1248 tui
1955 1219 2057 1257 sigilli
2080 1219 2267 1250 munimine

1259 1270 1409 1300 (lecetero
1429 1270 1589 1300 celebrari
1607 1271 1794 1309 contigerit,
1810 1272 1897 1301 vires
1916 1272 2045 1310 aliquas
2063 1281 2127 1301 non
2144 1272 2268 1302 habere

1260 1323 1450 1362 dictumque
1467 1324 1706 1353 monasterium
1723 1334 1780 1362 per
1797 1325 1885 1362 ipsos
1906 1325 2096 1355 nullatenus
2113 1325 2267 1363 obligari.

1260 1376 1352 1406 Nulli
1366 1381 1427 1406 etc.
1444 1381 1555 1406 nostre
1572 1376 1786 1406 inhibitionis
1804 1381 1834 1407 et
1851 1378 2099 1407 constitutionis
2116 1381 2177 1407 etc.
2192 1378 2266 1408 Dat.

1260 1430 1427 1464 Laterani,
1446 1431 1508 1459 VII
1525 1429 1599 1459 idus
1619 1429 1746 1468 aprilis,
1765 1439 1851 1460 anno
1869 1430 2022 1460 secundo.
2044 1443 2057 1457 n

1333 1635 1442 1663 ¹28¹
1852 1635 1966 1666 Latran,
1983 1636 2016 1662 23
2031 1636 2100 1663 avril
2119 1637 2196 1665 1256.

1296 1697 1484 1732 Supplicante
1510 1697 1540 1723 S.
1564 1697 1709 1723 Laurentii
1733 1697 1759 1723 in
1788 1697 1897 1723 Lucina
1922 1698 2090 1733 presbytero
2115 1699 2269 1732 cardinali,

1261 1747 1417 1773 conventui
1434 1746 1614 1773 monasterio
1627 1746 1656 1773 S.
1677 1746 1820 1772 Pancratii
1836 1746 1871 1772 de
1890 1746 1970 1773 Urbe
1987 1751 2102 1782 propter
2118 1753 2273 1784 pauperta-

1261 1799 1318 1821 tem
1343 1796 1407 1829 ejus
1432 1794 1567 1821 concedit
1590 1795 1799 1821 monasterium
1827 1795 1856 1820 S.
1882 1796 1987 1830 Angeli
2009 1797 2064 1823 suh
2086 1797 2161 1832 Ripa
2183 1798 2273 1825 situm

1262 1852 1350 1877 prope
1373 1846 1500 1869 castrum
1524 1842 1699 1875 Cei-veteris,
1718 1843 1888 1869 Portuensis
1904 1843 2039 1876 diocesis,
2056 1844 2091 1871 ad
2111 1846 2273 1874 Romanam

1261 1891 1420 1918 Ecclesiam
1440 1892 1516 1918 nullo
1537 1892 1631 1918 medio
1648 1893 1812 1927 pertinens,
1829 1892 1904 1927 quod
1922 1893 1988 1920 olim
2006 1894 2116 1921 ordinis
2136 1903 2160 1921 s.
2180 1894 2274 1922 Bene-

1262 1940 1330 1967 dicti
1346 1949 1411 1967 esse
1425 1945 1634 1972 consueverat,
1652 1949 1717 1968 cum
1734 1942 1873 1973 ecclesia,
1891 1941 2026 1969 domibus
2048 1947 2075 1969 et
2098 1944 2224 1971 claustro
2240 1953 2275 1972 ac

1262 1989 1358 2016 terris.
1377 1989 1460 2021 (nm.
1477 1989 1522 2022 24,
1538 1990 1557 2016 f.
1578 1989 1649 2024 mov,
1666 1998 1733 2016 ann.
1749 1989 1788 2022 ΙΙ,
1806 1998 1831 2016 c.
1848 1990 1921 2023 ⁶236.)

1306 2117 1318 2131 «
1337 2128 1372 2139 ..,
1390 2105 1535 2134 abbatisse
1559 2110 1584 2133 et
1608 2106 1773 2134 conventui
1789 2107 1970 2134 monasterii
1987 2106 2093 2135 Sancti
2111 2108 2276 2137 Pancract'i

1263 2159 1296 2187 de
1320 2159 1407 2192 tfrbe,
1432 2158 1640 2187 Cisterciensis
1662 2158 1794 2187 ordinis.
1815 2158 1901 2193 Quia
1923 2158 2037 2187 mundi
2061 2158 2206 2189 blandiis
2224 2177 2274 2188 —-.

1264 2212 1337 2240 Dat.
1355 2210 1522 2245 Laterani,
1541 2211 1588 2240 IX
1605 2209 1764 2240 kalendas
1781 2210 1872 2245 maii,
1892 2219 1979 2240 anno
1993 2212 2149 2241 secundo.
2171 2224 2183 2239 η

1341 2424 1360 2451 1
1370 2423 1457 2452 282

1302 2485 1440 2512 Moniales
1462 2485 1589 2512 inclusas
1613 2485 1644 2512 S.
1662 2485 1767 2520 Angeli
1784 2485 1920 2511 Esculani
1936 2485 2060 2513 absolvit
2083 2488 2279 2521 praestatione

1268 2534 1503 2568 procurationum
1522 2534 1680 2568 legatorum
1697 2533 1783 2560 Sedis
1799 2534 1985 2568 apostolicae,
2004 2535 2198 2568 exactionum,
2219 2536 2280 2562 col-

1267 2584 1406 2609 lectarum
1428 2590 1480 2608 seu
1504 2582 1701 2609 subsidiorum
1725 2590 1985 2617 quorumcumque.
2002 2582 2085 2616 (Rae.
2103 2583 2151 2618 2¹4,
2169 2584 2187 2610 f.
2208 2584 2281 2615 160v.

1267 2639 1334 2658 ann.
1350 2630 1393 2661 II,
1410 2639 1436 2657 c.
1452 2631 1522 2662 ‘2373
1542 2630 1688 2658 Porraasr
1706 2631 1815 2663 16304.)

1855 2422 1967 2456 Latmo,
1984 2423 2016 2450 ‘24
2035 2431 2110 2450 mars
2129 2425 2206 2452 1256.

1313 2757 1325 2771 «
1340 2768 1372 2779 ..,
1383 2745 1540 2780 abbatisse,
1552 2750 1578 2774 et
1594 2746 1760 2774 conventui
1776 2747 1956 2775 monasterii
1972 2747 2160 2776 monialium
2178 2749 2283 2777 inciu-

1271 2806 1379 2827 sarum
1403 2798 1511 2827 Sancti
1533 2798 1643 2835 Anqeii
1662 2798 1825 2833 Esculani,
1847 2798 1967 2827 ordinis
1995 2801 2096 2828 sancti
2121 2800 2281 2830 Damiani.

1274 2850 1466 2888 Paupertati
1484 2854 1592 2880 vestre
1609 2859 1709 2889 quam
1724 2867 1772 2879 —.
1791 2851 1865 2880 Dat.
1880 2851 2045 2887 Laterani,
2060 2852 2108 2882 IX
2123 2852 2284 2883 kalendas

1274 2903 1403 2942 aprilis,
1423 2911 1510 2933 anno
1527 2903 1684 2933 secundo.
1705 2916 1717 2929 n
