2456 3585
970 342 1195 381 PREMIERE
1215 343 1376 380 ANNEE.
2204 355 2220 381 5

123 420 225 449 sancti
251 420 430 457 Augustini,
459 420 646 449 Pictavensis
672 419 805 448 diocesis.
835 417 1053 456 Exigentibus
1078 419 1133 446 tue

125 472 312 502 devotionis
336 471 477 507 mei-itm,
505 472 590 502 votis
614 472 681 501 tuis
703 475 764 501 etc.
792 480 899 510 usque
926 470 1131 500 exaudimus.

125 525 209 555 Cum
228 525 342 563 igitur,
365 525 450 554 sicut
470 534 508 555 ex
529 528 622 562 parte
644 528 701 554 tua
720 524 784 554 fuit
804 524 1008 562 propositum
1024 532 1134 553 coram

125 578 232 609 nobis.
254 578 494 607 monasterium
514 581 609 607 tuum
631 577 692 607 sub
712 577 982 615 predecessorum
1002 580 1133 605 tuorum

124 630 287 668 regimine
303 639 437 668 gravem
451 630 486 659 in
508 629 745 668 temporalibus
761 629 940 658 incurrerit
954 629 1130 663 lesionem,

126 691 185 712 nos
208 683 274 712 tuis
302 682 600 720 supplicationibus
622 681 793 716 inclinati,
819 681 986 711 retinendi
1009 680 1133 719 quoad-

124 735 247 765 vixeris
266 744 324 773 pro
343 735 586 764 restauratione
609 734 716 772 ipsius
735 734 931 763 monasterii
953 733 993 763 ad
1014 742 1132 762 manus

126 792 198 818 tuas
228 791 400 817 vacantem
429 787 604 817 ecclesiam
632 785 874 824 parrochialem
903 786 942 815 de
971 785 1130 820 Riaumo,

125 840 331 870 pictavensis
340 839 492 875 diocesis,
504 839 545 869 ad
554 839 642 868 idem
651 838 890 868 monasterium
898 838 1130 876 pertinentem,

124 902 188 932 que
210 901 276 922 non
298 892 470 922 consuevit
488 891 555 921 nisi
577 891 746 921 canonicis
768 890 916 929 ejusdem
937 890 1132 919 monasterii

124 946 304 984 assignari,
322 945 455 983 plenam
476 944 537 974 tibi
557 944 768 974 concedimus
785 943 979 973 auctoritate
995 952 1132 981 presen-

124 999 207 1028 tium
223 998 431 1032 facultatem,
448 989 580 1036 proviso
595 1001 631 1026 ut
647 996 761 1027 eadem
777 996 917 1026 ecclesia
932 996 1053 1026 debitis
1069 1000 1130 1026 etc.

124 1060 229 1090 usque
254 1051 453 1089 negligatur.
477 1050 570 1080 Nulli
593 1054 654 1080 etc.
680 1053 791 1079 nostre
816 1049 1042 1079 concessionis
1070 1053 1130 1079 etc.

101 1127 107 1131 i
125 1106 194 1135 Dat.
214 1104 364 1142 Neapoli,
382 1104 414 1133 X
428 1103 587 1134 kalendas
600 1103 759 1142 januarii,
778 1112 864 1133 anno
879 1103 997 1141 primo.
1018 1115 1030 1129 1)

198 1276 253 1304 15
622 1274 744 1309 Naples.
763 1275 793 1302 31
813 1275 964 1301 decembre
982 1275 1060 1301 1254.

161 1337 356 1367 Bet-nardum.
374 1337 440 1363 olim
457 1337 635 1371 capellanum
657 1336 817 1362 Innocentii
834 1335 876 1361 IV
893 1340 921 1362 et
936 1336 1132 1363 Assisinatem

123 1386 304 1416 canonicum,
322 1386 349 1411 in
366 1386 535 1420 episcopum
555 1385 726 1411 Perusinum
744 1384 881 1419 praeficit.
894 1385 976 1418 (Rae.
990 1385 1033 1419 24,
1045 1393 1071 1411 c.
1090 1385 1131 1419 1⁶2,

125 1435 144 1461 f.
161 1434 198 1468 3.)

121 1534 123 1536 ’
167 1548 178 1562 «
197 1536 361 1571 Bet-nardo,
378 1537 510 1573 episcopo
527 1536 684 1564 Perusino.
700 1536 847 1565 Vacante
863 1536 987 1565 dudum
1002 1540 1132 1574 pastore

124 1606 172 1617 ——.
196 1590 269 1618 Dat.
292 1588 446 1626 Neapoli,
469 1589 501 1617 ΙΙ
521 1587 680 1617 kalendas
693 1588 858 1626 januarii,
878 1597 964 1618 anno
979 1589 1096 1626 primo.
1118 1601 1129 1614 1)

157 1694 188 1720 ln
206 1702 230 1720 e.
249 1703 287 1720 m.
304 1693 546 1727 archipresbitero
562 1696 590 1720 et
609 1693 734 1727 capitulo
756 1689 1017 1728 Perusinis‘usque
1034 1697 1133 1729 pasto-

121 1750 191 1777 rem,
209 1743 305 1769 verbis
319 1745 516 1776 competenter
533 1742 687 1768 mutandis.
701 1741 763 1768 Nos
775 1742 862 1775 igitur
878 1742 1000 1769 eundem
1018 1743 1132 1776 episco-

121 1800 187 1826 pum
203 1792 250 1818 cui
266 1791 300 1817 de
313 1791 421 1817 nostris
434 1791 566 1816 manibus
579 1798 685 1816 munus
697 1791 924 1817 consecrationis
936 1791 1133 1825 impendimus

119 1840 154 1865 ad
171 1839 307 1874 prefatam
325 1840 476 1866 ecclesiam
488 1847 553 1865 cum
571 1843 668 1865 nostre
685 1840 775 1873 gratie
792 1839 968 1873 plenitudine
985 1840 1133 1866 transmit-

122 1892 229 1918 tentes,
254 1887 433 1914 universitati
457 1891 551 1913 vestre
577 1896 626 1921 per
650 1888 807 1922 apostolica
831 1888 937 1922 scripta
963 1887 1132 1914 mandamus

120 1936 257 1970 quatinus
272 1935 394 1962 eundem
412 1939 547 1969 tanquam
566 1940 672 1970 patrem
690 1940 718 1962 et
731 1939 873 1970 pastorem
890 1937 1050 1962 animarum
1068 1944 1134 1962 ves-

122 1989 228 2011 trarum
252 1984 354 2010 devote
377 1984 573 2019 suscipientes
598 1984 790 2011 obedientiam
813 1985 868 2011 sibi
889 1988 917 2011 et
944 1986 1132 2011 reverentiam

121 2032 246 2058 debitam
263 2032 447 2066 impendatis,
460 2033 553 2067 ipsius
570 2033 735 2059 salubribus
750 2033 935 2059 monimentis
950 2037 977 2059 et
994 2033 1135 2059 mandatis

124 2081 268 2107 humiliter
286 2081 468 2107 intendentes
485 2091 490 2107 z
507 2080 642 2115 Alioquin
655 2082 827 2107 sententiam
843 2085 898 2107 etc.
914 2081 977 2108 Dat.
992 2085 1021 2107 ut
1037 2089 1133 2115 supra.

159 2129 190 2156 In
207 2138 232 2155 e.
252 2138 288 2155 m.
306 2129 385 2156 clero
401 2130 527 2156 civitatis
543 2132 571 2155 et
587 2129 713 2156 diocesis
732 2129 947 2156 perusinarum.

159 2177 193 2204 In
208 2186 233 2204 e.
253 2187 289 2204 111.
308 2178 412 2212 populo
429 2177 569 2204 Perusino
592 2186 684 2212 usque
706 2179 900 2212 suscipientes
916 2178 1018 2205 devote
1043 2179 1135 2213 ipsius

124 2226 300 2257 salubribus,
319 2227 504 2253 monimentis
520 2230 548 2253 et
565 2227 706 2254 mandatis
722 2227 869 2254 humiliter
885 2227 1050 2255 intendatis.
1068 2227 1132 2254 Dat.

127 2280 156 2301 ut
171 2282 269 2310 supra.

197 2436 252 2464 16
569 2463 575 2468 ,
627 2437 748 2472 Names,
765 2438 799 2464 ‘28
816 2438 967 2464 decembre
987 2438 1061 2464 1254,

162 2497 266 2523 Abbati
278 2501 305 2523 et
319 2499 474 2524 conventui
487 2499 652 2525 monasterii
667 2498 912 2526 Vallisumbrosae
924 2500 1078 2533 significat,
1092 2509 1134 2530 se.

123 2553 189 2571 cum
213 2546 418 2573 monasterium
440 2555 465 2574 s.
488 2547 588 2573 Hillari
611 2547 721 2574 ordinis
746 2556 770 2574 s.
797 2547 946 2575 Benedicti
978 2548 1134 2576 chulanae

124 2595 250 2620 diocesis
270 2594 340 2621 adeo
356 2595 395 2621 sit
417 2595 576 2630 collapsum
597 2596 672 2630 quod
696 2597 742 2622 vix
766 2600 815 2623 aut
836 2606 981 2631 nunquam
1000 2598 1091 2632 possit
1108 2598 1135 2623 in

125 2651 178 2669 suo
195 2643 293 2669 ordine
309 2643 466 2677 reformari,
479 2644 553 2670 idem
567 2652 632 2671 cum
650 2645 791 2676 ecclesiis,
805 2646 917 2676 castris,
933 2646 1006 2672 villis
1018 2649 1073 2673 etc.
1087 2655 1136 2672 eo-

126 2700 187 2717 rum
200 2691 340 2717 coenobio
351 2691 378 2717 in
394 2695 565 2726 perpetuum
580 2693 661 2719 unire
673 2701 706 2719 nc
717 2693 886 2720 concedere.
899 2686 985 2726 (Rem
996 2694 1039 2726 ⁶24,
1053 2702 1078 2721 e.
1095 2695 1136 2726 13,

125 2740 144 2766 s.
162 2741 193 2771 3;
215 2739 359 2766 Por-rum
379 2740 484 2772 15612.)

170 2854 182 2868 «
199 2842 306 2871 Abbati
322 2847 347 2870 ct
369 2843 534 2871 conventui
550 2844 731 2872 monasterii
757 2845 1001 2879 Vallisztmbrose,
1022 2845 1062 2874 acb
1083 2846 1138 2875 Ro-

126 2903 256 2923 manam
290 2895 455 2924 Ecclesiam
484 2896 571 2924 trullo
599 2896 698 2927 medio
723 2898 920 2933 pertinentis.
951 2897 1139 2936 Apostolice

129 2946 224 2977 Sedis
238 2947 428 2985 benignitas
439 2964 488 2976 —-.
506 2948 580 2978 Dat.
597 2948 748 2987 Neapoli,
765 2950 794 2980 V
807 2949 965 2980 kalendas
979 2951 1137 2990 januarii,

128 3008 217 3029 anno
231 3009 348 3038 primo.
370 3013 381 3026 »

1290 417 1343 445 12
1720 418 1836 452 Naples,
1853 417 1886 445 28
1902 417 2053 444 decembre
2070 417 2146 445 1254.

1252 477 1346 508 Bona,
1364 479 1581 513 possessiones,
1597 480 1734 514 capellas,
1747 481 1813 514 jura
1829 484 1884 507 etc.
1901 481 2066 507 monasterii
2081 489 2106 508 s.
2123 480 2221 507 Fortu-

1216 527 1274 552 nati
1290 526 1439 553 Tudertini
1455 528 1590 554 transfert
1605 532 1632 554 et
1648 529 1774 555 annectit
1789 529 1927 555 ecclesiae
1942 537 1966 554 s.
1979 529 2085 562 Angeli
2100 529 2134 555 de
2150 528 2220 555 Fon-

1215 575 1327 600 tanellis
1344 575 1378 600 ob
1404 577 1642 609 permutationem
1665 577 1739 602 inter
1759 578 1915 603 monachos
1935 577 2178 603 Vallisumbrosae
2193 581 2221 603 et

1214 621 1317 648 fratres
1333 622 1459 649 Minores
1473 623 1647 650 Tudertiuos
1663 624 1776 651 factam.
1793 624 1872 658 (um.
1890 625 1934 657 24,
1952 634 1978 652 c.
1996 626 2038 659 14,
2055 625 2074 652 f.
2087 625 2130 659 3v3
2149 625 2219 652 POT-

1215 678 1302 696 Tfflsr
1319 670 1426 703 15611.)

1257 786 1270 800 «
1287 774 1416 803 Eisdem.
1437 772 1525 803 Solet
1541 782 1688 804 annuere
1704 773 1805 804 Sedes
1821 791 1869 802 —.
1887 775 1960 803 Dat.
1978 778 2014 803 ut
2030 783 2139 812 supra.
2160 786 2173 800 ›>

1839 837 1853 847 s

1289 958 1344 986 18
1717 957 1839 993 Naples,
1855 958 1889 985 ‘28
1905 958 2056 985 decembre
2072 959 2149 986 ¹254.

1251 1018 1414 1045 Guardiano
1427 1022 1452 1045 et
1466 1019 1601 1045 fratribus
1616 1018 1776 1045 Minoribus
1787 1023 1947 1046 conventus
1958 1019 2105 1046 Tudertini
2122 1028 2222 1054 quam-

1215 1066 1278 1093 dam
1306 1067 1543 1101 permutationem
1571 1075 1636 1093 cum
1662 1067 1763 1094 abbate
1789 1071 1816 1094 et
1840 1072 1983 1094 conventu
2009 1069 2175 1105 monasterii
2196 1076 2220 1094 s.

1214 1115 1363 1142 Fortunati
1384 1115 1534 1142 Tudertini
1560 1116 1660 1142 factam
1684 1116 1843 1142 confirmat.
1865 1116 1947 1151 (Rae.
1963 1116 2013 1150 24,
2031 1124 2056 1143 e.
2075 1117 2119 1148 15,
2138 1117 2157 1144 f.
2175 1116 2219 1149 3v;

1214 1163 1361 1191 PorruAs‘r
1379 1164 1483 1197 15609.)

1257 1278 1269 1289 (ι
1288 1265 1465 1294 Gztardt'ano
1483 1271 1508 1294 et
1521 1266 1672 1302 fratribus
1685 1266 1854 1295 illinoribus
1869 1271 1995 1295 convent
2001 1275 2034 1295 us
2049 1266 2219 1296 T'ztdertim'.

1214 1317 1344 1353 Quanto
1358 1317 1500 1355 amplius
1517 1327 1608 1348 sacre
1622 1335 1670 1346 -—-.
1689 1319 1760 1347 Dat.
1780 1322 1815 1347 ut
1832 1327 1941 1356 supra.
1962 1330 1974 1344 »

1289 1503 1345 1532 19
1717 1503 1832 1538 Naples,
1853 1504 1884 1530 3⁴)
1901 1504 2051 1530 decembre
2072 1503 2146 1531 1254.

1250 1565 1380 1600 Capitulo
1396 1565 1552 1592 saecularis
1568 1566 1705 1592 ecclesiae
1721 1566 1751 1592 S.
1768 1565 1955 1593 Jerosolimae
1968 1570 1995 1592 et
2007 1567 2171 1594 hominibus
2183 1566 2218 1593 de

1214 1614 1336 1649 piscaria
1353 1618 1408 1640 tam
1422 1614 1512 1649 Burgi
1524 1615 1596 1641 Novi
1611 1623 1696 1649 quam
1715 1615 1828 1642 Veteris
1843 1616 2069 1643 consuetudines
2080 1617 2218 1642 observa-

1214 1666 1257 1689 tas
1269 1663 1447 1697 temporibus
1459 1662 1587 1697 Roget-it,
1600 1663 1744 1689 Guillelmi
1754 1663 1777 1697 Ι,
1791 1663 1934 1690 Guillelmi
1944 1663 1980 1690 H.
1993 1663 2089 1690 Sicilie
2105 1672 2216 1698 regum,

1215 1719 1326 1738 necnon
1342 1711 1550 1737 concessiones
1567 1720 1581 1737 a
1602 1711 1754 1737 Frederico
1774 1712 1944 1745 imperatore
1960 1720 1992 1738 ac
2008 1711 2137 1739 Conrado
2154 1716 2219 1738 nato

1214 1760 1279 1793 ejus
1296 1760 1384 1785 factas
1400 1759 1561 1786 coufirmat.
1573 1759 1697 1793 Insuper
1711 1759 1843 1785 concedit
1859 1760 1968 1785 eisdem
1986 1760 2105 1787 liberum
2120 1762 2221 1787 introi-

1215 1812 1273 1834 tum
1292 1808 1333 1833 vel
1351 1808 1459 1833 exitum
1475 1808 1568 1834 dictae
1585 1811 1676 1833 terrae
1692 1816 1716 1833 s.
1732 1807 1938 1842 Jerosolimac,
1960 1809 2069 1843 absque
2087 1810 2142 1835 ullo
2158 1810 2221 1844 pla-

1215 1857 1330 1891 team-0,
1341 1856 1502 1891 portuatico
1514 1864 1564 1882 seu
1577 1856 1702 1890 qualibet
1716 1857 1905 1889 praestatione
1918 1857 2045 1883 :tandem
2060 1859 2222 1892 possessio-

1217 1914 1280 1931 nem
1294 1904 1454 1931 Salinarum
1471 1913 1543 1938 quae
1559 1905 1645 1938 vulgo
1660 1906 1805 1930 Donu'm'ct
1819 1906 1932 1931 Patroni
1948 1910 2094 1937 vocantur,
2112 1907 2221 1933 decima

1216 1953 1300 1980 Curie
1318 1957 1471 1980 reservata.
1487 1953 1570 1984 (Rau.
1587 1954 1632 1987 Ἡ,
1649 1962 1675 1979 0.
1694 1954 1741 1983 16,
1760 1954 1778 1979 f.
1796 1954 1845 1987 SV.)

1259 2067 1271 2080 1(
1294 2055 1399 2083 Abbati
1417 2059 1442 2082 et
1463 2055 1597 2091 capitulo
1620 2055 1767 2083 secularis
1787 2056 1904 2083 ecclesie
1924 2055 2032 2084 Sancte
2051 2056 2223 2085 ‹lm-osoltme

1217 2116 1252 2136 ac
1275 2108 1450 2136 hominibus
1475 2107 1508 2136 cle
1527 2108 1666 2144 piscaria
1690 2112 1752 2135 tam
1773 2108 1862 2144 burgi
1884 2109 1956 2136 110111
1980 2117 2072 2145 (luston,
2097 2110 2219 2143 veteris,

1218 2162 1331 2190 nostris
1351 2165 1375 2189 et
1393 2161 1520 2190 Ecclesia
1537 2161 1667 2189 Romane
1685 2160 1833 2196 fidelibus.
1854 2160 1969 2189 Matris
1986 2160 2132 2190 Ecelesie
2148 2164 2221 2195 eto,

1218 2222 1324 2252 usque
1347 2213 1449 2243 ubera
1471 2213 1538 2242 hiis
1563 2213 1753 2251 propinans.
1778 2213 1862 2248 Quia
1883 2213 1986 2250 igitur
2008 2217 2095 2243 terra
2115 2218 2220 2243 vestra

1218 2266 1324 2304 ipsius
1341 2265 1487 2295 Ecclesie
1503 2265 1650 2295 brachiis
1669 2265 1811 2295 totaliter
1828 2274 1861 2295 se
1878 2266 2053 2301 commisit,
2068 2276 2139 2296 eam
2154 2275 2224 2296 ma—

1219 2323 1302 2349 trem
1320 2322 1351 2348 et
1371 2318 1537 2348 dominam
1554 2327 1810 2355 recognoscens,
1830 2328 1887 2348 nos
1903 2318 1964 2348 hec
1979 2319 2131 2357 diligenti
2147 2328 2224 2349 eon—

1219 2372 1420 2402 sideratione
1440 2375 1619 2409 pensantes
1636 2380 1672 2401 ac
1689 2371 1836 2401 volentes
1853 2372 1999 2409 ejicisdem
2018 2376 2100 2401 terre
2121 2372 2224 2401 hono-

1219 2434 1289 2454 rem
1311 2424 1487 2463 apostolice
1510 2424 1604 2454 Sedis
1631 2424 1747 2461 gratiis
1775 2425 1971 2462 propensius
1995 2429 2025 2453 et
2047 2425 2223 2454 sublimius

1220 2477 1393 2515 ampliare,
1417 2477 1537 2506 vestris
1562 2477 1597 2505 in
1622 2477 1683 2506 hoc
1711 2477 1885 2506 desideriis
1911 2486 2050 2506 assensu
2074 2477 2224 2507 benivolo

1220 2529 1459 2563 concurrendo,
1482 2538 1639 2567 personas
1663 2533 1788 2559 vestr-as
1810 2533 1840 2558 et
1861 2534 1981 2559 terram
1998 2529 2100 2567 ipsam
2118 2530 2152 2559 in
2170 2530 2225 2559 de-

1220 2583 1350 2611 votione
1363 2582 1457 2612 Sedis
1470 2582 1687 2620 persistentes
1703 2581 1860 2619 ejusdem,
1875 2591 1947 2611 cum
1961 2582 2114 2611 munibus
2130 2582 2225 2612 lionis

1221 2635 1340 2664 vestris
1368 2643 1431 2673 que
1457 2635 1490 2663 in
1516 2635 1759 2672 presentiarum
1783 2634 2026 2663 rationabiliter
2050 2635 2225 2673 possidetis

1222 2691 1277 2716 aut
1297 2687 1332 2716 in
1352 2687 1503 2717 futurum
1520 2687 1621 2725 justis
1642 2687 1765 2721 modis,
1786 2691 1951 2724 prestante
1968 2688 2118 2723 Domino,
2136 2691 2226 2725 pote-

1222 2740 1296 2769 ritis
1313 2740 1463 2778 adipisci,
1480 2740 1540 2769 sub
1558 2739 1645 2769 beati
1663 2739 1751 2769 Petri
1769 2743 1799 2768 et
1814 2744 1925 2769 nostra
1941 2740 2141 2777 protectione
2158 2748 2226 2769 sus·

1223 2792 1381 2831 cipimus:
1396 2796 1578 2822 statuentes
1592 2796 1627 2821 ut
1642 2796 1728 2821 terra,
1740 2792 1810 2829 ipsa
1822 2792 1946 2829 prefate
1959 2792 2035 2821 Sodi
2046 2797 2223 2822 renumcat,

1223 2845 1268 2874 ita
1285 2845 1371 2884 quod
1387 2846 1536 2874 Romana
1551 2843 1696 2873 Ecclesia
1710 2853 1838 2881 semper
1852 2844 1975 2882 absque
1993 2844 2057 2873 ulle
2075 2845 2223 2875 1110111011]

1223 2902 1417 2936 perpetuum
1439 2897 1628 2926 demanium
1649 2897 1790 2926 retineat
1813 2896 1903 2925 illam
1925 2897 1999 2925 sibi.
2025 2897 2110 2927 Sanc
2132 2901 2167 2927 ut
2189 2907 2225 2928 ex

1225 2951 1392 2981 affluentia
1411 2950 1557 2989 ejusdem
1575 2949 1668 2980 Sedis
1688 2949 1810 2979 exultet
1826 2949 1912 2979 dicta
1929 2953 2013 2979 terra
2025 2950 2142 2987 gaudio
2158 2950 2227 2987 ple-

1226 3004 1323 3038 niori,
1346 3012 1459 3033 omncs
1483 3003 1585 3032 bonas
1609 3002 1865 3031 eonsuetudines
1888 3002 2080 3039 ap1›1·(›].›atas
2105 3002 2225 3031 dudum
