2498 3325
0 2091 5 2105 v
0 1816 7 2075 -vv-w-—**-⁴
0 1783 2 1787 -
0 1760 2 1771 -

1029 252 1258 288 DEUXIEME
1281 252 1440 289 ANNEE
2228 266 2284 294 405

229 322 400 352 concordie
425 327 453 352 et
477 323 662 352 amicabilis
679 324 940 361 compositionis,
960 325 1196 354 rcmmciantes

229 375 413 413 exceptioni
440 375 506 404 doli
535 384 599 405 non
629 376 813 411 commissi,
843 381 872 406 et
902 377 1028 407 fraudis
1062 377 1197 407 colludii

228 432 326 467 atque
353 427 482 462 falatie,
507 429 805 466 compromiserunt
828 430 863 458 in
889 430 1112 460 venerabilem
1138 440 1196 468 pa-

228 486 310 511 trem
336 481 506 510 dominum
531 481 735 513 Johannem.
764 483 876 512 Sancti
901 483 1031 512 Nicolai
1058 483 1092 512 in
1116 483 1196 514 Car-

228 543 301 564 cere
323 534 475 564 Tulliano
499 535 674 565 diaconum
699 536 918 565 cardinalem.
940 537 1123 566 auditorem
1147 538 1195 567 eis

227 597 246 617 a
271 588 403 617 domino
431 597 513 626 papa
546 597 756 623 concessum,
785 593 942 628 tanquam
970 590 1004 618 in
1033 591 1195 620 arbitrum

227 646 257 672 61
276 641 508 671 arbitratorem
532 651 567 671 ac
591 641 800 672 amicabilem
826 644 1077 681 compositorem
1097 653 1195 682 super

226 694 355 729 causis,
375 694 628 729 controversiis,
650 694 882 732 questionilms
900 699 930 725 et
946 695 1061 725 litibus
1083 697 1193 732 motis,

227 751 257 777 et
283 756 345 785 que
375 747 500 777 moveri
528 751 661 785 possent
688 747 723 776 in
750 752 919 786 posterum
948 748 1036 778 inter
1063 749 1195 780 eosdem

226 800 413 838 episcopos,
446 800 579 830 nomine
609 800 824 830 ecclesiarum
853 811 1006 831 suarum.
1036 807 1066 831 et
1091 802 1194 832 dictos

225 857 466 891 procuratores.
484 853 617 883 nomine
635 853 851 891 capitulorum
867 855 1081 892 prefatorum.
1097 864 1196 893 super

225 906 388 944 dampnis.
407 906 542 944 injuriis
557 907 597 935 ab
614 907 773 936 alterutra
786 912 876 945 parte
891 908 976 937 datis
994 917 1051 937 seu
1065 908 1192 943 dandis,

224 968 331 997 usque
361 958 401 987 ad
430 958 621 997 hujusmodi
650 959 903 989 diffinitionem.
932 960 1193 995 ordinationem,

224 1011 448 1050 provisionem
473 1020 532 1041 seu
555 1011 866 1042 determinationem
890 1013 1032 1050 negotii,
1058 1022 1195 1052 seques-

226 1064 424 1094 trationibus
450 1064 547 1094 factis
571 1068 602 1094 et
622 1065 797 1099 faciendis,
814 1065 1057 1101 invasionibus,
1076 1067 1195 1096 fructi-

224 1117 285 1148 bus
306 1118 471 1156 perceptis
488 1117 539 1148 vel
559 1117 617 1156 qui
635 1117 760 1156 percipi
783 1122 961 1156 potuerunt
986 1124 1016 1149 et
1040 1123 1196 1157 poterunt

224 1180 330 1210 usque
351 1171 392 1200 ad
416 1171 665 1202 diffinitionem,
693 1171 948 1207 ordinationem,
971 1172 1196 1210 provisionem

224 1233 283 1254 5611
299 1224 609 1254 determinationem
627 1223 819 1263 hujusmodi
837 1225 976 1262 negotii,
995 1225 1193 1262 confinibus,

223 1277 481 1307 limitationibus
501 1277 675 1315 utriusque
697 1277 856 1312 diocesis,
883 1287 919 1307 ac
940 1278 1094 1308 omnibus
1119 1278 1194 1308 aliis

225 1340 288 1370 que
305 1331 391 1360 facta
408 1339 467 1360 seu
483 1334 675 1368 attemptata
694 1330 829 1360 fuerunt
846 1330 925 1360 111116
941 1331 1034 1366 111116,
1053 1340 1112 1361 1166
1129 1340 1194 1361 11011

224 1384 335 1419 rebus,
354 1383 516 1417 ecclesiis,
537 1383 618 1413 locis
636 1388 665 1413 et
681 1383 814 1421 juribus
832 1383 1075 1422 episcopalibus
1095 1384 1194 1415 eccle-

225 1437 350 1467 siarum
368 1436 406 1466 de
425 1436 634 1471 Covelliano,
654 1436 815 1471 Celorico,
839 1437 989 1472 Linares,
1006 1437 1192 1475 Felgosino,

224 1489 417 1520 Gaudelano
437 1494 467 1519 et
484 1490 581 1525 Sena,
600 1489 870 1527 possessionibus
893 1494 923 1520 et
947 1490 1099 1520 domibus
1120 1491 1193 1521 sitis

223 1543 258 1572 in
276 1543 400 1573 eisdem
418 1543 536 1572 castris
553 1548 581 1572 et
599 1542 692 1577 10615,
712 1551 748 1572 ac
765 1542 802 1572 de
820 1543 966 1581 quinque
984 1543 1120 1574 milibus
1139 1553 1193 1574 au-

224 1604 372 1629 reorum,
392 1604 473 1634 quos
494 1599 634 1634 utraque
655 1604 731 1633 pars
751 1595 790 1624 ab
813 1595 971 1625 alterutra
993 1596 1057 1625 sibi
1080 1597 1193 1627 deberi

223 1649 363 1684 dicebat,
383 1653 413 1679 et
432 1649 470 1678 de
484 1649 558 1688 jure
577 1653 770 1687 patronatus
794 1649 933 1679 ecclesie
950 1650 1069 1680 Sancte
1088 1651 1193 1681 Marie

224 1703 263 1733 de
281 1701 484 1737 Covelliano,
505 1705 536 1732 et
560 1702 598 1732 de
623 1702 815 1732 executione
838 1703 1003 1733 sententie
1022 1704 1083 1733 sub
1104 1703 1193 1733 arbi-

224 1759 351 1785 trorum
375 1755 529 1785 facienda
549 1755 600 1785 vel
625 1764 690 1784 non
708 1755 862 1785 facienda
887 1755 922 1784 in
946 1760 1012 1786 tota
1037 1757 1137 1786 Betra
1161 1762 1193 1787 et

224 1808 415 1839 Covelliano
434 1808 542 1846 quoad
566 1807 767 1846 episcopalia
787 1812 818 1838 et
835 1809 1029 1846 temporalia
1048 1810 1139 1848 jura,
1161 1814 1193 1840 et

223 1862 261 1892 de
278 1861 425 1892 dominio
440 1861 623 1900 temporali,
642 1865 673 1891 et
690 1861 728 1891 de
745 1861 989 1899 episcopalibus
1002 1862 1135 1901 juribus
1152 1863 1190 1893 de

222 1914 315 1946 Bello
334 1919 463 1950 monte,
484 1918 515 1944 et
540 1914 648 1953 quoad
669 1914 870 1953 episcopalia
890 1914 925 1943 in
949 1914 1039 1945 villis
1063 1919 1095 1945 et
1119 1925 1192 1946 cas-

222 1967 283 1998 tris
297 1967 336 1997 de
355 1968 475 1998 Sancto
492 1968 657 2002 Romano,
678 1967 780 2002 Auco,
805 1967 918 2005 Cogia,
944 1968 1101 2004 Laurosa,
1128 1969 1192 1998 Mi-

223 2021 336 2056 dones,
370 2020 575 2058 Pedi-ogam,
602 2019 757 2058 Figuroo,
784 2020 918 2056 Dornis,
948 2021 1053 2060 Aquis
1080 2021 1190 2058 bellis,

222 2074 341 2111 Arega,
360 2082 435 2103 cum
448 2073 601 2103 terminis
619 2077 650 2103 et
665 2073 880 2111 pertinentiis
897 2074 1046 2104 omnium
1062 2075 1192 2113 predic-

223 2131 332 2156 torum
347 2126 506 2161 locorum,
525 2130 556 2156 et
571 2135 670 2165 super
685 2126 840 2156 omnibus
857 2126 933 2156 aliis
949 2127 1100 2158 ecclesiis
1117 2128 1192 2159 sitis

223 2188 242 2209 a
263 2183 375 2209 monte
395 2179 452 2217 qui
471 2178 593 2208 dicitur
615 2179 824 2209 Asinabrava
845 2183 875 2209 et
898 2179 1024 2209 Asiana
1044 2180 1083 2210 de
1107 2182 1192 2211 Jun-

223 2241 299 2262 coso
315 2232 385 2262 sive
401 2232 496 2262 Naba
511 2231 611 2262 ssuvio
627 2232 684 2271 qui
700 2231 773 2261 fluit
786 2232 879 2271 juxta
895 2237 1041 2262 castrum
1058 2233 1096 2263 de
1110 2233 1192 2264 Tho-

224 2294 295 2315 mar
319 2284 583 2323 Templariorum
608 2284 691 2314 citra
715 2293 831 2315 versus
855 2285 1044 2324 Egitaniam
1069 2286 1193 2317 directe

223 2342 254 2368 et
270 2337 516 2373 collateraliter,
536 2337 644 2376 quoad
660 2337 871 2376 episcopalia,
890 2342 921 2368 et
937 2339 1137 2376 generaliter
1154 2340 1193 2370 de

223 2390 378 2421 omnibus
395 2389 522 2425 litibus,
550 2389 794 2428 questionibus,
817 2395 848 2420 et
871 2391 1106 2422 controversiis
1123 2401 1193 2422 mo-

223 2444 266 2474 tis
285 2447 316 2474 et
337 2452 400 2483 que
417 2443 543 2473 moveri
560 2446 695 2481 possent
719 2443 937 2482 imposterum
955 2444 1043 2475 inter
1063 2445 1193 2483 predic-

223 2500 273 2527 tos
290 2496 460 2535 episcopos
478 2499 509 2526 et
526 2495 684 2526 ecclesias
704 2504 792 2532 suas,
812 2505 848 2526 ac
869 2501 1099 2535 procuratores
1118 2507 1193 2537 pre-

223 2549 319 2585 fatos,
336 2553 403 2578 tam
414 2548 453 2578 de
468 2548 744 2587 sequestratione,
757 2549 979 2585 restitutione,
992 2551 1194 2589 proprietate

225 2601 456 2640 temporalium
473 2606 504 2632 et
522 2601 761 2640 spiritualium,
783 2611 882 2640 quam
903 2603 941 2633 de
963 2603 1128 2634 divisione
1151 2603 1192 2634 11-

223 2655 397 2685 mitatione
425 2655 595 2686 diocesum
622 2655 818 2691 earundem;
847 2656 886 2686 de
914 2656 1190 2695 spoliationibus,

223 2708 468 2744 invasionibus,
479 2708 643 2746 dampnis,
656 2708 802 2747 injuriis,
811 2708 976 2743 fructibus
987 2714 1017 2740 et
1027 2711 1190 2749 expensis,

223 2761 458 2792 submittentes
478 2770 512 2791 se
533 2761 568 2790 in
592 2760 747 2790 omnibus
765 2765 795 2791 et
813 2761 956 2799 singulis
977 2762 1191 2799 ordinationi,

224 2814 447 2854 dispositioni,
459 2813 740 2850 determinationi,
760 2814 953 2845 diffinitioni
965 2819 995 2845 et
1009 2816 1194 2854 provisioni

224 2867 373 2907 ejusdem
391 2866 518 2897 domini
541 2866 738 2902 cardinalis3
762 2866 809 2896 ita
833 2867 920 2906 quod
945 2867 1015 2906 ipse
1038 2868 1192 2899 dominus

225 2920 405 2951 cardinalis
429 2920 463 2949 in
485 2920 640 2950 omnibus
663 2924 691 2950 et
714 2919 857 2957 singulis
877 2920 1098 2959 predictorum
1119 2931 1194 2960 pro-

1281 337 1292 351 >1

1282 390 1292 403 )J

1280 442 1293 456 ))

1280 496 1293 509 ))

1281 549 1292 562 )]

1280 602 1292 615 ὶ)

1281 656 1292 668 ὶ)

1280 708 1292 721 ))

1280 760 1292 774 ))

1280 814 1291 827 ))

1280 866 1291 879 ))

1280 920 1292 932 ))

1280 972 1292 986 ))

1280 1026 1292 1039 ))

1279 1080 1291 1093 ))

1280 1132 1291 1146 ))

1279 1186 1291 1199 ))

1279 1239 1290 1252 D

1279 1291 1290 1304 ))

1279 1344 1290 1358 12

1278 1398 1290 1411 ))

1278 1450 1290 1465 ))

1278 1504 1290 1518 ))

1277 1557 1289 1571 ))

1276 1610 1288 1624 )]

1275 1662 1288 1677 ))

1275 1715 1288 1730 1)

1275 1767 1287 1782 ))

1276 1821 1287 1835 1)

1275 1873 1287 1888 D

1274 1980 1287 1994 >)

1275 2032 1288 2046 ))

1275 2085 1287 2099 ))

1275 2139 1287 2154 ))

1276 2194 1288 2207 ))

1275 2246 1288 2260 ))

1277 2300 1289 2314 ))

1277 2354 1289 2368 ))

1276 2406 1289 2420 ))

1276 2460 1288 2473 ὶ)

1277 2512 1289 2526 ))

1277 2564 1290 2578 ))

1278 2617 1290 2630 ))

1278 2670 1290 2684 ))

1278 2723 1290 2736 J)

1279 2776 1291 2789 ))

1279 2828 1291 2842 1)

1280 2881 1291 2895 )ι

1279 2934 1291 2948 >)

1319 325 1432 355 cedere
1465 327 1567 364 possit
1594 327 1650 357 lite
1678 334 1858 371 contestata
1884 335 1914 359 et
1937 339 2000 359 non
2025 335 2187 367 contestu,
2217 332 2283 362 sol-

1319 378 1511 416 lempnitate
1531 380 1617 419 juris
1645 386 1774 411 servata
1800 387 1829 411 et
1854 392 1918 412 11011
1940 388 2085 419 servata,
2113 394 2212 414 causa
2230 385 2283 414 in-

1319 435 1440 460 structa
1460 436 1489 462 et
1507 441 1571 462 non
1589 433 1762 466 instructa,
1784 436 1964 465 secundum
1983 437 2069 475 quod
2085 438 2150 467 sibi
2164 437 2283 467 melius

1318 485 1425 514 visum
1443 486 1555 520 suerit,
1576 491 1603 516 ct
1624 488 1709 525 quod
1727 489 1830 526 possit
1850 489 1934 518 idem
1953 490 2106 520 dominus
2130 491 2283 520 cardina-

1317 537 1359 566 lis
1376 537 1496 568 dicere.
1510 539 1689 577 precipere.
1704 541 1916 576 s‹2·nt‹*ntiare,
1933 543 2098 579 arbitrari,
2116 544 2281 579 ordinare,

1318 590 1472 620 diffinire.
1492 592 1670 622 terminare
1696 598 1723 622 et
1748 595 1969 625 amicabiliter
1985 605 2179 634 componere
2196 597 2284 627 inter

1318 645 1462 681 prefatos
1477 645 1646 683 episcopos
1664 651 1693 676 et
1710 652 1949 685 pl'Ot‘ltt'stltitt‘t}.<.
1967 649 2013 677 eis
2029 650 2239 687 presentibus
2253 655 2283 679 et,

1318 696 1528 732 absentibus,
1557 698 1591 726 in
1619 699 1751 737 scriptis
1788 704 1815 729 et
1847 701 1918 730 sine
1945 702 2092 739 scriptis.
2121 703 2221 732 semel
2253 708 2283 733 et

1316 749 1453 786 pluries,
1471 750 1605 780 divisim
1623 755 1653 781 et
1675 753 1864 790 separatim.
1884 754 1999 784 diebus
2021 755 2150 785 feriatis
2168 760 2197 785 et
2217 765 2282 785 non

1317 802 1458 836 seriatis,
1477 811 1542 832 una,
1559 808 1649 840 parte
1668 810 1819 842 presente
1846 810 1876 835 et
1899 806 2001 836 altera.
2019 807 2165 838 absente.
2184 809 2283 838 citata

1318 858 1347 883 et
1368 863 1431 883 non
1447 855 1557 890 citata,
1580 857 1747 891 mutando,
1764 858 1969 895 corrigendo,
1990 864 2019 888 et
2036 860 2283 899 interpretando

1318 908 1499 937 secundum
1518 909 1604 947 quod
1628 909 1733 939 eidem
1757 911 1888 939 domino
1912 913 2073 942 cardinali
2096 914 2214 944 melius
2234 916 2283 944 vi-

1318 969 1391 990 sum
1419 962 1531 997 fuerit,
1551 962 1649 991 etiam
1666 968 1736 1001 post
1763 964 2016 1001 ordinationem,
2038 967 2281 1001 diffinitionem,

1318 1014 1648 1051 determinationem,
1690 1016 1941 1054 dispositionem
1975 1023 2005 1048 61
2041 1020 2280 1057 provisionem,

1318 1076 1400 1105 quas
1416 1068 1503 1098 idem
1520 1068 1673 1099 dominus
1691 1070 1870 1099 cardinalis
1888 1071 1921 1100 in
1939 1072 2110 1109 premissis
2129 1074 2284 1103 omnibus

1318 1125 1349 1150 et
1364 1121 1506 1159 singulis
1523 1121 1652 1151 duxerit
1666 1123 1845 1159 faciendas,
1863 1125 2083 1162 promittendo
2097 1136 2172 1164 pars
2185 1128 2281 1165 parti,

1318 1173 1493 1212 sollempni
1510 1175 1741 1213 stipulatione,
1764 1177 1804 1205 ad
1826 1182 1940 1207 sancta
1962 1179 2021 1208 Dei
2043 1180 2214 1217 evangelia
2229 1181 2284 1219 ju-

1316 1227 1430 1261 rando,
1450 1228 1629 1263 attendere,
1649 1228 1824 1259 observare
1848 1234 1878 1259 61
1899 1240 1933 1260 56
1950 1236 2138 1262 curaturam
2162 1238 2191 1263 et
2214 1234 2283 1264 sac-

1318 1283 1425 1308 turam
1442 1279 1567 1309 attendi
1592 1284 1623 1309 et
1645 1280 1813 1311 observari
1834 1283 1941 1312 facere
1963 1284 2072 1314 omnia
2095 1289 2125 1314 61
2150 1286 2283 1324 singula

1317 1342 1379 1371 que
1405 1333 1512 1362 dictus
1540 1333 1694 1363 dominus
1718 1335 1898 1365 cardinalis
1923 1339 2124 1376 preceperit,
2150 1339 2280 1375 dixerit,

1316 1385 1496 1415 arbitratus
1515 1387 1626 1422 suerit,
1648 1387 1862 1423 ordinaverit,
1889 1391 2152 1427 sei‘itcntiaverit,
2173 1393 2283 1430 provi-

1316 1439 1401 1468 derit
1419 1439 1470 1469 vel
1487 1440 1639 1469 statuerit
1660 1440 1748 1470 inter
1769 1441 1901 1471 easdem
1925 1443 1974 1472 vel
1998 1453 2111 1473 earum
2131 1445 2279 1481 alteram,

1316 1496 1346 1522 et
1362 1492 1424 1522 1106
1440 1492 1473 1521 111
1491 1501 1575 1530 pena
1591 1493 1641 1522 vel
1659 1493 1719 1522 sub
1736 1503 1820 1532 pena
1838 1495 1928 1525 mille
1948 1505 2131 1526 marcarum
2153 1499 2226 1528 auri
2243 1499 2283 1529 ad

1314 1545 1459 1575 invicem
1484 1545 1659 1584 sollempni
1688 1546 1902 1585 stipulatione
1920 1550 2094 1586 premissa,
2122 1541 2282 1589 exigenda

1314 1607 1372 1636 pro
1398 1598 1544 1637 quolibet
1564 1599 1707 1637 capitulo
1734 1609 1807 1630 611111
1829 1592 1954 1631 effectu*
1972 1607 2002 1632 et
2029 1603 2062 1632 in
2085 1604 2228 1634 solidum
2249 1611 2281 1635 et

1313 1655 1427 1680 contra
1453 1651 1634 1690 quemlibet
1658 1657 1688 1682 et
1710 1662 1767 1691 pro
1795 1654 1953 1691 quolibet,
1984 1656 2103 1686 totiens
2127 1659 2281 1696 quotiens

1313 1708 1513 1734 conventum
1537 1705 1599 1734 erit
1616 1705 1666 1735 vel
1687 1706 1831 1744 paritum
1853 1717 1917 1737 non
1940 1709 2017 1744 erit,
2041 1719 2104 1748 que
2127 1711 2234 1741 soluta
2251 1717 2281 1742 et

1314 1760 1427 1786 exacta
1443 1757 1545 1786 semel
1559 1757 1610 1786 vel
1626 1758 1749 1796 sepius,
1769 1760 1923 1790 omnibus
1939 1762 2095 1799 predictis
2113 1767 2143 1793 61
2167 1765 2282 1803 singu-

1312 1808 1354 1838 lis
1369 1809 1403 1838 in
1421 1818 1480 1838 sua
1497 1810 1652 1840 firmitate
1670 1812 1893 1848 manentibus,
1915 1822 1987 1843 cum
2005 1816 2238 1847 commissione
2252 1822 2283 1848 et

1314 1862 1484 1892 exactione
1501 1863 1649 1901 ejusdem
1668 1872 1761 1901 pene.
2090 1863 2094 1867 ’

1315 1926 1328 1941 »
1349 1915 1388 1944 Ε1
1406 1924 1463 1953 pro
1480 1915 1547 1945 11115
1563 1916 1721 1954 predictis
1738 1918 1892 1948 omnibus
1908 1923 1938 1949 et
1954 1920 2096 1959 singulis
2114 1924 2282 1954 attenden-

1313 1968 1363 1998 dis
1380 1972 1410 1998 et
1427 1967 1654 2004 observandis,
1671 1969 1750 1999 dicti
1768 1970 1913 2010 episcopi
1928 1977 1958 2003 et
1974 1980 2204 2012 procuratores
2218 1978 2283 2007 sibi

1314 2020 1354 2050 ad
1372 2020 1516 2050 invicem
1533 2020 1618 2050 bona
1636 2021 1747 2051 omnia
1764 2022 1981 2054 ecclesiarum
1996 2035 2129 2057 suarum
2146 2033 2176 2058 et
2193 2030 2283 2068 capi-

1313 2073 1458 2103 tulorum
1489 2083 1602 2104 earum
1631 2074 1761 2112 pignori
1786 2076 1990 2115 obligarunt,
2019 2083 2085 2109 tam
2110 2090 2168 2119 pro
2198 2091 2284 2121 pena

1314 2136 1413 2166 quam
1428 2136 1486 2165 pro
1502 2127 1657 2158 omnibus
1675 2128 1750 2158 aliis
1772 2131 1982 2162 attendendis
2000 2137 2029 2162 et
2053 2134 2280 2172 observandis,

1313 2181 1541 2211 renunciando
1568 2182 1654 2220 quod
1680 2191 1744 2212 non
1770 2184 1899 2221 possint
1927 2185 2035 2216 dicere
2061 2196 2095 2217 56
2121 2188 2283 2227 obligatos

1314 2234 1386 2264 sine
1404 2244 1503 2264 causa
1521 2234 1571 2265 vel
1583 2235 1674 2274 justa
1693 2244 1803 2272 causa,
1824 2236 1875 2267 vel
1893 2238 1979 2276 quod
1997 2248 2061 2269 non
2079 2241 2146 2270 sint
2165 2243 2284 2273 certio-

1314 2287 1378 2318 rati
1394 2288 1433 2317 de
1450 2288 1604 2318 omnibus
1621 2293 1651 2318 et
1668 2289 1810 2327 singulis
1827 2290 1977 2322 articulis
1994 2294 2148 2332 superius
2164 2304 2284 2327 memo-

1314 2341 1413 2377 ratis,
1441 2345 1472 2371 et
1497 2342 1587 2371 omni
1614 2342 1683 2381 juri
1712 2343 1849 2380 speciali
1884 2348 1915 2373 et
1945 2346 2093 2383 generali
2122 2348 2284 2380 beneficio

1314 2394 1537 2424 restitutionis
1561 2394 1596 2423 111
1620 2395 1804 2432 integrum,
1830 2396 1952 2427 litteris
1975 2398 2161 2437 impetratis
2179 2406 2209 2432 et
2226 2403 2283 2431 im-

1314 2446 1498 2485 petrandis,
1517 2456 1574 2485 per
1590 2456 1672 2486 quas
1691 2447 1845 2486 impediri
1863 2454 1975 2488 posset
1992 2450 2183 2491 hujusmodi
2200 2464 2283 2485 com-

1314 2500 1526 2538 promissum,
1543 2509 1601 2530 5611
1618 2501 1705 2539 quod
1722 2510 1820 2540 super
1836 2503 2010 2540 premissis
2027 2514 2084 2543 per
2097 2506 2219 2536 dictum
2232 2509 2284 2538 do-

1315 2552 1443 2581 minum
1462 2553 1664 2583 cardinalem
1687 2558 1896 2593 preceptum,
1924 2557 2128 2594 ordinatum,
2147 2560 2280 2597 dictum,

1316 2604 1524 2640 arbitratum,
1544 2606 1794 2642 sententiatum,
1815 2608 2005 2645 diffinitum,
2028 2610 2285 2643 determinatum

1316 2657 1366 2687 vel
1382 2658 1551 2696 provisum
1567 2659 1685 2694 fuerit,
1709 2659 1777 2699 juri
1794 2661 1963 2692 ordinario
1985 2667 2015 2693 et
2039 2668 2129 2694 extra
2151 2666 2285 2696 ordina-

1316 2710 1380 2746 rio,
1404 2711 1561 2750 omnique
1588 2712 1645 2742 alii
1660 2713 1729 2752 juri
1751 2715 1926 2751 canonico,
1953 2716 2059 2753 civili,
2081 2727 2217 2749 romano
2234 2720 2285 2750 vel

1316 2763 1625 2801 consuetudinario,
1650 2775 1708 2804 per
1727 2767 1814 2805 quod
1830 2776 1864 2797 se
1887 2768 2044 2806 predictis
2061 2771 2215 2802 omnibus
2234 2772 2285 2802 vel

1317 2815 1357 2846 ab
1375 2815 1485 2855 aliquo
1507 2812 1729 2855 predictorum
1754 2828 1788 2849 se
1805 2824 1939 2858 possent
1955 2821 2131 2853 defendere
2147 2824 2197 2854 vel
2216 2825 2285 2855 vel-

1316 2868 1400 2904 lent,
1421 2869 1459 2898 de
1483 2869 1557 2908 jtire
1584 2870 1634 2900 vel
1660 2871 1697 2901 de
1720 2872 1821 2909 facto,
1844 2874 1930 2912 quod
1954 2880 2063 2912 posset
2085 2876 2150 2905 dici
2174 2877 2225 2907 vel
2245 2879 2284 2908 de

1317 2922 1403 2951 facto
1420 2922 1614 2960 excogitari,
1635 2924 1762 2962 prefato
1782 2925 1914 2955 domino
1938 2927 2098 2957 cardinali
2116 2929 2285 2961 ordinaria
