2498 3325
267 258 322 289 43ss
988 253 1226 284 REGISTRES
1247 252 1555 284 D'ALEXANDRE
1578 255 1634 285 IV.

267 325 386 362 agitur,
405 323 443 352 de
463 322 568 361 ipsius
591 322 764 351 defensore
788 325 957 350 tractatur.
976 329 1016 350 ne
1036 328 1094 358 pro
1114 320 1271 350 advocato

267 378 477 415 impugnator
502 379 531 404 et
559 384 617 412 pro
639 374 813 403 defensore
839 377 1028 403 assumatur
1052 373 1104 404 vel
1129 373 1271 412 eligatur

266 431 419 459 offensor.
433 428 540 464 Quare
554 427 699 465 undique
711 435 839 456 summa
851 426 1063 464 cogitationis
1074 426 1271 464 perferenda

266 487 313 512 cst
341 482 427 511 acies
448 485 478 510 et
504 480 760 518 circumquaque
784 479 934 509 districta
957 479 1193 517 explorandum
1218 480 1271 509 in-

266 535 399 571 dagine,
428 538 463 563 ut
488 533 578 567 talis,
605 536 799 570 cooperante
822 532 978 568 Domino,
1005 533 1213 571 repperiatur
1240 536 1271 562 et

266 587 418 623 eligatur,
439 586 495 624 qui
519 585 625 614 fidelis
647 589 676 614 et
700 585 836 614 devotus
859 584 993 619 existat,
1012 589 1043 614 et
1061 585 1101 614 de
1117 585 1271 623 prosapia

264 639 459 677 processerit
477 638 678 671 devotorum,
699 646 734 666 ac
751 637 901 675 ydoneus
918 641 949 667 et
965 638 1134 668 sufficiens
1153 638 1270 668 merito

264 696 434 729 reputetur
451 691 488 720 ad
508 690 724 720 obtinendum
748 690 830 719 tanti
853 690 990 720 honoris
1009 690 1139 720 culmen
1159 695 1190 721 et
1206 691 1270 720 im-

263 745 347 784 perii
364 744 510 781 regimen
528 743 757 773 exercendum.

306 811 318 825 »
343 797 491 834 Qualiter
510 801 618 826 autem
638 796 803 835 quondam
824 796 1030 832 Fredericus,
1051 796 1130 826 olim
1148 798 1270 827 Roma-

264 860 381 881 norum
403 851 592 888 imperator,
613 854 644 879 et
665 849 717 879 sui
740 849 968 887 progenitores
993 854 1024 880 et
1044 851 1167 888 posteri
1193 859 1270 888 erga

263 908 402 934 matrem
424 902 604 932 Ecclesiam
627 911 660 931 se
683 902 858 940 gesserint,
879 906 911 932 et
929 901 1060 941 qualem
1078 903 1108 933 ei
1125 903 1270 933 retribu-

263 957 386 986 tionem
413 956 451 985 de
480 955 652 985 beneficiis
678 955 717 984 ab
743 955 815 993 ipsa
839 955 1002 993 perceptis
1026 956 1266 994 impenderint,

263 1014 378 1048 patens
398 1013 445 1039 est
463 1013 493 1038 et
511 1008 678 1045 cognitum
697 1008 755 1037 toti
772 1008 855 1042 orbi,
874 1008 1032 1046 quoniam
1048 1008 1109 1043 hii,
1128 1007 1269 1038 aliorum

263 1067 508 1101 persecutorum
535 1061 737 1091 excedendes
759 1060 822 1099 (sic)
851 1061 1112 1100 tyrampnidem,
1139 1062 1270 1099 gravio-

262 1116 354 1145 ribus
375 1124 445 1145 eam
463 1115 643 1144 all'ecerunt
665 1114 799 1153 injuriis
818 1118 848 1143 et
867 1114 1139 1152 oppressionibus
1158 1115 1271 1144 durio-

260 1169 354 1198 ribus
369 1168 564 1202 afflixerunt,
583 1171 613 1196 et
627 1167 722 1197 velud
733 1167 768 1196 in
780 1167 892 1197 cedem
905 1172 935 1196 et
949 1167 1183 1197 exterminium
1200 1168 1271 1207 ejus

262 1221 433 1251 tendentes
451 1220 574 1249 suroris
591 1228 704 1249 arcum
723 1223 753 1249 et
772 1219 916 1249 feritatis
937 1219 1084 1257 gladium
1100 1224 1269 1255 acuentes,

260 1275 342 1303 diris
368 1274 458 1302 illam
480 1273 620 1302 ubilibet
645 1272 846 1303 tribulavero
869 1272 1025 1310 flagellis,
1050 1278 1081 1303 et
1102 1283 1207 1312 usque
1231 1274 1270 1304 ad

259 1327 417 1357 interiora
435 1326 607 1364 profundis
627 1325 729 1355 illatis
749 1325 944 1355 vulneribus
962 1326 1167 1355 sauciarunt.
1184 1327 1270 1356 Nam

260 1381 294 1409 in
323 1380 383 1409 boc
408 1387 507 1416 pravo
533 1387 652 1415 genere
676 1382 805 1416 patrum
834 1378 868 1407 in
894 1378 980 1408 filios
1006 1387 1080 1407 cum
1106 1379 1270 1416 sanguine

260 1433 407 1461 derivata
426 1431 570 1466 malitia,
591 1431 673 1460 sicut
692 1431 801 1460 carnis
820 1431 1071 1469 propagatione,
1092 1431 1139 1461 sic
1158 1431 1270 1461 imita-

259 1485 349 1514 tione
375 1493 508 1522 operum
536 1484 605 1513 nati
628 1483 834 1521 genum-thus
859 1487 1102 1513 successerunt.
1134 1484 1178 1513 Ex
1205 1493 1270 1522 quo

259 1538 386 1577 liquido
410 1537 569 1575 propendi
596 1541 702 1575 potest
729 1541 759 1566 et
785 1537 927 1571 conuici,
955 1537 983 1566 si
1007 1546 1044 1567 ex
1064 1537 1136 1575 ipso
1159 1537 1269 1576 alique

261 1591 465 1629 posteritatis
482 1590 623 1628 reliquie
643 1594 891 1624 remanserunt,
911 1590 989 1628 quid
1008 1590 1209 1628 sperandum
1227 1591 1270 1621 sit

261 1644 296 1672 in
314 1645 461 1673 futurum
479 1643 517 1672 de
532 1642 745 1681 illis,quidin
759 1646 926 1680 posterum
937 1643 1270 1681 expectandum3vita

261 1706 404 1734 namque
424 1704 459 1725 ac
479 1699 569 1733 gesta
591 1695 860 1733 predecessorum
884 1704 1039 1733 perversa
1056 1696 1269 1734 iniquitatem

261 1749 479 1787 preuunciaut
499 1748 712 1783 successoris,
728 1758 787 1777 nec
804 1748 975 1777 horribilis
993 1753 1021 1778 et
1041 1748 1181 1779 scelesta
1195 1749 1270 1778 illo-

262 1812 334 1831 rum
359 1801 517 1831 memoria
542 1801 717 1839 quicquam
745 1800 822 1829 boni
847 1801 885 1830 de
908 1801 1055 1838 ipsorum
1078 1802 1270 1839 posteritate

262 1855 395 1884 credere
412 1853 462 1883 vel
481 1862 612 1891 sperare
628 1853 805 1891 permittit3
825 1853 862 1883 de
879 1853 1013 1883 colubro
1030 1854 1162 1892 quidem
1181 1863 1269 1891 egre-

262 1908 351 1937 ditur
377 1906 511 1944 regulus
538 1911 566 1936 et
596 1906 692 1935 arbor
720 1906 804 1935 mala
831 1907 945 1936 noxios
973 1907 1101 1937 fructus
1127 1909 1267 1945 profert,

261 1969 464 1999 pravumque
498 1959 698 1997 principium
729 1968 909 1998 numquam
942 1959 1064 1989 bonum
1096 1960 1271 1998 pollicetur

262 2013 426 2042 ellectum.
453 2012 489 2041 Et
517 2012 589 2041 ideo
615 2012 653 2041 ‹le
679 2011 828 2041 Conrado
853 2020 969 2050 puero,
1000 2016 1077 2042 nato
1105 2013 1269 2051 quondam

262 2065 404 2096 Conradi
428 2064 566 2102 predicti
585 2064 751 2094 Frederici
773 2064 849 2095 lilii,
871 2069 919 2094 est
940 2066 1182 2103 precavendum
1200 2075 1270 2096 om-

262 2119 356 2149 nino.
376 2128 415 2147 ne
433 2117 498 2147 ullo
516 2117 611 2146 modo
628 2117 820 2147 intendatur
837 2117 876 2147 ad
893 2127 982 2153 eum,
1003 2128 1062 2148 uec
1081 2120 1271 2149 nominetur

262 2172 300 2201 ad
318 2171 389 2205 boc,
405 2179 464 2200 nec
479 2170 690 2208 aliquatenus
705 2170 863 2207 eligatur3
882 2171 1023 2201 maxime
1040 2181 1125 2207 eum,
1139 2178 1271 2211 propter

261 2225 438 2254 infantiam
456 2223 662 2261 nimiumque
679 2223 842 2253 desectum
861 2225 969 2259 etatis,
984 2225 1026 2254 sit
1043 2225 1083 2254 ad
1100 2226 1163 2256 ista
1177 2235 1271 2264 pror-

262 2287 318 2307 sus
343 2276 504 2305 inhabilis
531 2286 566 2305 ac
595 2276 799 2314 inelegibilis
827 2277 959 2315 penitus
984 2287 1066 2315 puer
1091 2278 1180 2317 ipse;
1210 2288 1271 2308 nec

259 2331 331 2369 jus,
355 2329 441 2368 quod
464 2338 499 2358 ex
525 2329 684 2358 electione
708 2330 881 2367 provenire
903 2330 953 2360 vel
975 2339 1175 2369 consurgere
1192 2340 1271 2362 con-

262 2383 381 2413 suevit.
392 2382 455 2411 sibi
470 2386 577 2420 posset
591 2387 786 2420 competere,
797 2392 855 2412 uec
871 2383 903 2412 in
917 2392 977 2413 sua
991 2383 1106 2414 cadere
1123 2383 1173 2414 vel
1190 2385 1270 2414 reti-

262 2436 332 2465 neri
350 2444 501 2473 persona.
513 2444 598 2469 cum,
609 2438 739 2472 propter
753 2435 913 2472 puerilem
927 2440 1055 2471 etatem,
1068 2446 1130 2476 que
1144 2437 1270 2467 discre-

261 2489 351 2518 tione
366 2493 453 2518 caret
470 2493 500 2517 et
516 2487 702 2524 legitimum
715 2498 914 2518 con-sensum
929 2489 979 2519 vel
996 2490 1187 2520 dissensum
1203 2499 1269 2520 non

262 2542 371 2576 habet,
385 2541 550 2575 electioni,
563 2540 591 2569 si
608 2540 646 2569 de
663 2540 733 2578 ipso
752 2542 854 2572 tieret,
866 2542 1053 2572 consentire
1067 2551 1131 2572 non
1146 2547 1267 2581 posset,

263 2603 322 2624 nec
345 2594 451 2632 ipsius
476 2602 658 2622 consensus
682 2593 826 2632 aliquam
853 2594 989 2624 baberet
1014 2595 1194 2625 efficaciam
1218 2596 1269 2626 vel

263 2647 421 2684 vigorem.
446 2646 485 2675 Et
509 2654 545 2675 ex
570 2654 606 2675 eo
626 2645 725 2675 etiam
742 2646 828 2676 idem
846 2656 926 2684 puer
942 2647 977 2676 in
995 2656 1106 2685 regem
1123 2647 1202 2686 eligi
1218 2650 1270 2679 vel

264 2699 429 2729 nominari
452 2707 516 2728 non
539 2698 644 2733 debet,
664 2699 742 2737 quia
765 2708 838 2729 cum
858 2709 916 2737 per
937 2700 1132 2731 electionem
1153 2701 1271 2740 hujus-

263 2752 351 2781 modi
368 2752 406 2781 de
421 2751 576 2780 advocato
592 2750 643 2780 vel
660 2751 833 2781 defensore
850 2752 978 2790 ydoneo
995 2753 1111 2783 debeat
1123 2753 1270 2785 Ecclesie

263 2804 440 2842 provideri,
453 2808 483 2833 et
500 2803 568 2841 ipse
586 2812 666 2841 puer
683 2804 725 2833 sit
739 2805 927 2835 omnimodo
944 2805 1075 2844 ineptus
1092 2810 1122 2836 et
1138 2806 1270 2837 inutilis

265 2858 304 2886 ad
322 2857 396 2887 talis
413 2856 617 2886 defensionis
631 2856 775 2886 officium
787 2866 845 2887 seu
862 2857 1087 2888 ministerium
1104 2867 1270 2898 exequen-

264 2910 357 2945 dum,
376 2912 538 2947 oporteret
554 2908 692 2938 eandem
709 2908 898 2946 ecclesiam,
917 2911 945 2940 si
969 2911 1175 2950 contingeret
1191 2911 1270 2950 eligi

1352 319 1476 349 dictum
1495 330 1649 358 puerum,
1669 330 1803 352 manere
1824 321 1950 351 diutins
1973 330 2038 351 non
2057 320 2182 360 absque
2205 321 2362 359 gravibus

1353 374 1436 404 forte
1454 374 1638 412 dispendiis
1654 374 1860 404 defensionis
1880 374 2050 404 commodo
2072 374 2275 405 destitutam.
2293 375 2363 405 Nec

1354 435 1411 465 per
1435 426 1497 457 hoc
1519 427 1618 457 etiam
1643 427 1872 458 consuleretur
1897 427 2005 466 amplo
2030 431 2061 458 et
2088 427 2233 466 spatioso
2259 435 2362 466 regno

1353 479 1534 510 Theotonie
1562 480 1600 510 de
1628 490 1705 518 rege
1732 480 1782 510 vel
1813 484 1938 510 rectore
1964 480 2143 518 condigno.
2171 489 2246 510 cum
2276 479 2362 512 male

1353 532 1458 571 possit
1475 531 1558 562 alios
1573 541 1698 569 regere,
1718 533 1776 572 qui
1792 541 1857 562 non
1875 533 1965 563 novit
1984 533 2168 571 gubernare
2188 542 2223 564 se
2239 533 2361 572 ipsum,

1354 594 1413 615 nec.
1430 585 1513 615 bene
1526 584 1578 615 vel
1592 585 1690 623 digne
1702 585 1844 615 aliorum
1861 585 2085 624 gubernaculo
2097 594 2229 624 preesse
2240 585 2360 622 valeat,

1354 638 1410 676 qui
1429 638 1591 675 regimine
1604 638 1736 667 ducitur
1747 637 1867 673 alieno,
1882 642 1914 668 et
1929 638 1994 673 cui,
2009 642 2139 676 propter
2155 642 2199 669 tot
2209 642 2361 677 patentes

1353 690 1513 725 defectus,
1542 690 1732 720 necessaria
1757 694 1806 720 est
1833 690 1971 720 alterius
2001 690 2151 720 custodia
2181 695 2212 720 et
2239 690 2358 727 tutela;

1352 747 1484 781 propter
1505 742 1591 781 quod
1613 751 1752 780 regnum
1775 742 1884 781 ipsum
1907 742 2005 781 longo
2032 747 2177 781 tempore
2199 751 2265 773 non
2287 743 2362 774 sine

1352 795 1456 825 multo
1473 795 1667 826 discrimine
1691 795 1753 825 sub
1773 795 1926 833 oportuni
1943 795 2118 833 regiminis
2135 796 2362 834 expectatione

1351 849 1536 886 langueret.

1393 903 1537 941 Ideoque
1557 902 1800 933 fraternitatem
1825 906 1915 932 tuam
1940 911 2124 935 monemus,
2146 911 2302 941 rogamus
2330 905 2364 933 et

1352 956 1525 986 hortamur
1542 960 1677 990 attente,
1696 964 1732 985 ac
1747 964 1804 993 per
1820 955 2001 994 apostolica
2017 955 2077 986 tibi
2092 956 2225 994 scripta,
2242 956 2278 986 in
2293 955 2364 986 vir-

1351 1012 1420 1039 tute
1433 1008 1621 1038 obedientie
1634 1008 1695 1038 sub
1707 1008 1817 1038 debito
1831 1007 2012 1043 fidelitatis,
2026 1017 2090 1046 quo
2103 1007 2198 1038 nobis
2209 1012 2241 1038 et
2253 1007 2363 1039 Eccle-

1352 1062 1400 1092 sie
1421 1063 1568 1092 Romane
1587 1062 1726 1095 teneris,
1749 1070 1785 1091 ac
1806 1061 1868 1091 sub
1892 1070 1975 1100 pena
1996 1061 2362 1098 excommunicationis,

1352 1124 1450 1153 quam
1468 1124 1505 1145 ex
1523 1115 1663 1144 nuncin
1687 1119 1716 1144 te
1739 1115 1955 1152 proferimus,
1978 1115 2127 1145 districte
2149 1114 2364 1154 precipiendo

1352 1167 1567 1202 mandamus,
1603 1171 1767 1205 quatenus
1799 1167 1964 1205 prefatum
1993 1166 2184 1198 Com-adum
2221 1175 2363 1206 puerum

1353 1219 1545 1249 nullatenus
1563 1220 1596 1248 in
1620 1228 1731 1257 regem
1749 1219 1871 1257 eligas,
1889 1228 1949 1249 nec
1971 1220 2139 1254 nomines,
2158 1229 2266 1259 neque
2282 1229 2362 1250 con-

1352 1273 1478 1303 sentias
1494 1273 1528 1302 in
1548 1272 1690 1302 eundem
1708 1282 1714 1300 ε
1733 1272 1778 1301 ita
1795 1272 1881 1310 quod
1899 1272 2204 1302 excommunicatus
2224 1273 2360 1309 existas,

1352 1327 1380 1356 si
1407 1330 1521 1356 contra
1543 1325 1736 1354 mandatum
1762 1329 1912 1355 nostrum
1940 1325 2049 1355 facere
2075 1325 2126 1355 vel
2148 1326 2263 1356 venire
2285 1335 2362 1365 pre-

1352 1379 1551 1417 sumpseris,
1570 1382 1601 1407 et
1619 1377 1760 1408 eundem
1777 1377 1965 1408 Conradum
1983 1378 2208 1408 nominaveris
2226 1378 2279 1409 vel
2295 1377 2363 1410 ele-

1351 1433 1440 1470 geris
1457 1436 1512 1461 aut
1529 1431 1562 1460 in
1580 1431 1690 1469 ipsum
1712 1431 1939 1466 consenseris,
1958 1440 2016 1461 seu
2033 1440 2127 1469 opem
2143 1431 2195 1462 vel
2215 1440 2360 1470 operam,

1351 1485 1546 1520 eonsilium,
1571 1484 1731 1514 auxilium
1755 1484 1805 1514 vel
1824 1484 1982 1519 favorem,
2001 1489 2036 1514 ut
2057 1484 2210 1523 eligatur,
2231 1484 2362 1524 impen-

1352 1538 1457 1573 deris3
1474 1541 1505 1567 et
1522 1537 1621 1567 etiam
1641 1537 1669 1566 si
1684 1537 1755 1576 ejus
1772 1536 1967 1567 electionem
1982 1546 2047 1567 non
2064 1537 2278 1575 impediveris
2294 1541 2362 1568 toto

1351 1600 1458 1630 posse,
1469 1594 1525 1621 aut
1535 1591 1563 1620 si
1574 1590 1659 1620 sorte
1669 1590 1822 1628 adipsins
1835 1589 2030 1620 electionem
2038 1590 2088 1620 vel
2099 1590 2363 1622 nominationem

1350 1644 1571 1683 processeris,
1588 1643 1674 1673 scias
1692 1647 1722 1673 te
1740 1643 1833 1681 prius
1850 1643 2190 1674 excommunicatione
2207 1643 2358 1682 ligatum.

1351 1697 1436 1727 Aliis
1458 1706 1535 1727 vero
1560 1696 1800 1726 coelectoribus
1817 1696 1894 1730 tuis,
1918 1701 1984 1726 tam
2006 1695 2242 1726 ecclesiasticis
2261 1705 2362 1735 quam

1352 1750 1570 1784 secularibus,
1599 1749 1795 1779 auctoritate
1821 1753 1933 1778 nostra
1958 1749 2098 1779 firmiter
2120 1748 2293 1785 inhibeas,
2318 1758 2360 1780 ne

1351 1804 1460 1841 ipsum
1483 1802 1522 1831 ad
1543 1802 1603 1831 hoc
1626 1802 1795 1831 nominent
1819 1801 1870 1831 vel
1893 1801 2035 1839 eligant,
2061 1802 2170 1832 necin
2188 1811 2264 1832 eum
2282 1811 2362 1833 con-

1353 1856 1509 1890 sentiant,
1524 1854 1762 1893 promulgando
1780 1855 1858 1884 eade
1871 1854 2101 1884 mauctoritate
2113 1855 2148 1884 in
2161 1863 2216 1885 eos
2231 1863 2361 1885 excom-

1352 1908 1590 1938 municationis
1610 1907 1828 1943 sententiam,
1847 1907 1875 1936 si
1893 1911 2007 1936 eontra
2025 1907 2110 1937 hanc
2128 1912 2219 1937 tuam
2234 1906 2363 1938 inhibi-

1352 1962 1476 1991 tionem
1488 1961 1600 1991 venire
1616 1960 1859 1998 temptaverint,
1874 1960 1974 1989 immo
1988 1964 2150 1995 nostram;
2169 1960 2215 1990 ita
2229 1960 2317 1999 quod
2332 1960 2362 1990 si

1353 2024 1427 2045 eum
1448 2014 1619 2043 nominare
1634 2013 1686 2043 vel
1700 2012 1822 2050 eligere
1835 2018 1891 2042 aut
1907 2013 1941 2041 in
1959 2013 2067 2050 ipsum
2082 2013 2271 2043 consentire
2286 2021 2363 2052 pre-

1352 2067 1571 2106 sun‘ipserint.
1592 2070 1729 2096 noscant
1746 2075 1780 2095 se
1802 2066 1895 2104 prius
1915 2066 2268 2096 excomniunicationis
2286 2066 2364 2096 vin-

1353 2120 1426 2150 culo
1449 2119 1643 2154 innodatos,
1668 2123 1702 2148 ut
1725 2128 1761 2148 ex
1785 2118 1846 2148 hoc
1871 2118 1953 2156 ipso,
1980 2119 2008 2147 si
2031 2119 2069 2149 de
2091 2119 2238 2157 predicto
2259 2127 2362 2158 puero

1352 2173 1530 2212 quicquam
1547 2172 1582 2200 in
1600 2171 1661 2201 hac
1678 2175 1769 2210 parte
1784 2175 2014 2209 attemptatum
2030 2171 2148 2207 fuerit,
2167 2172 2210 2202 sit
2224 2180 2362 2211 prorsus

1352 2234 1508 2260 vacuum,
1538 2225 1671 2254 irritum
1697 2228 1728 2254 et
1751 2224 1861 2254 inane.
1886 2224 2077 2254 Mandatum
2099 2224 2212 2264 itaque
2232 2233 2270 2255 ac
2286 2233 2363 2264 pre-

1353 2282 1482 2317 ceptum
1500 2286 1599 2315 super
1614 2277 1675 2306 hoe
1698 2276 1914 2314 apostolicum
1938 2276 1985 2306 sic
2008 2276 2170 2313 fideliter,
2194 2277 2363 2316 sapienter

1353 2336 1383 2362 et
1394 2331 1570 2362 efficaciter
1580 2329 1760 2368 adimplere
1773 2329 1917 2365 studeas,
1931 2338 2063 2360 omnem
2075 2338 2168 2368 opem
2183 2334 2214 2360 et
2227 2339 2363 2370 operam

1353 2384 1533 2419 adhibens,
1554 2387 1589 2413 ut
1605 2382 1728 2422 aliquis
1745 2383 1807 2412 tide
1831 2382 1940 2412 clarus
1959 2387 1990 2412 et
2007 2382 2180 2413 devotione
2197 2383 2360 2420 sincerus,

1352 2437 1406 2467 cui
1420 2437 1459 2466 ad
1474 2437 1507 2466 id
1523 2436 1748 2473 suffragentur
1758 2435 1887 2470 merita,
1901 2435 2055 2473 eligatur.
2071 2435 2158 2474 quod
2169 2444 2207 2466 ex
2221 2435 2290 2466 hiis
2301 2444 2362 2466 nos

1353 2494 1383 2520 et
1400 2492 1582 2520 Romanam
1599 2489 1782 2518 Ecclesiam
1800 2488 1860 2518 tibi
1873 2493 1904 2518 et
1921 2488 2059 2518 ecclesie
2077 2492 2130 2518 tue
2143 2488 2268 2519 arctius
2281 2488 2363 2518 obli-

1353 2552 1420 2581 ges,
1437 2552 1562 2581 nosque
1578 2541 1675 2571 letari
1691 2541 1858 2580 possimus
1873 2541 1907 2570 id
1923 2541 2011 2580 quod
2026 2541 2061 2570 in
2078 2540 2139 2571 boc
2155 2541 2362 2572 intendimus

1351 2599 1408 2625 tuo
1424 2595 1550 2625 sollerti
1568 2594 1677 2624 studio
1696 2594 1876 2624 salubriter
1891 2594 2095 2632 provenisse.
2113 2593 2163 2623 Ad
2178 2593 2240 2624 hec
2255 2593 2362 2625 nichi-

1351 2647 1514 2682 lominus,
1534 2647 1567 2676 in
1584 2655 1698 2676 omnes
1716 2646 1890 2681 electores,
1909 2646 1966 2685 qui
1986 2650 2203 2676 memoratum
2219 2655 2362 2685 puerum

1353 2700 1392 2730 ad
1412 2699 1473 2730 hoc
1490 2699 1662 2728 nominare
1679 2698 1731 2728 vel
1749 2698 1884 2736 eligere,
1905 2707 1964 2728 seu
1980 2698 2014 2727 in
2032 2698 2141 2736 ipsum
2158 2698 2360 2733 consentire,

1353 2756 1410 2782 aut
1425 2760 1520 2790 opem
1534 2750 1585 2781 vel
1598 2759 1742 2789 operam,
1757 2750 1946 2785 eonsilium,
1960 2750 2121 2780 auxilium
2137 2750 2189 2781 vel
2201 2751 2361 2787 favorem,

1352 2809 1389 2834 ut
1418 2804 1573 2842 eligatur,
1602 2804 1679 2834 dare
1706 2803 1985 2842 presumpserint,
2009 2803 2363 2834 excommunicationis

1353 2857 1554 2888 sententiam
1574 2856 1839 2894 promulgamus,
1857 2864 1956 2895 quam
1976 2864 2034 2894 per
2058 2859 2104 2892 te,
2123 2859 2301 2896 antequam
2321 2856 2363 2886 ad

1353 2909 1617 2940 nominationem
1632 2908 1684 2939 vel
1702 2908 1896 2939 electionem
1915 2907 2062 2948 aliquam
2079 2908 2291 2947 procedatur,
2308 2917 2364 2940 re-
