2498 3325
974 220 1197 258 PREMIERE
1219 220 1378 257 ANNEE.

203 297 287 324 ’7⁴37

168 358 396 392 Archiepiscopo
417 357 581 383 Arelatensi
602 358 730 390 mandat,
748 357 885 391 quatinus
901 357 1086 390 Aymericum
1104 355 1137 380 (le

612 297 736 330 Anagni.
757 297 793 321 l‘r
808 295 971 329 septembre
991 294 1066 320 1255.

132 406 275 439 Romano,
291 406 426 431 clericum
446 405 606 438 Narbonae,
621 406 781 439 compellat,
797 409 826 430 ut
843 414 856 430 a
875 404 1072 430 molestatione
1088 411 1138 429 ca-

133 454 215 489 pituli
237 453 394 479 saecularis
416 453 555 479 ecclesiae
580 461 604 479 s.
629 453 705 479 l'anli
726 453 922 478 Narbonensis
943 452 1138 485 conquiescat,

131 502 238 528 frustra
257 501 447 535 receptionem
466 502 622 535 impetrans
643 505 754 535 praeter
774 504 896 535 quatuor
913 508 1068 526 eunoun-os
1083 501 1138 533 jam

134 555 274 583 receptos
296 549 376 578 (Rau.
395 549 443 581 ⁵2⁴¹,
461 557 484 575 c.
503 549 564 582 61-2,
583 550 601 576 s.
618 549 685 579 92'.)

176 664 187 677 «
225 673 256 685 ..,
286 651 510 688 archiepiscopo
541 652 722 679 Arelatensi.
755 650 800 679 Ex
828 653 918 687 parte
946 648 1141 677 dilectorum

133 702 279 732 filiorum
296 726 330 737 ..,
354 703 483 732 abbatis
502 707 532 732 et
548 702 684 740 capituli
702 701 862 732 secularis
880 700 1018 731 ecclesie
1035 699 1141 729 sancti

134 755 229 785 Pauli
244 755 483 790 Narbonensis,
500 755 562 784 fuit
574 755 776 793 propositum
794 763 902 784 coram
921 753 1026 783 nobis,
1043 752 1140 791 quod,

132 807 208 837 licet
232 807 273 836 ad
294 807 486 836 mandatnm
508 807 723 846 apostolicum
741 811 882 846 quatuor
901 806 940 835 ad
957 805 1141 843 prebendas

132 865 306 890 vacaturas
324 860 357 889 in
375 861 551 890 canonicos
568 860 753 898 receperint
770 865 800 889 ct
819 860 852 888 in
870 860 1000 888 fratres.
1019 860 1142 896 Ayme-

132 912 221 941 ricus
241 917 350 942 tamen
367 913 405 942 de
427 913 594 947 Rohiano,
613 912 753 942 clericus
777 912 815 941 de
840 912 1010 941 Narbona.
1030 914 1142 939 contra

133 968 293 994 statutum
311 974 328 994 a
347 965 442 994 nobis
459 974 564 1003 nuper
584 965 709 994 editum
730 974 828 1002 snper
845 964 1052 993 revocatione
1072 972 1142 992 om-

134 1018 227 1047 nium
252 1018 478 1056 receptionum
499 1022 608 1055 preter
631 1022 771 1056 quatuor
795 1018 921 1055 priores
947 1017 1141 1046 auctoritate

133 1070 313 1108 apostolica
329 1071 432 1100 factas
453 1071 488 1099 in
505 1070 655 1100 ecclesiis
675 1070 952 1109 quibuscumtpie,
972 1079 1026 1099 eos
1044 1078 1142 1107 super

133 1123 322 1161 receptione
339 1132 399 1153 sua
415 1123 449 1152 in
467 1123 607 1153 ecclesia
626 1124 715 1162 ipsa.
734 1123 906 1153 occasione
924 1122 1141 1161 quarumdam

132 1176 321 1206 litterarum
342 1176 450 1206 felicis
475 1176 714 1206 recordationis
742 1178 767 1206 Ι.
791 1186 871 1214 pape
899 1175 1143 1214 predecessoris

134 1231 251 1266 nostri,
267 1235 337 1269 post
354 1231 577 1269 receptionem
593 1231 815 1269 predictorum
830 1231 862 1260 in
881 1230 1017 1260 ecclesia
1038 1239 1143 1268 repre-

135 1289 340 1314 sentatarum
368 1284 498 1318 eadem,
524 1284 755 1322 multipliciter
783 1284 963 1322 inquietat,
990 1292 1142 1312 asserens

135 1346 200 1367 non
227 1337 361 1375 quidem
389 1337 517 1367 litteras
546 1337 603 1367 sed
628 1337 833 1375 receptiones
862 1337 1027 1366 dumtaxat
1056 1336 1144 1366 ultra

135 1399 311 1419 numerum
339 1390 564 1428 supradictum
595 1390 663 1419 fore
689 1399 746 1427 per
768 1393 928 1419 statutum
953 1389 1143 1427 hujusmodi

135 1446 316 1477 revocatas,
336 1451 434 1480 super
451 1442 572 1480 quibus
589 1442 667 1471 dicti
685 1442 786 1471 abbas
806 1447 835 1471 et
850 1441 1030 1479 eapitulum
1048 1451 1144 1479 apos—

134 1493 231 1523 tolice
253 1494 459 1532 providentie
481 1495 664 1524 remedium
688 1494 918 1532 implorarunt.
939 1493 1020 1524 Cum
1042 1494 1144 1531 igitur

134 1551 245 1576 nostre
258 1546 456 1577 intentionis
469 1547 598 1579 existat,
612 1552 647 1576 ut
660 1547 810 1579 ecclesie,
822 1547 856 1575 in
869 1547 990 1585 quibus
1004 1547 1041 1576 ad
1054 1555 1143 1575 man-

135 1599 247 1628 datum
275 1599 491 1638 apostolicum
521 1604 662 1638 quatuor
692 1604 768 1629 sunt
799 1600 939 1637 recepti,
971 1600 1143 1629 occasione

135 1652 615 1690 quarumcumquelitterarum
625 1652 868 1690 predecessoris
884 1652 1029 1691 ejusdem
1045 1661 1144 1689 super

136 1704 324 1742 aliquorum
338 1704 595 1742 receptionibus.
612 1704 754 1742 amplius
769 1714 832 1733 non
846 1708 1035 1741 graventur,
1054 1714 1143 1734 man-

135 1757 251 1787 damus
268 1758 426 1796 quatinus
438 1758 601 1795 prefatum
618 1757 775 1786 clericum
788 1762 818 1786 et
831 1761 1036 1787 executorem
1055 1758 1144 1796 ejus-

135 1809 225 1844 dem,
244 1810 331 1848 quod
353 1809 392 1839 ab
414 1810 592 1840 eorundem
612 1810 741 1840 abbatis
758 1814 787 1839 et
805 1810 941 1848 capituli
963 1811 1143 1848 superbiis

133 1862 363 1892 molestatione
376 1863 524 1892 indebita
538 1863 762 1901 conquiescat,
774 1863 956 1893 monitione
967 1864 1140 1901 premissa,

132 1924 191 1953 per
206 1924 381 1945 censuram
399 1915 658 1945 ecclesiasticam
676 1916 896 1954 appellatione
914 1920 1035 1945 remota
1056 1926 1144 1945 com-

134 1967 249 2006 pellas,
264 1977 421 1998 revocans
431 1968 563 1997 irritum
577 1968 735 2006 quicquid
746 1978 803 2006 per
814 1968 1005 2007 hujusmodi
1016 1969 1143 1999 litteras

134 2021 305 2050 inveneris
322 2024 563 2058 attemptatum.
581 2021 848 2051 Contradictores
865 2025 895 2051 et
916 2021 1144 2051 molestatores

133 2083 191 2112 per
207 2082 382 2103 censuram
404 2073 541 2103 eandem
559 2073 779 2111 appellatione
796 2074 975 2111 postposita
996 2083 1144 2112 compes-

134 2125 248 2155 cendo.
275 2126 349 2155 Non
372 2125 523 2154 obstante
543 2125 571 2155 si
594 2125 763 2164 aliquibus
787 2144 834 2159 —,
856 2130 886 2155 et
907 2126 1143 2156 constitutione

134 2178 172 2208 de
189 2178 316 2208 duabus
334 2178 432 2208 dietis
449 2182 521 2213 etc.,
537 2178 711 2207 dummodo
724 2178 810 2207 ultra
829 2179 956 2208 tertiam
976 2179 1026 2208 vel
1044 2188 1143 2217 quar-

135 2234 202 2260 tam
218 2235 277 2260 etc.
300 2240 405 2269 usque
422 2240 427 2259 :
447 2230 605 2260 trahatur.
628 2232 700 2260 Dat.
722 2231 884 2267 Anagnia
902 2231 1053 2261 kalendis
1070 2241 1144 2270 sep-

134 2283 283 2318 tembris,
300 2292 385 2312 anno
401 2283 519 2321 primo.
542 2295 554 2309 n

210 2461 296 2488 '2138

174 2521 271 2548 Electa
288 2521 477 2556 Lugdunensi
495 2523 624 2554 mandat,
648 2524 783 2557 quatinus
807 2523 1002 2554 Sinibaltlnm.
1023 2525 1144 2558 capella-

623 2461 747 2493 Anagni,
770 2462 797 2487 13
814 2462 976 2495 septembre
995 2462 1072 2488 1255».

140 2579 206 2597 num
225 2579 321 2603 suum„
339 2575 470 2605 nepotem
489 2571 580 2599 felicis
597 2572 803 2598 recordationis
820 2572 903 2598 luno<
912 2573 980 2598 eutii
994 2582 1081 2607 papae
1093 2573 1144 2606 lV,

140 2628 194 2646 non
219 2621 361 2654 permittat
384 2620 411 2646 in
436 2620 583 2646 beneficiis
604 2625 632 2646 et
656 2621 826 2654 praebendis
851 2622 876 2647 in
901 2630 988 2655 regno
1013 2622 1146 2649 Franciae

139 2667 265 2694 obtentis
281 2668 437 2694 molestari.
455 2668 539 2700 (nso.
556 2668 599 2700 24,
613 2677 637 2695 c.
656 2670 715 2698 613,
736 2670 753 2695 s.
771 2670 827 2702 2¹3)

181 2782 193 2795 «
215 2792 247 2803 ..,
265 2770 353 2799 electo
367 2770 572 2807 Lufsdunensi.
592 2770 676 2806 Quia
688 2771 810 2800 mundo
824 2771 930 2809 posito
943 2772 974 2800 in
989 2772 1144 2809 maligno,

140 2821 293 2850 nonnulli
309 2830 385 2851 ceca
401 2821 579 2858 cupiditate
595 2822 732 2857 seducti,
751 2827 840 2852 tanto
854 2824 893 2853 ad
912 2824 1104 2862 rapiendum
1118 2829 1148 2854 et

125 2873 363 2904 .invadendum
380 2873 464 2902 bona
481 2873 707 2904 ecclesiastica
727 2875 964 2906 irreverentius
981 2876 1147 2914 improbas

2169 229 2226 258 *235

1220 301 1338 321 manus
1361 293 1556 329 extendunt,
1584 298 1706 331 quanto
1731 293 1891 326 rariores,
1919 293 1996 331 quia
2020 303 2055 323 ea
2084 294 2227 332 eripiant

1220 344 1397 374 inveniunt
1419 345 1618 383 objectores,
1643 345 1770 382 expedit
1792 350 1826 374 ut
1844 345 2033 383 hujusmodi
2050 355 2226 384 pravorum

1222 397 1394 426 conatibus
1417 398 1624 427 resistamus.
1649 398 1731 427 Cum
1748 397 1860 434 igitur,
1880 398 1964 427 sicut
1981 398 2120 427 dilectus
2137 399 2226 427 tilius

1222 449 1442 486 Synibaldus,
1468 450 1664 487 capellanus·
1682 454 1803 484 noster,
1825 459 1925 487 nepos
1946 450 2053 480 felicis
2074 451 2226 480 recorda-

1223 500 1323 529 tionis
1347 501 1372 529 Ι.
1399 510 1480 538 pape
1507 502 1749 539 predecessoris
1780 502 1901 532 nostri,
1928 503 2114 540 prepositus
2140 503 2227 533 Cha-

1222 551 1396 586 bleiarum,
1416 553 1511 582 nobis
1528 554 1687 590 exposuit,
1708 553 1777 590 ipse
1794 563 1812 582 a
1829 553 1998 583 nonnullis
2016 558 2080 583 tam
2098 555 2228 584 clericis

1224 613 1321 641 quam
1346 604 1440 633 laicis
1464 614 1562 642 super
1580 606 1751 634 beneficiis
1768 609 1798 634 et
1815 606 1990 642 prebendis
2013 607 2093 636 suis,
2112 616 2174 645 que
2193 608 2227 636 in

1224 664 1325 693 regno
1347 657 1485 686 Francie
1507 657 1643 691 obtinet,
1660 666 1787 686 necnon
1805 662 1835 686 et
1854 658 2143 695 jurisdictionibus
2166 668 2229 697 que

1224 709 1352 738 ratione
1376 709 1611 739 11011011010111111
1636 714 1665 739 et
1687 710 1928 747 prebendarum
1949 710 2138 748 hujusmodi
2164 711 2230 740 sibi

1226 766 1425 799 competunt,
1441 771 1556 799 graves
1570 762 1714 799 patiatur
1726 762 1867 800 injurias
1880 763 2075 800 etjacturas,
2091 773 2160 795 nos,
2175 774 2230 793 vo-

1225 813 1331 843 lentes
1349 818 1380 843 et
1397 814 1544 852 ejusdem
1567 814 1729 851 capellani
1752 814 1986 852 tranquillitati
2010 816 2181 845 consulere
2201 821 2231 844 et

1224 866 1473 895 molestantium
1503 866 1641 896 malitiis
1671 866 1821 901 obviare,
1849 867 2044 895 mandamus
2073 868 2230 905 quatinus

1225 918 1310 948 dicto
1321 919 1489 957 capellano
1502 919 1707 949 defensionis
1717 919 1861 957 presidio
1871 919 2046 948 efficaciter
2058 920 2230 950 assistens.

1226 981 1290 1001 non
1307 972 1478 1010 permittas
1495 980 1569 1001 eum
1587 981 1684 1009 super
1705 972 1876 1009 premissis
1894 972 1933 1000 ab
1953 972 2120 1010 aliquibus
2137 972 2230 1001 inde-

1224 1025 1291 1055 bite
1306 1024 1486 1059 molestari,
1505 1024 1732 1053 molestatores
1747 1024 1936 1063 hujusmodi
1954 1034 2026 1053 cum
2044 1025 2231 1062 cognitione

1226 1087 1334 1112 cause,
1358 1077 1540 1106 monitione
1563 1076 1736 1114 premissa,
1760 1086 1816 1114 per
1836 1086 2009 1106 censuram
2030 1077 2233 1107 ecclesiasti-

1226 1141 1308 1167 cam,
1334 1131 1553 1170 appellatione
1577 1132 1769 1169 postposita,
1795 1132 2042 1169 compescendo.
2068 1133 2141 1161 Non
2163 1132 2233 1162 obs—

1225 1190 1315 1214 tante
1332 1185 1569 1214 constitutione
1583 1184 1748 1213 contraria
1761 1184 1930 1222 superlioc
1943 1195 1959 1213 a
1975 1185 2068 1214 nobis
2087 1186 2184 1217 edita,
2204 1190 2234 1215 et

1226 1239 1255 1268 si
1267 1238 1435 1276 aliquibus
1448 1238 1485 1267 de
1498 1237 1648 1275 partibus
1660 1237 1728 1266 illis
1741 1237 1941 1274 generaliter
1955 1237 2003 1267 vel
2016 1238 2204 1275 specialiter
2216 1248 2233 1267 a

1227 1292 1309 1321 Sede
1327 1291 1502 1329 apostolica
1526 1295 1574 1320 est
1591 1290 1758 1319 indultum
1781 1291 1867 1328 quod
1884 1291 2055 1320 interdici.
2075 1291 2233 1329 suspendi

1228 1348 1258 1374 et
1275 1344 1553 1374 excommunicari
1569 1352 1626 1373 seu
1641 1347 1730 1373 extra
1746 1352 1839 1372 suam
1854 1344 2011 1373 diocesim
2025 1344 2057 1372 in
2070 1344 2232 1381 judicium

1226 1397 1314 1426 trahi
1331 1405 1395 1426 11011
1417 1396 1561 1434 possint,
1581 1396 1645 1424 nisi
1663 1405 1771 1425 eoram
1794 1400 1881 1425 certo
1900 1396 1947 1425 vel
1966 1396 2161 1433 competenti
2179 1397 2233 1434 ju-

1227 1450 1297 1479 dice
1316 1458 1374 1487 per
1396 1449 1523 1478 litteras
1541 1448 1736 1486 apostolicas
1756 1458 1818 1486 que
1839 1448 1876 1477 de
1900 1448 2027 1478 indulto
2044 1448 2234 1487 hujusmodi

1227 1507 1258 1532 et
1274 1506 1340 1531 toto
1357 1507 1469 1531 tenore
1485 1501 1592 1539 ipsius
1611 1501 1648 1530 de
1666 1501 1764 1530 verbo
1781 1501 1821 1529 ad
1837 1501 1973 1530 verbum
1990 1500 2118 1538 plenam
2137 1505 2164 1529 et
2183 1510 2233 1530 ex-

1226 1564 1373 1593 pressam
1391 1564 1457 1584 non
1476 1555 1616 1584 fecerint
1634 1554 1851 1587 mentionem,
1870 1562 1997 1582 necnon
2021 1558 2049 1582 et
2073 1553 2235 1582 constitu-

1227 1609 1315 1638 tione
1333 1608 1371 1637 de
1390 1607 1517 1636 duabus
1534 1607 1632 1636 dietis
1647 1606 1732 1635 edita
1745 1606 1778 1634 in
1794 1605 1933 1635 concilio
1948 1605 2106 1641 generali.
2121 1607 2234 1635 Testes

1227 1664 1288 1690 ete.
1305 1660 1377 1689 Dat.
1397 1659 1560 1696 Anagnie,
1582 1658 1693 1687 idibus
1710 1658 1917 1695 septembris,
1939 1666 2024 1686 anno
2043 1658 2159 1695 primo.
2181 1670 2192 1682 »ι

1299 1844 1383 1872 ’769

1263 1905 1394 1932 Praefato
1416 1904 1562 1931 Sinibaldo
1585 1904 1724 1938 indulget,
1744 1907 1773 1929 ut
1791 1904 2018 1937 praeposituram
2036 1902 2235 1928 Cbableiarum

1707 1842 1831 1876 Anugni,
1852 1842 1882 1867 '13
1902 1842 2065 1875 septembre
2087 1841 2160 1867 1255).

1228 1955 1290 1982 sine
1304 1954 1494 1981 diminutione
1511 1957 1608 1979 tenere.
1625 1961 1658 1979 ac
1676 1952 1824 1987 possidere
1843 1953 1942 1978 valeat.
1959 1951 2043 1984 (tuo.
2061 1951 2105 1984 24,
2119 1959 2144 1977 c.
2162 1951 2235 1983 6132,

1227 2004 1246 2030 f.
1265 2003 1297 2031 93
1312 2005 1321 2036 )

1270 2118 1282 2131 4(
1313 2104 1490 2142 Sy'tzt'baldo,
1516 2104 1667 2141 preposito
1690 2102 1922 2136 Cliableiamim,
1946 2102 2102 2138 capellano
2124 2106 2235 2135 nostro,

1227 2160 1328 2197 nepoti
1340 2158 1438 2195 felicis
1453 2157 1675 2186 recordationis
1690 2156 1714 2184 I.
1728 2164 1805 2193 pape
1816 2155 2032 2192 predecessoris
2047 2155 2154 2183 nostri.
2170 2155 2236 2183 Vo-

1226 2212 1333 2242 lentes
1357 2210 1417 2240 tibi
1437 2210 1513 2248 jura
1532 2208 1739 2247 prepositure
1760 2206 1996 2237 Cliableiarum
2016 2207 2144 2244 integre
2163 2206 2236 2236 sine

1227 2263 1448 2293 diminutione
1467 2261 1608 2296 servari,
1626 2265 1662 2290 ut
1677 2259 1855 2298 piscariam
1871 2263 1902 2288 et
1920 2267 2036 2288 nemus
2053 2258 2236 2288 Bellimon-

1229 2316 1270 2345 tis
1288 2325 1324 2345 ac
1338 2315 1489 2354 aliajura
1501 2313 1674 2343 addictam
1690 2311 1933 2350 preposituram
1945 2310 2158 2349 pertinentia,
2173 2318 2236 2348 que

1227 2368 1478 2406 predecessores
1499 2366 1546 2396 tui
1569 2365 1716 2396 tenuisse
1734 2368 1927 2399 noscuntur,
1947 2363 2051 2393 libere
2068 2367 2179 2393 tenere
2200 2372 2236 2391 ac

1228 2421 1397 2460 possidere
1414 2420 1539 2458 eisque,
1558 2422 1654 2457 prout
1669 2418 1920 2456 predecessores
1942 2416 1989 2445 tui
2005 2416 2058 2445 usi
2079 2420 2167 2450 sunt,
2187 2415 2237 2444 uti

1228 2474 1350 2508 valeas,
1366 2473 1405 2502 ad
1418 2472 1525 2502 instar
1541 2469 1953 2510 ejusdempredecessoris,
1971 2468 2028 2497 tibi
2042 2468 2237 2498 auctoritate

1228 2526 1433 2565 presentium
1449 2525 1672 2562 indulgemus.
1692 2523 1784 2553 Nulli
1805 2527 1864 2552 etc.
1885 2526 1995 2551 nostro
2012 2520 2237 2550 concessionis

1230 2584 1290 2609 etc.
1309 2579 1382 2608 Dat.
1403 2582 1438 2607 ut
1454 2586 1564 2615 supra.
1585 2589 1597 2603 n

1303 2763 1389 2791 220

1266 2825 1380 2853 Cantori
1404 2824 1530 2851 Eduensi
1555 2823 1681 2855 mundat,
1701 2825 1731 2849 ut
1754 2830 1807 2848 non
1826 2822 1971 2856 permittat
1987 2820 2142 2855 praefatum
2160 2818 2236 2845 Sini-

1232 2876 1347 2903 baldum
1371 2882 1458 2909 super
1477 2873 1594 2908 J‘uribus
1615 2872 1828 2907 praepositurae
1849 2869 2048 2896 Chableiarum
2065 2872 2162 2895 contra
2182 2867 2238 2893 hu-

1715 2759 1841 2793 Anagni,
1861 2759 1891 2785 13
1907 2759 2069 2793 septe-niblo
2089 2757 2165 2784 1‘255.
