2498 3325
248 262 305 292 378
973 258 1211 289 REGISTRES
1233 257 1540 290 D'ALEXANDRE
1565 261 1620 290 IV.

249 330 331 359 cesis.
351 330 431 359 Cum
446 328 529 357 sicut
547 327 660 365 petitio
677 344 725 354 —.
744 327 815 356 Dat.
837 325 1001 361 Laterani,
1021 326 1083 355 VII
1098 323 1256 354 kalendas

250 381 372 415 martii,
392 390 478 410 anno
495 380 649 409 secundo.
671 391 683 405 »

323 552 438 581 ¹253

284 613 422 639 Concedit
438 613 601 638 facultatem
619 611 786 637 absolvendi
805 611 974 637 Mam-icium
992 610 1093 636 Filium
1110 610 1226 637 Geroldi
1242 619 1257 635 a

830 549 930 575 Latran
941 571 948 582 ‚
967 550 1005 575 ΙΝ
1020 549 1090 575 avril
1108 548 1185 575 1‘256.

249 666 314 688 voto
333 662 357 688 in
374 661 478 687 Terrae
495 662 617 687 Sanctae
632 660 795 686 subsidium
811 659 1022 693 proficiscendi,
1039 662 1189 693 postquam
1208 666 1258 684 ne-

250 711 360 745 gotium
385 711 465 743 regui
490 709 604 735 Siclliae
626 717 691 735 cum
717 718 783 739 rege
806 708 926 741 Augliae
948 708 1088 742 inceperit
1112 707 1256 741 prosequi.

249 759 398 792 (REO.‘24‚
420 760 437 785 s.
459 757 791 790 158‚a1111.11‚c.‘21t·1

291 874 301 887 α
331 862 484 898 Muqistris
511 860 656 889 ll'illelmo
679 859 712 887 de
734 859 829 888 thlva
848 864 872 888 el
902 859 1048 888 ll't'llrlmo
1071 859 1104 886 'Ie
1123 857 1254 894 Norfeld,

249 916 405 944 canonicis
422 914 666 942 Imminwzsibus.
690 912 779 941 Livet
800 911 939 941 dilectus
958 911 1047 940 filius
1067 910 1189 940 nobilis
1208 910 1257 939 vir

250 967 431 997 Mauricius
450 966 553 996 Filius
570 965 716 999 Guroldi,
737 964 859 994 dudum
878 964 945 994 zelo
965 964 1039 994 ndei
1060 969 1090 994 et
1109 963 1256 993 devotio-

250 1021 301 1050 nis
319 1028 487 1051 aecensus,
508 1019 637 1047 vivifice
655 1017 762 1047 crucis
785 1022 953 1055 assumpto
973 1016 1162 1053 signaculo,
1181 1025 1256 1054 pro-

249 1074 355 1112 posuit
375 1073 408 1102 in
431 1074 529 1102 Terre
553 1072 671 1101 Sancte
696 1071 883 1100 subsidium
906 1070 1088 1108 proticisci,
1110 1071 1188 1109 quia
1208 1075 1256 1100 ta-

249 1136 323 1156 mvu
355 1131 463 1155 votum
495 1124 684 1163 bujiismodi
719 1124 834 1162 nequit
865 1132 901 1153 ex
932 1132 1032 1153 causa
1062 1123 1255 1152 rationabili

250 1179 439 1217 :111i1111.1·›1·‹›,
462 1177 625 1216 provideri
649 1186 748 1215 super
769 1176 827 1206 lior
849 1186 907 1206 sue
931 1176 1133 1205 conscientie
1151 1185 1186 1205 ac
1204 1185 1256 1205 sa-

249 1232 308 1261 luti
329 1231 506 1269 apostolice
531 1230 789 1268 dispensationis
814 1230 959 1259 remedio
984 1229 1198 1267 supplicavit:
1218 1228 1256 1258 de

248 1290 357 1314 vestra
373 1285 484 1323 itaquo
501 1283 797 1322 rircumspertione
815 1283 945 1321 plenam
962 1283 996 1311 in
1014 1282 1154 1312 Domino
1172 1282 1256 1311 lidu-

247 1339 331 1368 ciam
347 1338 546 1371 obtinentes,
566 1337 757 1367 absolvendi
775 1346 849 1366 eum
870 1346 887 1365 a
904 1336 1050 1374 predicto
1068 1339 1153 1369 vois),
1172 1339 1256 1374 post-

247 1401 344 1430 quam
363 1391 536 1427 negocium
553 1391 646 1427 regni
664 1390 778 1420 Sicilie
793 1399 866 1419 cum
882 1389 1055 1419 carissimo
1071 1389 1104 1418 in
1122 1389 1256 1419 Christo

246 1445 315 1474 filio
333 1450 444 1474 nostro
462 1445 582 1474 illustri
602 1453 676 1481 ref-se
694 1443 813 1479 Anglie
831 1443 992 1481 inceperit
1007 1443 1162 1481 prosequi
1182 1451 1255 1471 cum

249 1498 378 1531 ellectu,
397 1497 536 1526 liberam
553 1496 645 1525 vobis
665 1496 876 1526 concedimus
900 1496 1095 1525 auctoritate
1121 1504 1257 1533 presen-

250 1551 332 1580 tium
349 1550 551 1580 facultatem.
570 1551 642 1579 Dat.
664 1549 832 1583 Laterani,
851 1548 1003 1578 kalendis
1025 1548 1151 1587 aprilis,
1171 1556 1258 1577 anno

250 1603 405 1633 secundo.
424 1615 436 1629 »

325 1775 343 1802 Ι
353 1775 443 1803 254

286 1835 483 1870 lusi-ascriptis
499 1836 575 1862 litem
594 1836 668 1862 inter
691 1836 886 1870 praepositum
910 1835 1051 1862 ecclesiae
1072 1835 1101 1861 S.
1117 1835 1260 1861 Joliannis

252 1884 490 1917 Osnaburgensis
501 1888 529 1910 et
546 1885 699 1910 nonnullos
714 1883 843 1918 ejusdem
861 1883 1018 1910 canonicos
1028 1892 1117 1918 super
1128 1885 1261 1917 assigna-

252 1933 328 1959 tione
350 1933 577 1967 praebendarum
595 1937 764 1966 vertentem,
776 1933 930 1959 committit
941 1932 1159 1958 terminandam.
1177 1932 1258 1963 (Rea.

250 1981 295 2011 24,
313 1982 330 2007 s.
352 1982 409 2015 158,
427 1990 494 2007 ann.
511 1981 548 2016 ΙΙ,
566 1990 591 2008 c.
610 1981 676 2013 ‘2153
697 1981 842 2008 POTTHAST
858 1981 964 2014 16186.)

799 1773 917 1806 Latran,
935 1773 965 1800 13
979 1773 1093 1808 janvier
1112 1773 1187 1799 1255.

293 2096 304 2110 ι(
323 2107 355 2118 ..,
371 2085 472 2121 priori
485 2085 623 2119 fratrum
640 2084 884 2118 I’redicaeorwm
908 2089 933 2112 el
960 2106 991 2119 ..,
1013 2084 1125 2113 decano
1142 2084 1260 2113 ecclesie

250 2137 356 2166 Sancti
372 2138 500 2165 Martini
517 2137 694 2171 Mindensis,
714 2142 739 2165 et
754 2138 919 2173 Alsrimmo
933 2137 1080 2166 canonico
1105 2137 1260 2166 Osmzbur-

251 2191 347 2227 yensi.
371 2188 488 2219 Oblata
514 2189 609 2218 nobis
633 2189 745 2219 dilecti
766 2206 814 2217 —-.
844 2189 915 2218 Dat.
947 2189 1117 2224 Laterani,
1146 2188 1257 2218 idibus

250 2242 409 2280 januarii,
428 2250 514 2271 anno
531 2242 686 2271 secundo.
707 2254 719 2268 n

329 2412 347 2438 Ι
357 2413 445 2442 255

289 2472 405 2499 Eisdem
429 2473 530 2499 scribit
554 2474 589 2498 de
615 2474 810 2500 controversia
833 2474 906 2500 inter
927 2473 1097 2505 Gen-ardum,
1119 2478 1259 2500 rectorem

254 2520 394 2547 ecclesiae
411 2520 444 2546 de
461 2520 584 2547 Rimetto
597 2543 603 2555 ,
619 2525 646 2547 et
664 2521 820 2548 Henricum
843 2522 950 2548 dictum
972 2522 1098 2556 Stempet
1122 2522 1259 2548 clericum

254 2568 510 2602 osnaburgensem
531 2573 630 2595 exorta
650 2578 739 2604 super
759 2570 880 2604 quadam
905 2570 1068 2604 praebenda
1090 2574 1210 2596 vacante
1232 2571 1259 2597 in

254 2615 377 2644 eeclesia
394 2618 424 2644 S.
445 2617 588 2644 Johannis
602 2618 848 2652 Osnaburgensis,
865 2620 965 2653 cisque
982 2619 1111 2652 mandat,
1131 2625 1159 2646 ut
1176 2621 1260 2646 latam

254 2666 282 2692 in
300 2666 457 2701 praefatum
475 2671 616 2693 rectorem
632 2667 940 2694 excommunicationis
960 2667 1131 2694 sententiam
1149 2667 1262 2694 denun-

254 2714 327 2740 tient
351 2722 416 2740 esse
441 2715 544 2741 nullam
569 2719 597 2741 et.
625 2720 720 2750 partes
743 2716 777 2741 ad
799 2716 931 2750 judicum
959 2717 1104 2743 remittant
1127 2724 1258 2742 examen.

255 2762 338 2794 (Rau.
355 2763 405 2795 2³4,
423 2763 442 2789 s.
463 2764 520 2796 158,
538 2772 604 2791 ann.
623 2764 664 2795 ΙΙ,
682 2772 707 2791 c.
724 2765 811 2795 ‘2152;
831 2764 976 2792 Porruasr
995 2765 1090 2792 16222.

827 2412 939 2446 Lau-an,
958 2412 972 2439 3
989 2412 1093 2438 sevrier
1109 2412 1188 2439 1256.

298 2877 310 2890 «
330 2865 460 2894 Eisdem.
481 2866 547 2895 Sua
566 2865 661 2895 nobis
680 2866 847 2896 Gerardus
863 2883 910 2895 ——.
934 2867 1007 2896 Dat.
1026 2867 1193 2902 Laterani,
1212 2867 1261 2902 ΙΙΙ

259 2924 362 2946 nonas
376 2916 550 2953 februarii,
568 2926 655 2947 anno
673 2918 828 2948 secundo.
849 2931 861 2944 »

1379 325 1398 351 1
1408 326 1495 354 258
1537 326 1628 353 Panis
1638 327 1673 353 de
1685 327 1883 362 l'arcbevequc
1894 326 1929 353 de
1939 326 2072 361 Cagliari,
2083 328 2097 354 3
2106 327 2258 354 decembre
2271 328 2348 356 ¹224.

1376 386 1565 419 Benedictae‚
1589 388 1767 416 calaritanae
1787 389 1962 424 judicissae,
1989 389 2104 416 donatio
2129 389 2162 416 ad
2189 389 2349 417 Ecclesiam

1341 435 1510 463 Romanam.
1527 436 1611 470 (Rite.
1627 437 1673 469 24,
1690 438 1710 464 f.
1728 438 1787 468 ¹58,
1805 446 1871 464 ann.
1888 437 1926 471 11,
1943 446 1968 464 c.
1986 438 2060 468 ⁵216.)

1381 549 1394 563 u
1412 538 1448 567 In
1465 538 1598 568 nomine
1610 539 1756 574 Domini,
1771 547 1876 569 amen.
1892 539 1959 577 Ego
1973 540 2151 570 Benedicta
2161 540 2348 576 domicella,

1342 602 1354 615 υ
1380 590 1585 620 marchisa...
1614 596 1645 621 et
1673 591 1837 630 judicissa
1864 592 2071 627 Kalaritana,
2101 593 2283 631 persistens
2312 594 2349 623 in

1342 654 1354 668 »
1379 642 1476 680 pleno
1489 647 1576 672 statu
1588 648 1618 673 et
1631 652 1731 673 sensu
1745 653 1827 678 meo,
1840 653 1904 673 non
1919 644 1950 673 vi
1965 649 2086 679 coacta,
2103 654 2163 675 nec
2176 645 2249 676 dolo
2261 646 2348 676 malo

1342 708 1354 721 n
1379 696 1526 727 inducta.
1550 696 1607 726 sed
1624 706 1696 727 rnea
1716 701 1746 726 et
1767 698 1898 735 propria
1915 701 1945 727 et
1964 697 2132 728 voluntate
2152 703 2346 737 spontanea,

1342 760 1354 774 »
1380 748 1473 778 vobis
1490 749 1623 779 domino
1635 750 1830 785 Gottifiedo,
1845 750 1990 788 prefecto
2001 750 2114 782 Urbis,
2126 751 2251 780 domini
2266 759 2350 790 pape

1342 814 1354 828 n
1380 802 1582 831 subdiacono
1602 807 1633 832 et
1651 803 1836 841 capellano.
1862 803 1963 832 totius
1987 804 2140 834 Sardinie
2164 809 2194 834 et
2215 804 2350 835 Coi-sice

1342 868 1354 881 ι)
1379 854 1504 891 legata
1523 855 1698 893 1·e‹·ipienti
1720 856 1854 886 nomine
1879 857 2028 886 Romane
2049 856 2212 891 Ecclesie,
2231 857 2271 887 ab
2286 856 2350 887 hac

1342 920 1354 933 n
1380 908 1459 937 hora
1478 908 1511 937 in
1537 913 1633 938 antea
1650 909 1769 947 viginti
1786 909 1889 938 libras
1906 910 2046 945 arf-venti,
2067 910 2199 940 nomine
2215 918 2348 945 censuS‚

1342 973 1354 987 »
1380 970 1437 999 pro
1453 970 1553 999 reguo
1571 971 1642 992 meo
1661 962 1857 992 Kalaritano
1873 963 1942 992 sive
1958 963 2107 1002 judicatu
2125 972 2162 992 ac
2179 967 2244 992 tota
2261 967 2351 993 terra

1342 1026 1354 1039 »
1379 1023 1477 1052 quam
1496 1014 1600 1044 liabeo
1616 1015 1649 1043 iu
1668 1015 1833 1045 Sardinia.
1857 1024 1920 1053 que
1939 1015 2051 1045 onmia
2067 1024 2117 1045 me
2134 1016 2292 1046 confiteor
2308 1015 2350 1045 ab

1342 1079 1354 1093 »
1380 1067 1452 1105 ipsa
1482 1068 1630 1097 Ecclesia
1655 1068 1843 1106 possedisse
1866 1068 2028 1098 hactenus
2061 1074 2091 1098 et
2118 1069 2286 1107 possidere
2313 1069 2349 1098 in

1341 1132 1354 1146 »
1379 1121 1540 1156 futurum,
1565 1122 1700 1151 infesto
1721 1122 1877 1151 Omnium
1901 1126 2090 1152 sanctorum
2110 1122 2266 1160 promitto
2283 1121 2351 1152 sol-

1342 1185 1354 1199 »
1379 1182 1454 1203 vere
1479 1174 1663 1203 annuatim.
1686 1175 1767 1204 Item
1792 1175 1946 1212 promitto
1969 1175 2053 1212 quod
2074 1174 2186 1204 nullus
2205 1174 2243 1204 de
2265 1183 2351 1205 novo

1342 1238 1354 1252 »
1380 1226 1654 1266 eflicieturJ'udex
1672 1227 1722 1257 vel
1737 1227 1899 1266 judit-issa
1916 1227 1948 1256 in
1970 1228 2040 1265 ipso
2060 1236 2160 1265 regno
2177 1228 2246 1257 sive
2259 1226 2352 1267 judi-

1343 1292 1354 1305 »
1380 1283 1465 1314 catu,
1490 1280 1570 1318 quin
1594 1280 1684 1319 juret
1707 1280 1899 1310 fidelitatem
1924 1280 1987 1318 ipsi
2011 1280 2173 1315 Ecclesie,
2195 1285 2225 1310 et
2250 1280 2352 1310 faciat

1342 1344 1354 1358 »
1379 1341 1494 1362 omnes
1515 1332 1637 1362 liberos
1660 1337 1745 1362 terre
1767 1333 1836 1362 sive
1860 1337 1946 1362 terre
1967 1341 2165 1370 mag-{nenses
2188 1333 2350 1363 habentes

1342 1397 1354 1411 >³
1380 1386 1516 1415 seudum
1534 1385 1574 1415 ab
1591 1386 1639 1415 eis
1656 1386 1690 1415 in
1708 1386 1872 1424 principio
1887 1394 1945 1415 sue
1963 1386 2261 1425 dignitatisjurare
2273 1386 2351 1417 fide-

1342 1452 1354 1465 »
1379 1439 1508 1469 litatem
1527 1439 1674 1469 Ecclesie
1693 1444 1884 1469 memorate.
1903 1440 1984 1468 Item
2006 1439 2106 1478 judex
2131 1443 2162 1469 et
2185 1439 2352 1478 judicissa

1343 1505 1355 1518 »
1380 1492 1605 1530 procurabunt
1628 1492 1775 1530 legatum
1800 1492 1895 1522 Sedis
1920 1491 2108 1530 Apostolice
2131 1492 2217 1522 sicut
2239 1491 2353 1522 archi-

1343 1557 1355 1571 »
1381 1545 1555 1583 episcopus
1565 1545 1794 1581 Kalaritanus,
1806 1550 1919 1575 etcum
1933 1545 2040 1583 primo
2054 1545 2163 1583 ipsum
2174 1544 2350 1583 recipient,

1378 1598 1477 1637 judex
1496 1598 1713 1628 Kalaritanus
1734 1598 1942 1628 addextrabit
1959 1607 2033 1627 eum
2052 1598 2204 1636 pedester
2219 1606 2278 1636 per
2293 1597 2353 1627 de·-

1382 1651 1502 1680 cimam
1525 1656 1652 1689 partem
1678 1650 1820 1680 miliaris
1841 1651 1954 1680 unius.
1978 1651 2061 1680 Item
2085 1650 2182 1689 judex
2205 1654 2237 1680 et
2258 1649 2352 1689 judi-

1382 1704 1467 1733 cissa
1485 1705 1596 1733 omnia
1610 1703 1799 1742 spiritualia
1816 1704 1983 1733 dimittent
1997 1703 2101 1733 libere
2115 1703 2179 1741 ipsi
2191 1702 2352 1738 Ecclesie,

1383 1765 1447 1785 non
1462 1756 1672 1786 obstantibus
1685 1757 1924 1786 consuetudine
1937 1756 2049 1794 aliqua
2065 1755 2116 1785 vel
2131 1755 2249 1785 abusu.
2266 1756 2352 1786 Item

1379 1809 1478 1848 judex
1496 1809 1712 1839 Kalaritauus
1725 1818 1788 1838 non
1804 1809 1937 1847 recipiet
1954 1818 2099 1843 uxorem,
2116 1817 2174 1838 nec
2187 1808 2354 1847 judicissa

1344 1610 1349 1623 )

1344 1664 1349 1677 )

1344 1716 1350 1730 )

1345 1769 1350 1782 >

1344 1822 1350 1834 )

1345 1874 1351 1887 >

1384 1862 1540 1891 maritum
1567 1862 1639 1892 sine
1661 1862 1795 1900 speciali
1820 1862 1966 1901 ejusdem
1991 1862 2138 1891 Ecclesia
2159 1861 2296 1891 licentia
2319 1865 2352 1891 et.

1384 1914 1548 1944 mandato.
1574 1916 1656 1944 Item
1674 1915 1702 1944 si
1715 1915 1815 1953 judex
1837 1914 1886 1944 vel
1905 1915 2068 1953 judicissa
2088 1914 2275 1944 Kalaritani
2294 1913 2353 1944 de-

1384 1967 1500 1996 cedent
1517 1967 1589 1996 sine
1605 1967 1685 1997 filiis
1703 1967 1860 1997 masculis
1874 1967 1924 1996 vel
1942 1967 2092 2002 seminis,
2113 1971 2213 1996 totam
2230 1971 2353 1996 terram

1383 2019 1487 2050 libere
1504 2024 1535 2050 et
1552 2019 1701 2049 absolute
1720 2021 1783 2058 ipsi
1801 2020 1947 2050 Ecclesie
1962 2019 2150 2058 relinquere
2163 2023 2351 2054 teneantur,

1384 2072 1474 2103 salvo
1508 2077 1617 2103 tamen
1648 2073 1735 2112 quod
1768 2073 1898 2102 tertiam
1931 2078 2056 2111 partem
2084 2071 2259 2102 mobilium
2293 2079 2353 2110 pro

1384 2125 1496 2155 anima
1517 2134 1576 2155 sua
1599 2125 1703 2156 libere
1720 2125 1963 2164 derelimpmut.
1992 2126 2073 2155 Item
2091 2134 2166 2155 cum
2181 2124 2282 2164 judex
2300 2122 2354 2154 vel

1346 1926 1352 1940 )

1345 1979 1351 1992 )

1345 2031 1351 2045 )

1351 2032 1358 2046 v

1346 2085 1352 2097 )

1346 2138 1351 2150 )

1345 2190 1351 2204 )

1380 2178 1542 2217 judicissa
1558 2178 1597 2208 de
1615 2187 1698 2208 novo
1716 2179 1902 2208 eilicientur
1918 2179 1950 2207 in
1969 2178 2040 2216 ipso
2057 2186 2158 2215 regno
2175 2177 2245 2207 sive
2261 2176 2354 2216 judi-

1345 2243 1358 2258 »
1383 2235 1457 2261 catu
1477 2230 1696 2265 Kalai·itanis‚
1717 2232 1756 2260 ad
1775 2231 1910 2262 Curiam
1929 2232 2111 2260 Romanam
2133 2229 2354 2268 personaliter

1345 2296 1358 2310 »
1383 2284 1550 2317 accedent.
1575 2284 1627 2314 vel
1649 2284 1849 2322 sollempnes
1873 2284 2013 2313 nuncios
2032 2283 2247 2313 destinabunt
2262 2283 2355 2312 infra

1346 2349 1358 2363 »
1384 2337 1529 2375 spatium
1545 2337 1684 2366 duorum
1704 2337 1869 2367 mensium
1892 2346 1910 2366 a
1930 2337 1982 2366 die
2001 2345 2059 2366 sue
2075 2335 2249 2374 dignitatis
2264 2335 2353 2365 inci-

1345 2401 1358 2416 »
1382 2389 1558 2428 pientium‚
1591 2398 1648 2427 pro
1676 2390 1795 2419 vexillo
1827 2390 1862 2419 in
1893 2389 2026 2426 signum
2055 2388 2196 2419 dominii
2223 2397 2241 2418 a
2268 2387 2354 2418 Sede

1345 2454 1358 2468 n
1384 2441 1564 2480 apostolica
1582 2442 1755 2472 humiliter
1769 2442 1960 2472 obtinendo.
1980 2443 2061 2472 Item
2075 2450 2228 2479 guerram
2247 2444 2278 2471 et
2293 2449 2354 2479 pa-

1345 2507 1358 2521 »
1383 2504 1453 2524 cem
1480 2495 1603 2525 sacient
1634 2495 1674 2525 ad
1703 2496 1894 2525 mandatum
1925 2495 2031 2533 ipsius
2061 2494 2209 2524 Ecclesie
2237 2497 2354 2523 contra

1345 2560 1358 2574 »
1383 2548 1558 2578 universos
1575 2553 1606 2578 et
1623 2548 1773 2586 singulos
1790 2558 1847 2587 per
1861 2547 2050 2578 Sardiniam
2064 2546 2274 2581 constitutos,
2293 2544 2353 2584 qui

1346 2613 1359 2627 »
1383 2601 1468 2631 sorte
1484 2601 1595 2640 aliquo
1614 2606 1759 2639 tempore
1782 2605 1975 2639 presument
1990 2600 2055 2638 ipsi
2077 2598 2223 2629 Ecclesie
2239 2598 2274 2627 in
2291 2597 2355 2627 ali-

1346 2666 1359 2681 »
1385 2663 1449 2693 quo
1476 2654 1649 2684 rebellare.
1674 2656 1758 2685 Item
1783 2654 1867 2684 nulli
1895 2658 2083 2683 statuentur
2105 2651 2145 2681 ad
2168 2650 2355 2681 custodiam

1346 2719 1359 2733 »
1385 2711 1568 2737 castrorum
1596 2707 1647 2737 vel
1673 2707 1812 2737 aretium
1838 2707 1945 2745 ipsius
1973 2705 2067 2743 regni
2093 2704 2162 2734 sive
2183 2703 2353 2743 judicatus

1346 2772 1359 2786 »
1385 2759 1667 2796 Kalaritanorum,
1684 2761 1766 2799 quin
1782 2760 1888 2799 primo
1903 2760 2017 2798 jurent
2032 2758 2202 2792 honorem,
2221 2755 2354 2786 liberta-

1347 2825 1360 2839 »
1386 2817 1435 2843 tes
1452 2814 1571 2852 etjura
1587 2814 1736 2853 ejusdem
1755 2813 1902 2844 Ecclesie
1922 2822 1980 2851 per
2002 2811 2114 2842 onmia
2136 2814 2167 2840 et
2189 2809 2225 2838 in
2249 2807 2355 2839 omni-

1347 2877 1361 2892 »
1386 2866 1448 2896 bus
1471 2867 1565 2896 firma
1588 2870 1619 2896 et
1640 2866 1780 2902 illibata,
1799 2866 1885 2896 bona
1907 2865 1987 2900 tide,
2005 2872 2041 2894 ac
2058 2863 2130 2893 sine
2149 2861 2266 2892 fraude
2282 2868 2355 2891 ser-

1347 2930 1360 2945 »
1386 2927 1474 2949 vare.
1492 2919 1634 2957 Insuper
1648 2923 1758 2949 autem
1774 2923 1809 2949 ut
1824 2918 1885 2948 hec
1901 2917 2012 2948 omnia
2027 2916 2062 2946 in
2075 2918 2243 2954 posterum
2258 2913 2356 2943 firma
