2498 3325
249 268 303 297 404
970 260 1209 291 REGISTRES
1231 261 1538 291 D'ALEXANDRE
1561 263 1617 292 IV.

250 332 465 364 Dauratensis
487 330 623 360 ecclesie
646 328 818 367 sepeliant,
839 332 953 357 contra
969 327 1132 366 justitiam
1150 326 1254 365 impe-

250 387 318 416 dire
343 384 518 423 presumit,
544 383 578 411 in
602 382 747 420 ipsorum
766 380 894 410 abbatis
913 385 943 410 et
966 379 1102 418 capituli
1125 388 1161 409 ac
1179 388 1254 418 pre-

249 439 333 468 dicte
362 436 499 467 ecclesie
523 434 739 465 Dauratensis
763 433 982 473 prcjmlicium
1007 438 1037 463 et
1063 441 1252 470 gravamen.

250 492 363 521 Dictus
381 498 510 528 quoque
527 492 632 518 rector
649 496 746 524 sup-:r
764 486 904 524 qmulam
922 494 1050 516 summa
1066 485 1206 524 pecunie
1224 489 1254 515 et

249 544 346 574 reims
363 542 437 571 aliis
454 541 564 571 abbati
584 545 613 570 et
632 539 775 578 capitulo
791 539 970 578 injuriatur
987 539 1122 569 eisdem.

288 596 446 632 Quocirca
467 593 658 624 discretioni
683 598 804 623 vestre.
826 592 863 622 de
884 592 1045 622 dictorum
1069 592 1206 622 rectoris
1223 596 1254 622 et

248 648 469 688 procuratoris
500 656 654 676 assensu.
682 656 739 684 per
763 645 941 683 apostolica
965 645 1087 683 scripta
1116 645 1252 674 manda-

248 711 336 734 mus,
365 700 536 739 quatinus.
562 698 711 737 partibus
736 698 939 729 convocatis,
964 707 1082 728 causas
1109 698 1253 728 audiatis

249 754 437 794 hujusmodi
461 758 492 783 et
514 762 569 782 eas
587 752 673 781 infra
691 756 832 791 quatuor
850 761 981 782 menses
998 756 1069 790 post
1092 752 1253 790 receptio-

249 817 322 838 nem
340 807 554 845 presentium,
573 805 601 835 si
618 805 655 835 de
673 805 816 843 partium
833 805 980 843 ipsarum
995 804 1162 836 voluntate
1179 814 1254 844 pro-

248 861 400 891 cesserit.
422 859 547 899 judicio
572 859 622 888 vel
645 858 819 888 concordia
845 859 1024 889 terminare
1047 859 1185 894 curetis,
1205 859 1254 889 sa—

248 915 372 944 cientes
390 913 475 952 quod
492 912 704 942 decreveritis
719 921 774 950 per
790 921 964 942 censuram
981 912 1251 947 ecclesiasticam,

249 967 466 1007 appellatione
492 969 615 995 remota
642 965 692 995 vel
717 970 878 1000 cessante,
906 966 1046 995 firmiter
1071 966 1251 996 observari.

248 1023 361 1052 Testes
384 1025 443 1050 etc.
464 1019 622 1058 Alioquin
643 1019 732 1057 ipsas
757 1028 792 1048 cx
819 1023 895 1048 tunc
912 1019 1092 1050 instructas
1114 1019 1165 1050 vel
1189 1028 1253 1049 non

248 1075 427 1104 instructas
445 1073 484 1101 ad
507 1076 656 1102 nostrum
676 1072 853 1101 remittatis
871 1081 1022 1107 examen,
1040 1072 1163 1110 prefixo
1179 1082 1254 1111 par-

249 1127 337 1158 tibus
359 1126 498 1156 termino
516 1125 737 1164 peremptorio
755 1125 970 1163 competenti,
993 1134 1056 1164 quo
1078 1135 1136 1164 per
1153 1134 1187 1156 se
1205 1126 1255 1156 vel

247 1189 304 1218 per
330 1183 557 1218 procuratores
579 1177 715 1207 idoneos
739 1187 813 1207 cum
835 1178 990 1208 omnibus
1015 1178 1202 1209 rationibus
1225 1183 1255 1209 et

248 1232 464 1262 munimentis
476 1231 546 1261 suis
556 1230 630 1260 illas
642 1231 924 1268 contingentibus,
936 1235 1047 1261 nostro
1057 1240 1091 1261 se
1103 1240 1254 1270 conspec-

249 1285 296 1315 tui
318 1288 560 1323 representem,
584 1284 710 1313 facture
733 1287 763 1312 et
781 1287 951 1321 recepturo
969 1292 1067 1322 super
1082 1285 1255 1322 premissis

248 1338 334 1377 quod
352 1337 430 1367 ordo
452 1337 625 1366 dictaverit
649 1336 800 1366 rationis.
820 1336 915 1366 Diem
938 1346 1014 1366 vero
1033 1337 1202 1367 citationis
1225 1342 1255 1368 et

248 1393 403 1426 formam,
429 1396 458 1421 et
476 1390 634 1429 quicquid
653 1390 729 1420 inde
753 1391 915 1426 feceritis,
934 1390 1030 1420 nohis
1053 1400 1110 1429 per
1128 1395 1254 1422 vestras

247 1444 386 1479 litteras,
406 1443 525 1473 harum
548 1443 668 1473 seriem
692 1443 915 1477 continentes,
936 1443 1098 1474 studeatis
1114 1443 1256 1474 fideliter

248 1497 415 1526 intimare.
433 1495 525 1532 Quod
542 1496 569 1526 si
587 1504 651 1524 non
667 1504 780 1525 omnes
793 1499 854 1525 etc.
869 1496 942 1525 Dat.
960 1497 1123 1533 Laterani,
1138 1497 1187 1526 III
1200 1496 1254 1526 ka-

248 1549 362 1579 lendas
376 1549 467 1584 maii,
484 1557 570 1578 anno
587 1549 742 1579 secundo.
762 1561 774 1575 n

322 1736 439 1764 135ss

286 1797 473 1831 infrascripto
489 1797 653 1832 dispensat,
672 1800 701 1823 ut
725 1796 840 1823 unicum
863 1797 938 1823 aliud
955 1797 1184 1825 ecclesiasticum
1202 1799 1254 1825 be-

251 1846 384 1872 neficium
401 1846 528 1880 recipere
544 1845 645 1872 valeat.
663 1845 745 1877 (ltro.
763 1845 807 1877 724,
824 1846 843 1871 s.
871 1846 928 1877 170,
944 1855 1009 1872 ann.
1028 1846 1069 1877 II,
1086 1855 1111 1874 c.
1128 1847 1201 1879 ⁶291.)

870 1735 984 1767 Lati-an,
1002 1735 1014 1762 4
1034 1736 1088 1762 mai
1105 1736 1183 1764 1256.

292 1959 304 1973 (t
337 1948 497 1976 Guillelmo
522 1947 555 1976 de
577 1948 725 1981 Asneriis,
752 1947 936 1977 subdiacono
966 1954 1080 1984 nostro,
1108 1951 1256 1980 canonico

250 2001 439 2035 Lexoviensi,
462 2002 572 2030 rectori
590 2001 707 2030 ecclesie
723 2001 831 2030 Sancti
847 2001 985 2030 Amloeni
1010 2002 1044 2030 de
1068 2003 1252 2039 Morrivilla,

249 2054 438 2083 Lexoviensis
454 2053 589 2082 diocesis.
608 2052 766 2083 Volentes
789 2053 848 2082 tibi
871 2054 1012 2091 gratiam
1029 2072 1077 2084 —-.
1098 2056 1170 2085 Dat.
1194 2057 1255 2086 La-

250 2107 368 2137 terani.
387 2107 454 2136 IIII
471 2115 575 2136 nonas
594 2106 684 2142 maii,
705 2115 791 2136 anno
809 2107 964 2137 secundo.
985 2119 997 2134 »

324 2290 435 2318 135ἳ

287 2350 444 2378 Confirmat
464 2353 636 2378 sententiam
661 2352 819 2384 Johaunis,
843 2354 941 2380 Sancti
957 2353 1068 2381 Nicolai
1090 2355 1118 2382 in
1135 2355 1256 2383 Carcere

251 2399 384 2426 Tulliano
396 2400 507 2426 diaconi
519 2400 681 2433 cardinalis,
694 2401 802 2427 Romae
814 2401 855 2427 Ill
867 2402 1000 2429 kalendas
1012 2403 1104 2429 martii
1115 2403 1257 2431 MCCLVI

253 2448 352 2479 latam,
377 2448 405 2474 in
422 2448 512 2482 litigio
532 2449 605 2474 inter
621 2449 774 2484 episcopos
789 2449 1026 2477 Colimbriensem
1043 2455 1071 2477 et
1086 2450 1256 2486 Egitauien-

253 2504 314 2523 sem
331 2497 364 2523 de
382 2497 550 2524 limitatione
567 2497 723 2524 diocesum.
740 2499 823 2532 (Rae.
840 2499 884 2533 24,
898 2500 916 2526 s.
932 2500 991 2533 170,
1008 2509 1074 2527 ann.
1093 2500 1129 2532 11,
1143 2509 1168 2528 e.
1181 2501 1253 2534 292.)

837 2291 952 2325 Latran,
970 2292 1003 2319 27
1020 2293 1089 2319 avril
1107 2293 1183 2321 1256.

295 2609 308 2624 α
326 2598 478 2635 Episcopis
498 2603 523 2626 et
545 2600 690 2636 capitulis
712 2600 978 2630 Colimbrieasibas
1001 2607 1027 2630 et
1046 2603 1257 2640 Eqitcznz'ensi-

254 2651 316 2679 bus.
336 2650 407 2680 Etsi
424 2659 462 2680 ea
480 2659 543 2689 que
556 2651 687 2690 Justitie
704 2653 865 2683 rectitudo
881 2653 1042 2692 disponit,
1060 2655 1198 2693 dignum
1215 2656 1258 2686 sit

254 2706 412 2740 perpetua
428 2703 583 2734 firmitate
599 2704 744 2740 muniri,
767 2704 825 2735 illa
848 2710 968 2742 tamen,
994 2716 1035 2737 ne
1054 2707 1258 2738 cavillationi

254 2754 447 2793 subjaceant
467 2755 519 2785 vel
535 2755 743 2794 aliquomodo
760 2757 915 2789 vacillent
930 2759 1163 2798 imposterum,
1182 2766 1260 2792 sunt

254 2807 426 2845 potissime
454 2808 633 2846 apostolico
657 2810 842 2840 munimine
868 2811 1067 2848 roboranda,
1096 2821 1159 2851 que
1186 2818 1259 2852 post

255 2860 512 2898 contemptiosos
529 2860 640 2890 litium
657 2862 825 2901 strepitus,
844 2867 915 2901 post
932 2864 1078 2894 diutinos
1095 2870 1124 2895 et
1143 2865 1258 2905 longos

255 2911 384 2942 labores
401 2921 587 2949 causarum,
605 2919 675 2952 post
694 2920 885 2954 sumptuosa
898 2917 1110 2956 judicialium
1128 2923 1258 2950 conten-

1338 326 1464 356 tionum
1483 327 1668 366 dispendia,
1689 338 1788 368 super
1803 329 1971 359 decisione
1988 338 2174 364 causarum,
2195 337 2212 358 a
2229 329 2342 359 fratri-

1337 379 1398 409 bus
1416 380 1538 410 nostris
1555 386 1763 411 sacrosancte
1779 382 1926 411 Romane
1939 381 2085 412 Ecclesie
2102 381 2340 417 cardinalibus,

1337 431 1490 470 diligenti
1505 433 1593 472 Juris
1612 438 1641 463 et
1661 433 1739 463 sacti
1756 433 1923 464 decisione
1939 433 2122 472 prehabita,
2141 443 2215 464 cum
2233 438 2342 464 matu-

1337 486 1434 516 ritate
1451 486 1560 516 debita
1576 487 1783 517 ordinantur.
1803 488 1900 522 Sane,
1919 497 1993 517 cum
2009 487 2044 516 in
2061 496 2161 518 causa
2175 496 2238 527 que
2255 487 2344 518 inter

1338 548 1406 576 vos,
1434 540 1538 569 frater
1561 540 1711 578 episcope
1730 544 1760 570 et
1784 540 1846 570 filii
1864 540 2045 579 capitulum
2068 540 2340 575 Colimbrienses,

1338 601 1375 621 ex
1391 597 1482 630 parte
1499 601 1576 627 una,
1595 598 1626 622 et
1647 601 1719 628 vos,
1741 593 1843 623 frater
1868 593 2019 632 episcope
2036 597 2066 623 et
2083 592 2144 622 filii
2161 592 2343 631 capitulum

1338 645 1582 683 Egitanicnses,
1597 654 1634 675 ex
1645 645 1759 680 altera,
1771 645 1986 676 ecclesiarum
1999 650 2183 676 vestrarum
2195 645 2340 680 nomine,

1337 706 1436 736 super
1455 697 1654 728 limitatione
1670 698 1924 729 Colimbriensis
1944 704 1975 729 et
1992 699 2218 737 Egitaniensis
2233 698 2344 729 dioce-

1338 759 1422 785 sum,
1441 751 1640 789 quibusdam
1657 751 1818 787 ecclesiis,
1833 752 2040 790 qiiorundam
2056 751 2202 782 locorum
2217 752 2344 791 episco-

1337 803 1617 843 palitmsjuritms,
1629 805 1904 843 sequestrationis
1914 805 2179 843 providentia,de
2190 804 2345 835 mandato

1337 857 1446 887 felicis
1463 858 1702 888 recordationis
1719 859 1744 888 I.
1756 868 1837 897 pape
1854 858 2097 897 predecessoris
2115 858 2231 894 nostri,
2245 859 2342 894 sacta,

1338 911 1606 948 possessionibus
1623 911 1810 947 laicalibus,
1829 911 1968 947 debitis,
1988 911 2152 942 fructibus
2167 911 2343 950 perceptis,

1337 963 1581 999 invasionibus,
1597 964 1864 1002 spoliationibus,
1877 964 2041 1003 dampnis,
2057 964 2256 1004 quibusdam
2268 963 2345 994 aliis

1339 1015 1501 1051 articulis,
1521 1025 1580 1046 nec
1599 1026 1663 1046 non
1684 1026 1721 1046 ex
1742 1016 1865 1047 eisdem
1886 1016 2176 1054 consurgentibus,
2195 1015 2347 1047 verteba-

1338 1073 1402 1104 tur,
1433 1069 1520 1099 idem
1551 1069 1764 1107 predecessor
1794 1069 1951 1099 dilectum
1981 1069 2087 1099 filium
2120 1073 2270 1100 nostrum
2299 1069 2344 1105 .].,

1339 1121 1453 1152 Sancti
1469 1121 1599 1152 Nicolai
1618 1122 1651 1151 in
1669 1122 1808 1152 Carcere
1824 1122 1978 1152 Tulliano
1997 1122 2174 1152 diaconum
2193 1121 2347 1153 cardina-

1338 1174 1414 1210 lem,
1432 1174 1559 1204 dederit
1578 1174 1726 1212 partibus
1743 1174 1926 1205 auditorem
1942 1198 1947 1209 ,
1974 1175 2104 1205 tandem
2126 1184 2203 1210 vos,
2226 1175 2346 1206 fratres

1339 1227 1496 1266 episcopi,
1517 1233 1547 1257 et
1564 1227 1704 1257 dilectus
1719 1227 1808 1257 filius
1827 1229 1954 1263 Petrus,
1973 1232 2088 1258 cantor
2105 1227 2345 1266 Egitaniensis,

1339 1285 1370 1310 et
1382 1281 1540 1318 magister
1555 1280 1738 1316 Johannes,
1755 1281 1859 1310 nostri
1875 1280 1935 1310 filii
1950 1281 2087 1320 capituli
2103 1285 2345 1319 procuratores,

1338 1332 1499 1363 hahentes
1523 1333 1561 1362 ad
1586 1333 1848 1371 componendum
1872 1333 2056 1372 plenariam
2077 1337 2290 1372 potestatem,
2310 1333 2346 1363 in

1339 1386 1479 1416 eundem
1501 1385 1720 1422 cardinalem,
1741 1390 1899 1425 tanquam
1917 1386 1950 1415 in
1973 1386 2152 1422 arbitrum,
2171 1385 2348 1416 arbitrato-

1338 1448 1408 1469 rem
1432 1443 1463 1469 et
1487 1438 1696 1469 amicabilem
1715 1439 1986 1477 compositorem,
2007 1438 2273 1477 compromittere
2289 1447 2348 1469 cu-

1338 1491 1489 1527 ravistis,
1517 1491 1603 1522 sicut
1627 1491 1661 1520 in
1686 1491 1908 1522 instrumento
1930 1491 2063 1530 publico
2086 1491 2164 1522 inde
2185 1491 2346 1528 confecto,

1339 1544 1485 1583 sigillato
1510 1544 1632 1583 sigillis
1657 1545 1788 1581 vestris,
1814 1546 1934 1575 fratres
1960 1545 2117 1584 episcopi,
2145 1549 2177 1575 et
2202 1544 2347 1575 inferius

1339 1601 1507 1633 annotato,
1532 1597 1665 1636 plenius
1683 1598 1883 1634 continetur,
1903 1598 1998 1637 cujus
2015 1602 2108 1628 tenor
2125 1596 2201 1627 talis
2217 1601 2286 1628 est:

1837 1695 1960 1731 Naples,
1979 1695 2010 1722 1‘2
2027 1696 2181 1722 novembre
2199 1695 2277 1723 ¹254.

1380 1772 1393 1787 «
1404 1761 1442 1790 In
1451 1760 1584 1790 nomine
1592 1759 1729 1790 Christi.
1739 1760 1856 1789 Amen.
1868 1759 1963 1788 Anno
1970 1758 2104 1788 Domini
2112 1757 2347 1794 M⁰CC⁰LIIII⁰,

1341 1825 1354 1839 »
1378 1813 1445 1843 XII
1461 1813 1514 1842 die
1530 1812 1657 1842 mensis
1672 1811 1873 1847 novembris,
1889 1811 1973 1841 XIII
1986 1811 2182 1847 indictione,
2195 1810 2346 1850 Neapoli,

1340 1877 1354 1891 »
1379 1865 1414 1894 in
1435 1865 1576 1895 ecclesia
1594 1864 1789 1894 monasterii
1807 1863 1921 1894 Sancti
1940 1864 2109 1899 Severini,
2127 1864 2163 1893 in
2179 1863 2350 1902 presentia

1340 1930 1353 1944 »
1378 1918 1444 1948 mei
1462 1917 1620 1948 Bernaldi
1637 1917 1675 1947 de
1692 1917 1818 1946 Littera
1831 1916 1965 1951 notarii,
1979 1920 2010 1946 et
2026 1916 2162 1946 testium
2179 1916 2350 1955 subscrip-

1340 1983 1353 1998 »
1379 1975 1498 2006 torum,
1517 1969 1644 2000 scilicet
1662 1969 1812 2008 religiosi
1827 1969 1892 1998 viri
1909 1992 1942 2005 ..‚
1961 1969 2091 1999 abbatis
2107 1968 2348 2006 Rofflonensis,

1340 2036 1354 2050 »
1378 2023 1531 2061 magistri
1547 2022 1684 2053 Roberti
1703 2021 1981 2057 Mediolanensis,
1999 2021 2279 2060 Rothomagensis
2295 2030 2351 2052 ca-

1340 2088 1354 2103 »
1379 2076 1503 2112 nonici,
1520 2075 1673 2114 magistri
1691 2075 1782 2105 Petri
1798 2074 1964 2110 Roderiei,
1983 2074 2136 2105 canonici
2157 2074 2347 2111 Auriensis,

1341 2142 1353 2157 »
1379 2129 1531 2168 magistri
1545 2128 1694 2163 Roherti,
1713 2128 1865 2158 canonici
1883 2127 1996 2158 Sancti
2013 2127 2179 2164 Quintini,
2197 2127 2351 2166 magistri

1340 2194 1354 2209 n
1378 2182 1578 2218 Concinatii,
1596 2180 1749 2212 canonici
1765 2180 1939 2216 Esculani‚
1958 2180 2051 2211 Petri
2072 2180 2218 2217 Codatii,
2236 2179 2352 2211 clerici

1341 2247 1354 2261 n
1378 2234 1568 2270 Auriensis,
1586 2233 1733 2264 Goffi-edi
1751 2232 1876 2268 clerici,
1893 2233 2119 2272 procuratoris
2138 2232 2269 2263 abbatis
2283 2233 2351 2263 Do-

1341 2299 1354 2314 »
1379 2287 1495 2322 lensis,
1507 2286 1630 2316 nobilis
1646 2286 1708 2315 viri
1723 2285 1849 2315 domini
1861 2285 2007 2316 Goffredi
2021 2285 2153 2316 comitis
2164 2285 2204 2316 de
2214 2284 2348 2325 Aquila,

1342 2353 1355 2367 »
1380 2338 2351 2377 dominiGottofredideArgento‚notariiGalganideTram-

1342 2406 1355 2421 »
1379 2398 1478 2429 moto,
1498 2393 1650 2432 magistri
1667 2394 1685 2423 J
1689 2392 1783 2422 acobi
1796 2391 1948 2422 Vulturis
1965 2392 2004 2422 de
2021 2391 2169 2428 Salemo,
2188 2395 2220 2422 et
2237 2399 2352 2431 quam-

1342 2459 1355 2473 »
1379 2446 1527 2485 plurium
1542 2446 1684 2476 aliorum
1702 2455 1708 2474 z
1726 2444 1945 2476 Venerabiles
1961 2448 2072 2483 patres
2089 2444 2216 2475 domini
2229 2444 2349 2483 Egeas‚

1342 2511 1356 2526 »
1380 2499 1650 2535 Colimbriensis,
1673 2503 1704 2529 et
1721 2497 1920 2533 Rodericus‚
1941 2497 2168 2535 Egitaniensis
2190 2496 2350 2536 episcopi,

1342 2564 1355 2579 »
1381 2561 1495 2582 eorum
1513 2551 1648 2582 nomine
1665 2555 1696 2581 et
1712 2549 1929 2581 ecclesiarum
1948 2558 2096 2585 suarum,
2107 2558 2165 2588 pro
2181 2557 2216 2580 se
2232 2553 2264 2579 et
2279 2557 2352 2580 suc-

1342 2615 1356 2631 »
1381 2604 1570 2635 cessorilms
1593 2604 1681 2639 suis,
1704 2612 1740 2633 ac
1762 2601 1891 2641 providi
1913 2601 1978 2631 viri
2001 2601 2161 2640 magister
2178 2601 2351 2633 Johannes

1343 2669 1356 2683 »
1381 2657 1522 2694 Andree,
1537 2657 1717 2687 canonicus
1729 2655 1994 2691 Colimbriensis,
2009 2658 2204 2694 procurator
2214 2653 2353 2694 capituli

1343 2722 1356 2737 n
1381 2710 1652 2747 Colimbriensis,
1687 2716 1717 2741 et
1749 2713 1867 2743 Petrus
1901 2710 2056 2746 Martini,
2091 2713 2206 2740 cantor
2236 2709 2351 2748 Egita-

1343 2774 1356 2789 »
1382 2762 1526 2799 niensis,
1544 2769 1737 2802 procurator
1760 2764 1988 2803 Egitaniensis
2013 2761 2165 2801 capituli,
2189 2761 2352 2792 habentes

1343 2827 1357 2841 2>
1383 2815 1423 2845 ad
1446 2815 1507 2846 hoc
1532 2816 1689 2855 specialia
1712 2817 1867 2848 mandata
1889 2817 1930 2847 ab
1953 2815 2079 2847 eisdem
2101 2813 2272 2854 capitulis,
2291 2822 2353 2845 no-

1343 2879 1357 2895 »
1382 2868 1471 2899 mine
1494 2869 1714 2908 capitulorum
1728 2871 1894 2910 lipsorum,
1913 2872 2040 2908 sponte,
2059 2876 2124 2898 non
2142 2867 2176 2897 vi
2193 2866 2246 2898 vel
2260 2871 2353 2898 metu

1344 2933 1357 2948 n
1383 2921 1555 2960 compulsi,
1588 2931 1653 2952 non
1684 2923 1757 2954 dolo
1786 2923 1925 2959 inducti,
1957 2921 2015 2952 sed
2045 2929 2103 2960 pro
2132 2920 2218 2951 bono
2245 2920 2350 2959 pacis,

2477 2587 2494 2741 ,νὴ
2478 2294 2498 2568 οῆοΜο-οο
2486 2238 2492 2269 -
2486 2185 2489 2194 -
