2456 3585
180 317 196 346 4
902 307 1141 340 REGISTRES
1163 306 1471 338 D'ALEXANDRE
1494 308 1550 338 IV.

255 381 310 410 10
681 376 798 411 Naples.
814 376 846 402 ἳ-ἰ
866 375 1016 402 decembre
1034 373 1112 400 1254.

215 442 318 469 Abbati
336 445 364 467 ct
379 439 532 467 conventui
551 437 715 464 monasterii
733 437 900 464 Casinensis
920 436 1102 462 donationem
1119 435 1185 462 the-

179 490 252 515 lonei
270 489 381 515 tabulae
399 488 429 515 S.
442 486 588 520 Germani,
600 494 684 520 quam
697 485 740 512 eis
752 494 802 520 pro
814 484 980 511 monasterii
996 483 1185 510 luminaribus

179 540 272 565 clarae
289 538 442 564 memoriae
460 536 602 562 Hem-icus
618 535 814 562 Romanorum
834 535 988 570 imperator
1002 540 1029 560 ct
1045 543 1095 561 rex
1110 534 1186 561 Sici-

179 589 231 613 liae
247 587 282 612 de
298 594 442 612 consensu
461 584 646 611 constantiae
664 585 761 611 uxoris
776 592 844 610 suae
861 584 1050 618 imperatricis
1065 586 1093 609 et
1107 583 1186 617 regi-

179 643 228 661 nae
245 634 321 665 feeit,
340 638 367 659 et
382 633 600 659 concessionem
618 636 649 659 ut.
663 633 752 659 abbas
773 633 798 659 in
822 636 896 659 terra
911 632 1004 667 ipsius
1021 631 1186 658 monasterii

179 693 228 718 per
247 684 361 718 judices
385 690 456 708 suos
476 690 580 708 causas
600 682 765 708 criminales
786 681 877 708 decidi
905 681 1002 712 faciat,
1024 680 1185 708 confirmat.

177 731 259 765 (lico.
277 731 321 764 24,
337 739 363 757 c.
380 731 407 761 8,
424 730 443 757 s.
460 731 494 761 ‘2;
513 729 661 757 porrum?
678 731 784 765 l5607.)

220 845 233 859 «
257 833 362 861 ,litati
382 836 407 860 et
428 832 592 861 conventui
613 832 793 860 monasterii
811 831 992 861 Casinensis.
1017 830 1187 870 (Magister

179 885 359 915 Riccardus
373 883 552 913 canonicus
569 883 825 913 Beneventanus
841 883 936 913 datus
948 887 997 913 est
1008 892 1107 922 super
1119 882 1186 913 hiis

178 936 410 974 ‹701‘15(‘}1·val01·).
427 935 534 966 Justis
550 936 734 973 petentium
749 936 925 966 desideriis
941 953 990 965 —.
1007 936 1080 966 Dat.
1098 937 1187 966 Nea-

178 990 255 1027 poli7
274 990 321 1019 lx
336 989 401 1018 kal.
416 989 574 1028 januariL
594 997 680 1018 anno
695 989 813 1027 primo.
834 1001 846 1015 »

253 1168 273 1194 Ι
285 1166 304 1193 1
685 1165 802 1200 Names,
819 1166 852 1193 ‘23
867 1166 1019 1193 decembre
1036 1166 1114 1194 1254.

214 1227 443 1263 Archiepiscopo
465 1227 616 1262 sipontino
643 1231 747 1254 terram
771 1230 827 1254 tam
852 1228 1078 1263 patrimonialem
1101 1236 1187 1262 quam

180 1276 416 1303 matrimonialem
433 1279 462 1302 et
477 1275 609 1302 Castrum
627 1275 657 1304 S.
674 1275 783 1309 Quirici
805 1276 972 1311 Sipontinae
992 1276 1130 1308 diocesis,
1152 1276 1185 1303 ad

179 1325 321 1359 quondum
339 1324 499 1351 Buri-ellum
521 1324 554 1351 de
574 1325 717 1359 Anglouis
739 1329 871 1360 nepotem
890 1325 983 1360 ipsius
999 1325 1185 1360 pertinentia,

180 1379 314 1408 tanquam
328 1373 492 1408 proximiori
504 1373 640 1399 etheredi
652 1375 866 1400 testamentario
876 1374 1036 1402 confirmat.
1049 1374 1132 1408 (Rea.
1142 1374 1184 1405 24,

179 1430 204 1447 η,
221 1422 246 1454 9,
265 1422 284 1447 f.
301 1422 352 1453 ev.)

221 1535 232 1547 ιι
254 1546 272 1551 ..
287 1546 292 1557 ,
310 1523 534 1560 archiepiscopo
550 1524 726 1561 Sgspontino.
749 1522 992 1554 Sollicitudinis
1008 1528 1117 1554 vestre
1135 1541 1184 1552 —.

178 1576 250 1604 Dat.
269 1575 418 1614 Neapoli,
438 1576 466 1605 X
481 1575 547 1605 kal.
563 1576 722 1614 januarii,
741 1584 828 1605 auno
841 1576 957 1614 primo.
979 1588 992 1602 »

254 1753 273 1780 Ι
285 1753 310 1780 2
686 1753 801 1788 Naples,
817 1753 851 1780 ‘28
867 1753 1018 1780 decembre
1039 1754 1114 1781 125⁴.

217 1814 387 1847 Magistrum
406 1814 528 1840 Leonem
550 1814 584 1840 de
608 1815 763 1846 Romania,
788 1815 957 1841 canonicum
982 1815 1184 1846 Baiocensem,

182 1863 347 1889 l’atrimonii
370 1863 441 1889 beati
462 1863 537 1889 l'etri
555 1864 582 1889 in
597 1863 702 1890 Tuscia
724 1867 752 1890 et
771 1863 905 1890 Sabiniae
922 1868 1059 1890 rectorem
1078 1865 1188 1891 eonsti-

181 1912 244 1937 tuit.
260 1911 342 1943 (ltro.
357 1911 400 1941 2¹1,
418 1920 443 1937 c.
466 1911 506 1940 tO.
525 1912 542 1937 f.
556 1912 606 1945 Ψ.)

223 2024 235 2035 ιτ
259 2013 401 2049 Μῑιρίειιό
424 2013 512 2041 Leoni
535 2013 568 2041 (le
590 2013 755 2048 Romania,
779 2014 926 2042 canonico
947 2014 1114 2043 Baiocensi.
1140 2014 1190 2043 Ad

181 2064 329 2093 diversas
346 2064 459 2093 muudi
484 2065 670 2102 provincias
692 2074 730 2094 ex
751 2065 850 2095 officii
867 2065 976 2095 debito
993 2066 1119 2096 intente
1135 2075 1189 2095 co-

181 2116 351 2151 gitationis
369 2117 581 2146 extendentes
599 2117 702 2146 aciem
720 2122 748 2147 et
767 2117 914 2156 undique
930 2128 988 2156 per
1003 2118 1115 2148 orbem
1132 2128 1189 2156 pro

182 2168 306 2197 >aluta-i
324 2173 411 2197 statu
426 2169 573 2198 lidelium
585 2169 762 2207 apostolice
777 2170 949 2208 diligentie
967 2171 1113 2200 studium
1130 2171 1189 2200 dis-

181 2221 370 2257 suadentes,
389 2222 473 2251 circa
493 2226 596 2251 terras
613 2223 766 2260 precipue
784 2223 980 2253 Patrimonii
996 2224 1083 2253 beati
1100 2225 1191 2254 Petri

181 2273 216 2302 in
236 2274 355 2303 Tuscia.
375 2279 403 2303 et
429 2274 565 2303 Sabinis}
587 2284 623 2304 ac
644 2279 769 2304 ceteras
790 2276 938 2306 Romane
953 2275 1099 2306 Ecclesie
1117 2264 1190 2315 spe-

181 2325 282 2355 cialcs
299 2331 408 2355 nostre
432 2326 708 2356 considerationis
728 2332 958 2366 retorquemus
981 2328 1140 2358 intuitum
1161 2333 1191 2359 et

183 2387 238 2414 pro
255 2378 401 2416 ipsarum
418 2379 667 2409 conservatione
687 2380 825 2418 potioris
843 2381 1001 2410 nimirum
1018 2381 1190 2419 vigilantie

182 2440 278 2467 opera
298 2431 505 2460 adhibemus.
528 2433 565 2461 lu
582 2432 636 2461 lus
653 2433 775 2462 etenim
793 2433 889 2463 terris
907 2443 983 2464 suos
1000 2435 1114 2464 eadem
1130 2435 1191 2465 Ec-

182 2482 283 2512 clesia
303 2484 451 2521 proprios
471 2486 674 2521 recognoscit
695 2485 861 2522 alumnos⁷
886 2486 940 2515 hic
961 2487 1094 2517 devotos
1114 2496 1191 2517 suos

182 2535 303 2572 reperit
316 2540 346 2566 et
360 2536 483 2566 tideles.
500 2537 561 2566 llic
576 2542 623 2567 est
635 2542 726 2567 ortus
741 2538 835 2568 Sedis
851 2539 1028 2577 apostolice
1038 2540 1192 2578 proprius

182 2588 217 2616 in
234 2597 298 2626 quo
315 2588 426 2618 nullus
444 2589 529 2619 alius
546 2591 710 2629 particeps
727 2595 815 2620 extat.
828 2591 892 2621 sihi
909 2601 1007 2630 quem
1024 2592 1113 2622 solus
1131 2594 1192 2623 Ro-

182 2648 300 2669 manus
324 2641 470 2678 pontifex
493 2643 633 2672 custodit
657 2648 687 2673 et
707 2644 849 2681 protegit
870 2645 963 2683 cujus
986 2645 1057 2682 ipse
1080 2649 1192 2675 elnon

183 2691 269 2721 alius
286 2693 367 2729 gerit
386 2694 533 2731 regimen
551 2699 580 2724 et
596 2695 768 2725 culturam.
790 2697 857 2726 Hoc
874 2701 923 2726 est
939 2697 1010 2735 eius
1026 2697 1193 2735 peculiare

182 2745 365 2782 pomerium
378 2746 433 2775 ulti
450 2751 540 2782 grate
555 2748 771 2787 subjectionis
788 2749 883 2779 ilores
897 2749 1021 2787 colligit
1036 2754 1066 2780 et
1080 2750 1193 2780 filialis

183 2797 369 2827 ‹jlulcedinis
392 2808 485 2836 poma
505 2800 668 2838 decerpit⁷
692 2805 825 2839 propter
845 2802 931 2840 quod
954 2802 1101 2832 Ecclesia
1121 2803 1194 2841 ipsa

183 2849 270 2879 circa
297 2849 389 2880 illius
417 2852 587 2881 munimen
617 2857 647 2882 et
675 2853 799 2883 cultum
827 2854 986 2884 attentius
1015 2855 1135 2892 cogitat
1163 2859 1193 2885 et

183 2910 277 2939 opem
300 2902 340 2931 ad
362 2902 422 2933 hoc
444 2905 670 2941 propensioris
693 2906 794 2935 studii
817 2906 1027 2936 administrat
1053 2911 1088 2937 ut
1110 2907 1193 2937 illud

184 2962 240 2991 per
257 2954 464 2985 devotionem
486 2956 649 2986 sinceram
672 2958 826 2995 puritatis
848 2959 987 2996 respiret
1009 2959 1142 2990 odorem
1162 2964 1194 2990 et

1265 380 1324 410 per
1339 372 1533 404 fidelitatem
1544 373 1709 412 integram
1719 376 1926 412 expectatum
1936 373 2122 405 constantie
2131 373 2281 405 fructum

1266 424 1392 455 reddat.
1418 425 1543 455 Verum
1567 425 1646 464 quia
1670 429 1748 456 tunc
1775 425 1867 463 regio
1888 425 2018 456 utiliter
2038 426 2182 464 regitur‚·
2203 434 2280 456 cum

1266 478 1395 517 providi
1411 479 1549 509 rectoris
1575 479 1696 510 ducatu
1715 479 1873 517 dirigitur
1897 483 1929 509 et
1948 478 2061 517 vigilis
2076 478 2280 518 presidentis

1266 532 1433 562 industria
1450 532 1664 571 gubernatur.
1682 533 1750 564 Nos
1771 532 1918 563 volentes
1939 536 1974 562 ut
1990 532 2175 571 predictum
2190 531 2280 563 beati

1268 585 1359 615 Petri
1381 585 1625 615 Patrimonium
1647 589 1679 616 et
1702 586 1831 624 prefata
1853 585 1991 615 Sabinia
2012 584 2095 615 duce
2114 584 2281 623 gaudeant

1268 638 1517 676 circumspecto,
1544 638 1703 678 quatinus
1724 637 1816 668 illius
1838 637 2047 676 providentia
2068 637 2281 668 successibus

1267 691 1388 729 optatis
1404 691 1578 730 proficiant
1594 695 1625 722 et
1640 695 1876 730 preserventur
1891 690 2105 721 laudabiliter
2117 690 2158 720 ab
2168 689 2299 721 adver-v

1269 744 1326 779 sis,
1342 748 1373 774 te
1390 744 1428 774 de
1441 744 1535 783 cujus
1547 744 1610 774 fide
1622 743 1848 774 sollicitudine
1860 752 1896 773 ac
1908 743 2085 782 prudentia
2097 742 2282 782 pleniorem

1268 796 1423 826 fiduciam
1451 796 1640 827 obtinemus
1667 796 1816 836 ejusdem
1844 796 2042 827 Patrimonii
2069 804 2106 826 ac
2134 794 2283 834 predicte

1269 849 1405 879 Sahinie
1428 849 1585 887 regimini
1605 849 1760 879 duximus
1781 849 2017 887 deputandum,
2034 848 2093 878 illa
2108 846 2283 887 diligentie

1238 930 1241 931 ⁷
1268 906 1323 932 tue
1343 901 1492 940 plenarie
1513 902 1775 937 committentes,
1800 910 1957 932 concessa
1978 901 2040 931 tihi
2062 899 2281 940 preripiendi,

1269 954 1462 990 ordinandi,
1480 954 1678 993 disponendi
1694 958 1725 985 et
1739 954 1907 984 statuendi
1923 954 2010 984 sicut
2023 953 2176 992 expedire
2189 952 2284 984 vide·
2315 979 2330 982 .,

1269 1007 1316 1037 ris
1331 1007 1367 1037 in
1383 1007 1510 1038 eisdem
1524 1007 1730 1038 Patrimonio
1747 1011 1777 1037 et
1794 1007 1932 1037 Sahinia
1947 1015 2076 1037 necnon
2096 1005 2282 1036 contradic-

1270 1064 1357 1090 tores
1374 1059 1539 1099 quoslihet
1562 1063 1592 1089 et
1614 1059 1755 1090 rebelles
1776 1059 1944 1097 spirituali
1967 1063 1998 1089 et
2019 1058 2192 1097 temporali
2213 1058 2282 1090 dis-

1269 1113 1423 1143 trictione
1453 1112 1673 1152 appellatione
1706 1113 1889 1152 postposita
1918 1111 2148 1150 compescendi
2175 1111 2284 1143 libera

1268 1170 1441 1204 potestate.
1454 1166 1598 1205 Ideoque
1609 1166 1806 1195 mandamus
1818 1165 1976 1204 quatinus
1986 1164 2026 1194 ad
2037 1163 2283 1195 Patrimonium

1268 1221 1379 1259 ipsum
1395 1225 1425 1251 et
1448 1221 1620 1251 Sabiniam
1640 1224 1671 1250 te
1687 1219 1906 1259 personaliter
1922 1220 2108 1255 conferens,
2125 1218 2283 1250 commis-

1269 1282 1343 1304 sum
1364 1274 1498 1304 illorum
1522 1274 1582 1303 tihi
1606 1273 1755 1312 regimen
1781 1273 1929 1303 animose
1955 1282 2068 1311 gerere
2093 1271 2228 1302 studeas
2249 1275 2282 1303 et

1270 1335 1420 1357 exercere
1437 1327 1616 1356 salubriter
1634 1330 1665 1356 et
1681 1326 1870 1365 prudenter.
1892 1326 1941 1356 Ita
1959 1325 2045 1364 quod
2059 1324 2177 1356 exinde
2191 1332 2282 1355 cres-

1269 1388 1323 1409 cas
1339 1379 1468 1409 meritis
1486 1379 1572 1417 apud
1588 1380 1693 1409 Deum
1708 1387 1809 1417 penes
1826 1387 1885 1408 nos
1902 1378 2008 1417 gratia
2025 1382 2056 1407 et
2073 1377 2160 1416 apud
2171 1376 2282 1407 homi-

1270 1440 1328 1462 nes
1342 1432 1431 1461 clara
1442 1432 1558 1461 forma.
1573 1432 1642 1461 Nos
1656 1431 1746 1462 enim
1757 1431 1958 1461 sententiam
1969 1430 2039 1461 sive
2051 1438 2171 1469 penam
2181 1437 2283 1469 quam

1270 1484 1490 1523 spiritualiter
1519 1489 1549 1513 et
1581 1483 1806 1522 temporaliter
1829 1483 1896 1513 vite
1925 1482 2043 1513 tuleris
2071 1483 2108 1513 in
2139 1481 2283 1522 rebelles

1269 1542 1375 1567 ratam
1396 1541 1456 1567 etc.
1478 1546 1585 1575 ,usque
1605 1536 1786 1566 observari.
1808 1537 1882 1566 Dat.
1899 1535 2057 1574 Neapoli,
2073 1536 2103 1566 V
2121 1534 2283 1566 kalendas

1266 1589 1430 1628 januarii,
1447 1598 1533 1619 anno
1548 1589 1667 1627 primo.
1687 1601 1700 1615 »
1829 1593 1832 1597 “

1343 1749 1361 1776 ¹
1371 1748 1399 1775 3
1773 1747 1896 1782 Names,
1912 1746 1946 1774 28
1961 1746 2116 1773 decembre
2132 1745 2211 1773 1254.

1306 1808 1447 1836 Omnibus
1470 1809 1603 1836 fidelibus
1618 1809 1740 1836 Tusciae
1761 1813 1788 1836 et
1810 1809 1944 1835 Sabiniae
1965 1808 2095 1841 mandat,
2119 1811 2149 1835 ut
2174 1807 2283 1834 dictum

1271 1858 1439 1892 magistrum
1457 1857 1581 1884 Leonem
1597 1857 1632 1884 de
1650 1857 1789 1884 Romania
1805 1861 1940 1891 tanquam
1959 1859 2100 1883 rectorem
2113 1855 2282 1883 Patrimonii

1259 1906 1353 1932 ⁴Beati
1370 1906 1446 1932 Petri
1462 1910 1490 1932 et
1506 1905 1640 1932 Sabiniae
1655 1905 1808 1941 accipiant.
1825 1905 1910 1939 (Rea.
1926 1905 1970 1939 ²24,
1987 1912 2014 1931 c,
2033 1905 2086 1939 102,
2103 1904 2121 1932 f.
2138 1904 2174 1934 3³

1313 2013 1327 2027 «
1345 2002 1500 2030 Unica-sis
1513 2002 1658 2039 episcopis
1670 2010 1706 2030 ac
1719 2001 1836 2030 dilectis
1846 2000 1922 2037 filiis
1935 2000 2101 2035 abbatibus,
2111 1999 2281 2038 prioribus,

1269 2055 1441 2092 prepositis,
1456 2055 1721 2091 archipresbiteris
1736 2059 1763 2083 et
1777 2054 1851 2082 aliis
1861 2054 2061 2083 ecclesiarum
2075 2053 2204 2090 prelatis
2221 2057 2285 2082 tam

1272 2108 1416 2145 exemptis
1434 2116 1526 2144 quam
1546 2116 1608 2136 non
1626 2108 1771 2145 exemptis
1783 2115 1838 2145 per
1852 2107 2084 2144 patrimonium
2100 2106 2185 2135 Beati
2200 2106 2285 2136 Petri

1272 2162 1307 2189 in
1334 2161 1442 2190 Tuscia
1467 2165 1492 2189 et
1515 2159 1699 2198 Sabinia(m)
1720 2161 1904 2189 constitutis.
1930 2159 1981 2189 Act
2005 2158 2154 2189 diversas
2177 2166 2285 2198 usque

1272 2216 1433 2251 potest-ate
1449 2230 1497 2241 —.
1516 2213 1590 2242 Dat.
1607 2216 1643 2242 ut
1659 2221 1770 2251 supra.
1790 2224 1803 2239 ι»

1308 2311 1341 2338 In
1356 2320 1381 2338 e.
1399 2320 1438 2338 m.
1451 2311 1596 2338 nobilibus
1611 2311 1692 2346 viris,
1710 2311 1856 2338 universis
1870 2310 2036 2344 comitibuS‚
2049 2310 2216 2344 baronibus,
2229 2309 2286 2336 mi-

1273 2360 1383 2396 litibus,
1399 2361 1565 2388 castellanis
1581 2368 1690 2387 necnon
1708 2360 1910 2395 potestatibus,
1926 2359 2098 2389 rectoribus,
2111 2358 2242 2385 consiliis
2256 2361 2286 2385 et

1274 2409 1479 2436 communibus
1495 2412 1551 2435 tam
1568 2409 1716 2435 civitatum
1733 2416 1819 2443 quam
1834 2412 1996 2434 castrorum
2010 2415 2061 2441 per
2078 2406 2283 2441 patrimonium

1274 2456 1356 2484 Beati
1373 2457 1449 2484 Petri
1465 2458 1492 2483 in
1508 2457 1615 2484 Tuscia
1634 2459 1663 2483 et
1685 2456 1801 2483 Sabinia
1815 2456 1991 2486 constitutis,
2010 2454 2144 2482 fidelibus
2166 2454 2284 2482 nostris.

1351 2613 1409 2640 14
1783 2609 1899 2645 Names,
1917 2610 1950 2637 ‘23
1967 2610 2119 2637 decembre
2136 2608 2214 2636 1254.

1311 2673 1475 2705 Guillelmo,
1492 2673 1587 2700 abbati
1602 2673 1637 2700 de
1651 2672 1812 2703 Malleonio,
1832 2672 2013 2699 pictavensis
2028 2670 2166 2706 diocesis,
2181 2677 2288 2698 conce-

1275 2721 1317 2748 dit
1331 2722 1494 2748 facultatem
1512 2721 1651 2748 retinendi
1667 2720 1867 2756 quoadvixerit
1884 2729 1933 2755 pro
1947 2719 2157 2747 restauratione
2171 2726 2288 2746 monas-

1276 2770 1340 2796 terii
1360 2774 1508 2796 vacantem
1533 2770 1684 2797 ecclesiam
1711 2769 1918 2804 parrochialem
1941 2768 1976 2795 de
1999 2768 2139 2803 Riaumo,
2155 2766 2287 2802 ejusdem

1276 2818 1416 2851 diocesis,
1442 2826 1516 2852 quae
1537 2826 1593 2845 non
1617 2818 1770 2845 consuevit
1794 2817 1850 2844 nisi
1876 2818 2026 2845 canonicis
2049 2815 2216 2844 monasterii
2239 2822 2288 2842 as-

1276 2867 1395 2901 signari.
1412 2867 1496 2900 (Rau.
1512 2867 1556 2898 24,
1575 2875 1601 2893 c.
1621 2867 1662 2898 tt,
1679 2867 1698 2894 f.
1717 2867 1755 2900 3.)

1318 2973 1332 2988 a
1362 2961 1536 2996 Guillelmo,
1568 2962 1669 2991 abbati
1695 2963 1876 2991 monasterii
1905 2962 1939 2991 de
1965 2960 2141 2994 Malleonio,
2167 2958 2288 2989 ordinis
