2498 3325
1044 255 1274 292 DEUXIEME
1296 256 1455 292 ANNEE.
2244 267 2301 297 393

279 329 394 357 1313

239 391 355 417 Eisdem
379 391 524 425 indulget,
544 394 572 416 ut
591 398 646 416 non
663 390 767 417 debitis
783 390 834 416 sed
858 390 1026 417 voluntariis
1049 391 1211 425 exempniis

204 438 336 465 decetero
354 439 470 465 minime
487 442 648 465 teneantur.
667 438 749 472 (Rae.
768 438 811 472 ⁶24,
826 439 844 465 s.
866 439 937 472 ¹642
954 448 1020 466 ann.
1034 439 1071 472 11,
1086 448 1112 465 c.
1124 439 1212 472 262³.)

829 328 943 361 Latran,
957 329 971 355 Ἰ
990 329 1043 354 mai
1065 328 1140 355 1256.

245 552 258 565 «
282 540 441 576 Μαριέινο,
464 541 622 577 prioribus
646 545 671 568 et
691 540 843 576 fratribus
869 540 989 569 ordinis
1014 541 1046 569 de
1068 541 1211 578 Sempin-

202 593 306 629 qnam.
326 592 408 622 Cum
426 601 443 621 a
461 592 556 622 nobis
572 592 696 630 petitur
713 597 773 622 etc.
794 602 900 630 usque
919 603 924 621 :
943 593 1106 622 effectum.
1128 593 1211 623 Cum

202 646 317 684 igitur,
338 646 423 675 sicut
439 645 525 676 lecta
543 655 653 675 coram
674 646 770 675 nobis
791 650 900 675 vestra
921 646 1037 684 petitio
1061 647 1210 676 contine-

203 698 275 733 bat,
294 698 463 728 diocesani
485 698 602 732 vestri,
621 703 771 736 pretextu
790 699 1040 736 exempniorum
1060 708 1123 737 que
1145 699 1211 737 ipsi

205 750 384 789 aliqnando
406 750 524 788 legatis
550 755 581 780 et
604 751 737 780 nunciis
755 751 850 781 Sedis
872 751 1049 789 apostolice
1072 760 1136 781 non
1158 761 1211 781 ra-

203 803 292 832 tione
312 803 555 840 procurationis
574 803 632 833 sed
647 803 833 833 voluntarie
851 804 1018 838 exhibent,
1035 804 1211 842 pecuniam

204 864 223 884 a
238 855 331 884 vobis
354 855 483 892 exigere
505 864 541 885 ac
563 860 757 894 extorquere
776 860 979 893 presumant,
998 865 1072 890 nos,
1092 856 1211 886 vestris

203 907 502 946 supplicationibus
519 908 684 943 inclinati,
701 912 735 938 ut
752 918 809 938 vos
826 909 866 937 ad
882 909 1160 938 contribuendum
1176 909 1211 937 in

202 960 394 1000 hujusmodi
412 970 477 990 non
494 960 615 991 debitis
634 961 691 990 sed
708 961 905 991 voluntariis
920 961 1104 999 exempniis
1121 962 1212 991 dece-

204 1017 273 1043 tero
293 1013 429 1043 minime
453 1013 647 1048 teneamini,
670 1014 867 1044 auctoritate
891 1014 982 1044 vobis
1006 1014 1212 1052 presentium

202 1066 426 1104 indulgemus.
454 1066 547 1096 Nulli
575 1070 635 1096 etc.
661 1071 772 1097 nostre
798 1067 1024 1097 concessionis
1051 1071 1111 1097 etc.
1136 1068 1210 1097 Dat.

203 1119 371 1153 Laterani,
392 1119 490 1149 nonis
508 1119 597 1155 maii,
617 1128 704 1149 anno
722 1119 878 1149 secundo.
899 1133 910 1146 υ

278 1311 395 1338 13¹4

239 1371 389 1398 Fratribus
405 1372 514 1399 ordinis
530 1372 742 1399 Heremitarum
758 1395 763 1406 ‚
780 1372 814 1399 de
831 1373 955 1399 diversis
972 1373 1102 1399 ordinum
1121 1373 1212 1400 titulis

204 1429 282 1447 nunc
305 1421 359 1447 sub
382 1429 440 1447 uno
464 1421 604 1454 redactis,
630 1421 761 1456 indulget
784 1422 958 1453 facultatem,
981 1422 1029 1448 ubi
1050 1423 1131 1457 plura
1152 1423 1212 1449 loca

204 1469 344 1503 obtinent,
363 1478 419 1496 uno
432 1470 560 1497 locorum
577 1473 733 1502 reservato,
752 1470 892 1505 reliquum
904 1471 1056 1498 alienandi.
1072 1471 1153 1503 (Rea.
1166 1471 1211 1505 24,

203 1518 223 1544 f.
244 1518 316 1549 164¹,
334 1527 400 1545 ann.
419 1518 456 1551 11,
473 1527 498 1545 c.
517 1518 592 1551 963.)

794 1310 906 1341 Latmo,
928 1311 955 1337 12
974 1312 1043 1337 avril
1065 1312 1139 1339 1256.

246 1631 259 1646 <t
286 1620 426 1649 Generali
442 1625 467 1649 ει
483 1621 732 1658 provincialibus
746 1622 906 1658 prioribus
920 1629 956 1650 ac
973 1622 1127 1657 universis
1141 1622 1212 1657 sra-

205 1673 303 1701 tribus
333 1673 453 1702 ordinis
481 1673 727 1708 Heremitarum,
756 1673 876 1702 ordinis
905 1675 1005 1704 sancti
1033 1675 1210 1711 Augustini.

203 1725 302 1760 Cum,
326 1725 412 1755 sicut
437 1730 547 1755 vestra
570 1725 686 1764 petitio
711 1725 807 1755 nobis
834 1725 981 1756 exhibita
1010 1725 1212 1761 continebat,

203 1777 299 1816 plura
314 1777 386 1808 loca
402 1778 504 1808 vestri
521 1778 648 1808 ordinis
665 1778 700 1807 in
720 1778 835 1809 eadem
851 1779 985 1809 civitate
997 1779 1049 1809 vel
1062 1779 1141 1808 villa
1155 1788 1214 1809 seu

204 1834 312 1860 castro
329 1839 366 1860 ex
383 1839 420 1860 eo
436 1839 525 1860 nunc
542 1830 659 1861 haberi
681 1835 871 1867 noscantur,
891 1831 977 1870 quod
993 1831 1094 1862 Sedes
1118 1840 1214 1870 apos-

204 1883 304 1913 tolica
323 1892 438 1913 omnes
463 1884 598 1917 fratres,
625 1884 682 1922 qui
708 1883 787 1914 olim
808 1884 1057 1914 Heremitarum
1079 1884 1214 1914 nomine

204 1936 266 1966 sub
282 1936 489 1966 diversorum
508 1937 663 1967 ordinum
680 1937 786 1967 titulis
804 1937 1036 1973 censebantur,
1057 1938 1097 1967 ad
1110 1947 1215 1967 unum

204 1989 290 2020 ovile
308 1989 450 2024 reduxit,
469 1989 530 2019 sub
548 1989 650 2019 unius
669 1990 835 2027 generalis
850 1990 970 2028 prioris
988 1991 1137 2021 custodia
1155 2000 1215 2029 gu-

203 2042 403 2077 bernandos,
418 2051 488 2077 nos,
503 2042 711 2073 attendentes
730 2043 817 2081 quod
833 2043 867 2072 in
886 2043 999 2073 eodem
1016 2043 1086 2073 loco
1103 2043 1215 2082 plures

204 2095 317 2124 domos
336 2095 439 2125 vestri
454 2095 582 2125 ordinis
598 2095 720 2125 habere
740 2104 806 2125 non
823 2100 994 2134 congruat,
1013 2105 1049 2126 ac
1069 2096 1214 2126 volentes

204 2147 325 2177 vestris
342 2147 546 2178 utilitatibus
563 2147 743 2178 salubriter
762 2148 945 2186 providere,
964 2149 1057 2178 vobis
1075 2149 1216 2178 auctori-

205 2204 271 2230 tate
287 2201 493 2239 presentium
510 2201 733 2239 indulgemus,
756 2206 802 2237 ut,
823 2201 881 2231 uhi
898 2201 993 2240 plura
1009 2201 1081 2231 loca
1107 2202 1215 2232 taliter

204 2253 374 2288 obtinetis,
393 2262 458 2283 uno
474 2253 621 2283 locorum
638 2254 786 2292 ipsorum
809 2254 867 2293 qui
888 2255 1090 2284 commodior
1113 2254 1215 2284 fuerit

203 2310 389 2341 reservato,
426 2305 593 2344 reliquum
624 2306 767 2336 vendere
802 2315 861 2336 seu
891 2312 1113 2342 commutare,
1146 2307 1215 2337 dis-

204 2358 337 2389 trahere
359 2363 415 2389 ant
435 2358 518 2388 alias
535 2359 634 2388 etiam
657 2359 805 2389 alienare
822 2359 927 2389 libere
944 2359 1093 2394 valeatis,
1119 2364 1215 2398 prout

204 2411 343 2441 utilitati
362 2411 509 2450 ejusdem
530 2411 657 2442 ordinis
677 2412 828 2442 videritis
850 2412 1015 2451 expedire.
1040 2412 1133 2442 Nulli
1152 2417 1213 2443 etc.

206 2468 318 2495 nostre
335 2464 562 2494 concessionis
580 2469 639 2495 etc.
660 2466 734 2494 Dat.
753 2465 918 2502 Laterani,
940 2466 971 2495 ΙΙ
989 2465 1064 2496 idus
1086 2465 1212 2504 aprilis,

207 2526 294 2547 anno
311 2517 467 2548 secundo.
488 2530 500 2543 n

282 2709 400 2738 ¹315

244 2772 393 2798 Fratribus
411 2771 561 2805 hospitalis
578 2771 607 2797 S.
626 2771 739 2797 Martini
756 2771 933 2798 confessoris
955 2773 981 2798 in
1004 2773 1121 2805 Accon,
1139 2773 1214 2807 quod

207 2820 444 2855 archiepiscopus
459 2819 599 2854 Tyrensis
620 2820 763 2846 construit
780 2828 831 2854 pro
849 2821 1023 2854 recipiendis
1040 2822 1215 2856 pauperibus

210 2867 377 2895 Britonibus
394 2868 421 2894 iu
436 2867 542 2894 Terrae
559 2867 684 2894 Sanctae
701 2867 864 2894 subsidium
882 2868 1152 2903 transfretantibus,
1170 2870 1214 2896 iu-

207 2917 306 2951 dulgct
322 2916 485 2943 facultatem
500 2916 646 2942 deferendi
662 2924 750 2951 super
768 2918 864 2942 vestes
880 2915 1033 2950 imaginem
1051 2917 1125 2944 beati
1143 2917 1214 2944 Mar-

331 2977 553 3001 ALEXANDRE
572 2977 622 3007 iv,
642 2980 660 3000 t.
681 2977 699 3000 1.

824 2707 937 2742 Latran,
956 2710 970 2736 5
991 2709 1045 2736 mai
1067 2710 1140 2737 1256.

1295 327 1346 354 tini
1369 329 1484 362 [1311111111
1510 331 1626 364 pauperi
1650 330 1815 356 dividentis.
1845 330 1929 363 (Rus.
1954 331 1999 363 -24,
2028 333 2046 359 s.
2075 333 2144 364 toln,
2169 342 2234 359 ann.
2256 334 2299 366 II,

1294 385 1318 402 c.
1336 376 1410 407 ⁶364.)

1335 489 1347 502 «
1372 478 1516 514 Magistro
1532 484 1556 507 el
1572 480 1724 514 fratribus
1738 481 1896 517 hospitalis
1910 481 1992 509 beati
2009 482 2137 510 Martini
2153 485 2302 519 consesso-

1293 530 1370 557 saris
1395 531 1426 558 ῐη
1450 531 1540 559 Δ46011.
1566 531 1777 561 Yeneratdlis
1805 532 1907 562 frater
1937 537 2049 562 noster
2078 557 2110 567 ..,
2140 535 2300 572 Tyr-ensis

1295 581 1575 620 archiepiscosnis,
1594 583 1628 612 in
1646 584 1759 613 multis
1778 584 1881 613 sedin
1896 593 1932 614 eo
1949 585 2102 623 precipue
2121 595 2153 615 se
2171 591 2300 623 gratum

1295 633 1362 662 Deo
1381 634 1517 663 reddere
1536 635 1667 670 dicitur,
1687 636 1773 673 quod
1792 645 1907 665 vacare
1926 637 2059 674 pietatis
2076 638 2230 675 operibus
2250 639 2300 669 de-

1294 685 1445 715 lectatur.
1465 687 1550 716 Sane
1571 688 1669 722 idem,
1689 688 1773 717 sicut
1796 689 1993 727 acecpimus.
2020 694 2165 720 vestrum
2188 691 2302 729 hospi-

1296 738 1359 767 tale
1376 748 1434 776 pro
1449 739 1649 777 recipiendis
1665 744 1695 769 et
1712 741 1862 770 fovendis
1877 741 1910 770 in
1929 751 1965 771 eo
1982 743 2181 780 pauperibus
2195 744 2301 773 Brito-

1296 791 1394 820 nihus
1410 792 1581 829 provincie
1599 793 1803 822 Turonensis
1818 794 1852 822 in
1866 795 1964 824 Terre
1980 795 2098 825 Sancte
2115 796 2302 825 subsidium

1295 844 1602 873 transfretantibus.
1617 844 1706 874 duxit
1719 845 1756 875 de
1769 846 1838 875 suis
1851 846 1945 875 bonis
1957 848 2097 885 propriis
2111 852 2301 878 construen-

1295 894 1384 924 dum.
1399 895 1482 926 Cum
1495 896 1608 934 itaque
1626 896 1660 925 in
1677 906 1736 926 suo
1753 902 1783 927 et
1796 902 1904 927 vestro
1919 903 2052 935 geratur
2068 899 2186 929 affectu
2204 901 2300 938 quod,

1296 946 1337 976 ad
1351 947 1574 977 differentiam
1590 948 1733 978 aliarum
1747 949 1959 987 religionum,
1977 951 2069 980 vobis
2085 956 2194 981 certus
2208 952 2304 981 liabi-

1296 1003 1348 1029 tus
1367 999 1552 1037 deputetur,
1572 1010 1642 1030 nos.
1659 1002 1729 1039 ejus
1747 1006 1776 1031 et
1794 1003 1914 1032 vestris
1931 1003 2231 1041 sapplicationibus
2247 1005 2304 1035 be-

1297 1052 1432 1090 nignius
1450 1057 1647 1088 annuentes,
1667 1058 1700 1083 ut
1717 1055 1908 1092 ymaginem
1925 1055 2012 1085 beati
2026 1056 2160 1086 Martini
2178 1057 2303 1087 confes-

1296 1106 1380 1136 soris
1416 1106 1556 1144 pallium
1591 1107 1730 1145 pauperi
1766 1108 1946 1138 dividentis
1978 1118 2076 1147 super
2106 1118 2214 1140 vestes
2246 1120 2303 1148 pro

1295 1157 1412 1188 habitu
1429 1163 1548 1192 vestro,
1565 1168 1630 1189 uon
1645 1159 1796 1190 obstante
1808 1160 2032 1198 prohibitione
2045 1162 2252 1201 cujusquam,
2266 1163 2302 1192 in

1294 1215 1490 1249 perpetuum
1518 1212 1645 1242 deferre
1672 1212 1775 1243 libere
1803 1213 1952 1249 valeatis,
1983 1214 2076 1244 vobis
2107 1216 2304 1245 auctoritate

1294 1264 1500 1302 presentium
1524 1264 1748 1302 indulgemus.
1778 1265 1871 1295 Nulli
1891 1271 1949 1296 etc.
1978 1272 2089 1297 nostre
2114 1269 2303 1298 concessio-

1295 1317 1348 1346 nis
1365 1321 1425 1346 etc.
1440 1318 1512 1346 Dat.
1532 1318 1697 1348 Laterani.
1717 1319 1766 1348 III
1784 1327 1887 1348 nonas
1905 1319 1995 1355 maii,
2015 1329 2100 1350 anno
2116 1321 2269 1351 secundo.
2290 1334 2302 1347 1>

1369 1490 1486 1518 1316

1331 1551 1562 1586 Arc-hiepiscopo
1586 1551 1746 1578 Turonensi
1765 1552 1879 1579 mandat
1899 1554 2037 1588 quatinus
2056 1554 2235 1589 Johannem,
2253 1564 2305 1582 co-

1297 1600 1393 1626 mitem
1414 1599 1586 1633 Britanniae,
1602 1601 1767 1627 absolutum
1778 1601 1811 1627 ab
1824 1602 1960 1628 omnibus
1974 1603 2127 1629 sententiis
2138 1612 2306 1631 exeommu-

1297 1648 1473 1674 nicationum
1490 1648 1655 1676 denunciet.
1673 1649 1756 1682 (um.
1769 1650 1813 1681 ί211,
1827 1650 1844 1676 f.
1860 1651 1918 1681 155,
1937 1660 2002 1677 ann.
2022 1651 2058 1685 ΙΙ,
2075 1660 2101 1679 c.
2118 1651 2192 1684 965.)

1889 1491 2002 1526 Latran,
2020 1493 2052 1520 ‘26
2068 1493 2138 1519 avril
2156 1494 2232 1521 1‘256.

1339 1762 1351 1776 t<
1374 1773 1406 1785 ..,
1426 1751 1652 1788 archiepiscopo
1672 1752 1852 1781 Turonensi.
1870 1752 1951 1782 Cum
1967 1752 2106 1783 dilectus
2124 1754 2212 1784 filius
2230 1763 2306 1785 nos-

1298 1807 1347 1833 ter
1372 1804 1426 1835 H..
1456 1803 1545 1832 tituli
1569 1804 1687 1833 Sancte
1707 1804 1829 1834 Sabine
1852 1805 2036 1844 presbyter,
2061 1810 2092 1836 et
2119 1807 2171 1841 R,
2193 1807 2306 1837 Sancti

1296 1855 1417 1894 Angeli
1439 1856 1597 1886 diaconus
1622 1856 1820 1891 cardinales,
1848 1857 2003 1888 dilectum
2026 1858 2133 1888 filium
2162 1859 2306 1890 nobilem

1297 1909 1496 1943 Johannem,
1522 1909 1673 1939 comitem
1696 1909 1857 1945 Britanie,
1883 1910 1923 1939 ab
1950 1911 2104 1941 omnibus
2129 1913 2306 1943 sententiis

1298 1962 1677 1992 excommunicationum
1700 1962 1776 1992 latis
1798 1963 1832 1992 in
1857 1963 1978 2002 ipsum.
2004 1968 2066 1994 tam
2092 1974 2150 2003 pro
2172 1970 2306 1996 senten-

1298 2015 1354 2045 tiis
1372 2024 1470 2053 quam
1486 2024 1543 2052 pro
1561 2015 1839 2046 ordinationibus.
1854 2017 2028 2054 preceptis,
2043 2017 2183 2047 decretis
2202 2022 2231 2048 et
2248 2027 2306 2056 pro

1297 2068 1486 2098 manifestis
1509 2068 1647 2097 offensis
1672 2072 1702 2098 et
1724 2068 1834 2098 dubiis
1853 2069 1891 2098 de
1913 2070 2056 2107 parendo
2081 2071 2206 2100 eisdem
2230 2080 2306 2101 sen-

1298 2121 1422 2156 tentiis,
1439 2120 1718 2155 ordinationibus,
1734 2121 1897 2159 preceptis
1910 2126 1938 2151 et
1953 2122 2105 2152 decretis
2118 2132 2153 2152 ac
2172 2124 2307 2154 satissa-

1298 2173 1414 2203 ciendo
1433 2173 1470 2203 de
1491 2173 1679 2203 manifestis
1695 2174 1843 2209 Offensis,
1861 2179 1891 2203 et
1909 2175 2024 2204 stando
2040 2175 2109 2214 juri
2128 2176 2165 2205 de
2183 2177 2304 2212 dubiis,

1298 2226 1338 2255 ab
1355 2235 1392 2256 eo
1409 2225 1570 2264 corporali
1586 2226 1724 2264 prestito
1740 2227 1929 2265 juramento
1943 2227 2034 2266 juxta
2050 2228 2187 2258 sormam
2199 2229 2306 2259 Eccle-

1298 2279 1357 2314 sie,
1381 2279 1419 2309 de
1437 2279 1573 2317 speciali
1593 2279 1747 2309 mandato
1765 2283 1877 2309 nostro
1901 2280 2103 2310 absolverint
2125 2285 2155 2311 et
2174 2282 2305 2311 denun-

1298 2332 1460 2362 ciaverint
1485 2331 1674 2361 absolutum
1702 2332 1871 2362 interdicti
1902 2333 2090 2369 sententiis,
2124 2334 2151 2363 si
2180 2344 2243 2372 que
2271 2335 2306 2364 in

1298 2385 1439 2415 eundem
1463 2385 1616 2415 comitem
1638 2390 1693 2414 aut
1717 2385 1879 2415 familiam
1905 2395 1962 2416 seu
1980 2390 2101 2416 terram
2127 2387 2233 2425 ipsius
2256 2388 2307 2418 vel

1297 2438 1581 2468 communicantes
1597 2438 1714 2473 eidem,
1727 2438 1899 2468 occasione
1914 2439 2147 2477 predictorum,
2160 2440 2224 2470 late
2239 2441 2306 2470 fue-

1297 2496 1382 2525 rant,
1402 2491 1569 2522 relaxatis.
1588 2496 1684 2530 prout
1700 2492 1734 2520 111
1749 2491 1870 2522 litteris
1882 2492 1958 2522 inde
1971 2493 2130 2522 consectis
2144 2493 2306 2531 ‘sigillatis

1297 2545 1407 2582 sigillo
1424 2545 1613 2575 eorumdem
1630 2545 1849 2574 cardinalium
1866 2544 1997 2583 plenius
2016 2546 2215 2581 continetur,
2234 2555 2304 2583 nos,

1297 2597 1383 2636 quod
1401 2606 1499 2635 super
1518 2597 1578 2627 hoc
1594 2597 1633 2627 ab
1651 2598 1774 2627 eisdem
1793 2598 2018 2627 cardinalibus
2035 2598 2157 2628 sactum
2175 2604 2234 2634 est,
2253 2609 2306 2629 ra-

1299 2655 1366 2680 tum
1383 2655 1413 2680 et
1433 2651 1564 2680 firmum
1582 2650 1753 2680 habentes.
1773 2651 1968 2679 mandamus
1988 2651 2145 2689 quatinus
2165 2652 2306 2682 eundem

1297 2703 1451 2733 comitem
1468 2703 1656 2733 absolutum
1676 2713 1693 2733 a
1714 2704 1871 2742 predictis
1897 2704 2073 2734 sententiis
2096 2709 2124 2734 et
2147 2705 2305 2735 interdic-

1298 2760 1366 2785 tum
1380 2756 1570 2795 hujusmodi
1583 2756 1764 2786 relaxatum
1780 2756 1971 2791 denuncies,
1987 2761 2014 2786 et
2035 2756 2074 2786 ab
2092 2757 2167 2786 aliis
2182 2757 2305 2787 denun-

1298 2809 1379 2838 ciari
1400 2809 1503 2838 facias
1520 2818 1577 2847 per
1600 2809 1825 2838 Turonenscm
1843 2809 2048 2847 provinciam
2071 2813 2101 2838 et
2119 2818 2176 2847 per
2194 2810 2305 2840 omnia

1297 2861 1378 2897 loca,
1394 2861 1564 2900 inquibus
1581 2862 1668 2891 idem
1685 2871 1793 2891 comes
1807 2862 1924 2891 viderit
1941 2862 2104 2900 expedire.
2123 2863 2195 2892 Dat.
2210 2864 2305 2894 Late-

1298 2915 1382 2951 rani,
1402 2915 1447 2944 VI
1465 2914 1624 2945 kalendas
1642 2914 1732 2951 maii,
1751 2923 1838 2944 anno
1857 2914 2013 2944 secundo.
2035 2927 2046 2941 ι)

2144 2981 2173 3005 50
