2498 3325
258 209 315 238 420
982 204 1220 235 REGISTRES
1242 204 1548 235 D‘ALEXANDRE
1572 206 1627 235 IV.

259 273 446 307 gentincuses
474 272 523 306 qui
553 271 661 297 scelera
691 274 839 305 patrarunt
867 270 1010 304 praedicta
1039 270 1086 303 (cs.
1123 270 1259 300 ¹320).

257 322 339 355 (Rae.
358 321 403 352 Ἡ,
423 321 441 346 t'.
463 321 520 354 176,
538 328 602 346 ann.
623 319 807 352 11,c.303²)

301 436 313 449 «
337 446 369 456 .⁴,
394 424 527 461 episcopo
545 426 570 450 el
589 422 723 458 capitulo
742 421 1031 457 Aryenlinensibus,
1054 430 1088 450 (ιε
1108 422 1264 450 universis

254 477 383 514 prelatis
394 475 550 505 etolericis
563 475 832 511 Arqenlincnsium
850 475 986 503 civitatis
997 479 1022 503 el
1039 475 1173 503 diocesis.
1187 474 1263 504 Hiis

258 537 321 566 que
338 537 395 565 pro
412 531 588 565 augmento
611 526 835 556 ecclesiastice
856 526 1020 556 libertatis
1038 527 1173 565 provide
1197 531 1264 557 sta-

258 584 408 615 tuuntur,
423 579 566 610 libenter
581 579 743 609 adicimus
759 579 932 617 apostolici
947 580 1144 609 muniminis
1158 581 1264 609 firmi-

258 637 368 668 tatem,
394 637 427 662 ut
454 633 650 662 intemerata
675 632 876 666 consistant,
902 641 975 661 cum
1002 637 1114 662 nostro
1139 633 1263 663 suerint

257 685 402 724 presidio
416 684 630 715 communita.
645 685 731 715 Sane
745 685 860 722 petitio
876 689 984 714 vestra
1003 685 1099 715 nobis
1117 685 1263 715 exhibita

258 738 459 773 continebat,
476 737 573 776 quod,
587 746 660 767 cum
673 737 807 776 quidam
823 738 911 767 cives
924 738 1186 775 Argentinenses
1201 742 1261 768 etc.

258 795 294 820 ut
316 790 351 820 in
371 790 435 819 alia
456 798 561 828 usque
585 800 590 818 :
617 793 873 824 tormentorum;
900 793 946 825 tu,
970 790 1073 820 frater
1099 791 1261 829 episcope,

258 847 304 877 ut,
324 852 405 882 quos
428 842 488 872 Dei
511 843 608 872 timor
633 852 651 871 a
672 842 758 872 malo
778 851 840 872 non
869 847 1015 877 revocat,
1038 843 1154 873 saltem
1180 852 1265 882 pena

258 900 406 926 coerceat
423 895 628 934 temporalis,
647 895 685 925 de
705 895 845 925 consilio
861 900 892 925 et
910 904 1050 926 assensu
1068 896 1262 927 dilectorum

258 949 402 978 filiorum
419 947 571 986 capituli,
588 948 789 987 prelatorum
807 953 838 978 et
854 948 934 979 cleri
951 953 1082 978 tuorum
1100 949 1264 980 delibera-

258 1001 348 1032 tione
368 1001 512 1039 provida,
532 1001 694 1034 statuisti,
712 1005 763 1035 ut,
781 1001 809 1031 si
827 1002 901 1040 quis
918 1001 1023 1032 laicus
1040 1002 1264 1039 Argentinen-

259 1055 347 1084 sium
360 1054 504 1083 civitatis
517 1058 547 1083 et
560 1054 712 1088 diocesis,
727 1054 871 1092 aliquem
889 1054 1046 1084 clericum
1060 1059 1119 1085 etc.
1134 1064 1239 1093 usque
1255 1065 1261 1083 :

259 1107 299 1136 ad
316 1106 466 1136 heredes.

300 1172 312 1185 »
337 1159 497 1198 Adjecisti
523 1159 642 1194 etiam,
668 1160 770 1190 frater
793 1160 961 1198 episcope,
990 1160 1077 1198 quod
1100 1161 1207 1190 officia
1233 1165 1264 1190 et

257 1212 356 1242 feuda
376 1211 567 1250 hujusmodi
590 1212 679 1241 infra
699 1213 760 1242 XV
777 1212 847 1242 dies
871 1222 888 1242 a
911 1213 963 1242 die
986 1213 1106 1250 patrati
1128 1213 1263 1243 sceleris

256 1273 313 1303 per
329 1273 384 1294 eos
401 1264 440 1293 ad
457 1273 539 1303 quos
558 1273 670 1294 eorum
688 1268 811 1302 spectat
829 1264 976 1300 collatio,
995 1265 1070 1295 aliis
1088 1266 1264 1296 conferan-

255 1321 320 1346 tur.
339 1318 479 1355 Insuper
496 1321 547 1351 tu,
566 1317 669 1347 frater
689 1317 859 1355 episcope,
878 1317 915 1347 de
932 1318 1155 1355 predictorum
1174 1319 1264 1357 capi-

255 1369 329 1405 tuli,
356 1370 558 1408 prelatorum
583 1374 614 1400 et
641 1369 721 1400 cleri
750 1370 889 1400 consilio
915 1374 946 1401 et
971 1379 1122 1406 assensu,
1150 1376 1265 1402 eontra

256 1422 358 1452 laicos
383 1422 562 1452 earundem
587 1423 732 1452 civitatis
760 1428 791 1453 et
814 1423 971 1459 diocesis,
995 1424 1052 1462 qui
1072 1424 1263 1464 hujusmodi

258 1474 384 1505 scelera
405 1479 647 1514 perpetrarent,
675 1480 706 1506 et
728 1476 938 1514 posteritates
964 1485 1095 1512 eorum,
1123 1477 1264 1516 quedam

256 1527 322 1557 alia
341 1532 464 1558 statuta
484 1528 619 1558 edidisti
634 1528 775 1558 honesta
798 1533 829 1558 et
845 1529 913 1568 juri
930 1538 1086 1565 consona,
1104 1530 1264 1560 hahentes

256 1585 327 1611 rata
340 1585 370 1611 et
386 1586 489 1619 grata,
503 1590 541 1611 ea
555 1582 750 1612 auctoritate
762 1582 942 1620 apostolica
955 1583 1189 1614 confirmamus
1202 1588 1262 1613 etc,

256 1642 363 1672 usque
381 1644 387 1663 z
405 1634 661 1664 communimus.
679 1634 772 1664 Nulli
789 1639 850 1664 etc.
869 1639 980 1666 nostre
1001 1636 1264 1666 confirmationis

258 1690 317 1715 etc.
340 1687 410 1716 Dat.
431 1686 592 1724 Anagnie,
612 1688 681 1717 IIII
697 1687 772 1717 idus
787 1687 887 1726 junii,
907 1697 993 1718 anno
1009 1689 1165 1719 secundo.
1185 1701 1198 1715 n

335 1865 448 1892 ¹372
846 1865 971 1899 Anagni,
990 1865 1097 1900 leuin
1117 1866 1194 1892 1256.

299 1925 483 1960 [Guillelmo],
500 1925 718 1960 archiepiscopo
735 1925 904 1960 Bisuntino,
923 1926 1038 1953 mandat
1054 1928 1190 1961 quatinus
1207 1936 1267 1954 ma-

260 1975 401 2009 gistrum,
432 1974 569 2000 consules
593 1977 621 2000 et
649 1974 865 2001 universitatem
894 1975 1020 2001 civitatis
1043 1975 1268 2010 Argentinensis

259 2023 422 2057 compellat,
441 2026 472 2048 ut
487 2021 594 2048 clerum
608 2023 734 2049 civitatis
749 2023 880 2057 ejusdem
899 2023 1012 2050 bladum
1024 2027 1052 2050 et
1067 2023 1165 2050 vinum
1181 2032 1268 2051 suum

259 2071 295 2097 de
310 2072 426 2098 civitate
443 2071 594 2098 extrahere
610 2071 651 2097 vel
674 2071 777 2098 ibidem
797 2072 918 2098 vendere
935 2072 998 2099 sine
1015 2073 1164 2099 exactione
1179 2082 1268 2108 pecu-

260 2121 323 2146 niae
340 2121 495 2155 patiantur.
512 2119 597 2154 (Rea.
615 2120 658 2151 ε24,
679 2121 697 2146 ί.
716 2121 775 2151 176,
794 2129 860 2147 ann.
878 2120 919 2153 11,
937 2129 961 2148 e.
981 2121 1061 2152 303³;
1087 2122 1265 2155 Rooexnsno,

263 2174 293 2194 n⁰
308 2168 382 2200 434.)

303 2281 315 2294 α
343 2292 375 2303 ..,
393 2270 618 2307 archiepiscopo
636 2270 809 2299 Bisuntino.
833 2269 987 2300 Exhibita
1011 2270 1106 2300 nohis
1129 2280 1267 2301 venera-

261 2321 339 2350 hilis
356 2339 404 2350 —.
423 2322 495 2351 Dat.
514 2322 675 2359 Anagnie,
694 2323 761 2352 IIII
778 2322 961 2361 idusjunii,
980 2332 1066 2353 anno
1080 2324 1233 2354 secundo.
1252 2336 1264 2350 u

338 2499 453 2527 ¹373

298 2560 405 2586 Abbati
429 2565 457 2587 et
479 2561 634 2587 conventui
659 2563 826 2588 monasterii
847 2562 1096 2597 Compendiensis,
1114 2562 1148 2589 ad
1166 2563 1268 2590 Roma-

265 2617 329 2635 nam
349 2608 508 2635 Ecclesiam
533 2609 609 2635 nullo
633 2609 725 2635 medio
747 2610 929 2644 pertinentis,
949 2610 1088 2645 indulget,
1109 2615 1138 2637 ut
1159 2612 1268 2638 nullum

264 2656 446 2683 libertatibus
468 2661 495 2682 et
511 2657 740 2684 immunitatibus
763 2667 861 2684 corum
879 2659 913 2683 ab
933 2659 1089 2693 apostolica
1106 2659 1179 2686 Sede
1200 2668 1270 2687 con-

264 2704 357 2730 cessis
385 2703 593 2738 praejudicium
617 2709 781 2739 generetur,
809 2707 960 2732 occasione
984 2707 1082 2733 statuti
1109 2707 1272 2735 Innocentii

264 2760 354 2786 papae
371 2751 422 2783 IV,
440 2761 455 2778 a
471 2760 502 2778 se
514 2754 621 2779 decreti
638 2753 860 2788 observandum,
875 2765 887 2779 «
902 2759 931 2781 ut
943 2755 1068 2790 exempti
1081 2760 1271 2790 quantacum-

265 2808 320 2834 que
337 2800 482 2834 gaudeant.
498 2801 631 2832 libertati,
651 2801 854 2828 nichilominus
871 2806 963 2829 tamen
983 2804 1090 2830 ratione
1107 2804 1202 2831 delicti
1219 2813 1270 2831 seu

268 2839 433 2875 contractus
450 2852 498 2875 aut
515 2849 553 2875 rei
571 2849 605 2875 de
621 2859 675 2884 qua
692 2854 790 2876 contra
808 2851 886 2885 ipsos
903 2853 1007 2885 agitur,
1022 2853 1074 2879 rite
1091 2854 1203 2887 possint
1219 2862 1271 2880 co-

853 2501 977 2535 Anagni,
996 2501 1025 2528 18
1045 2501 1100 2527 mai
1118 2501 1196 2528 1256.

1346 277 1404 295 ram
1422 270 1549 296 locorum
1567 270 1718 296 ordinariis
1733 270 1883 297 conveniri
1903 275 1932 297 et
1951 270 1990 297 illi
2011 278 2068 305 quo
2087 270 2122 297 ad
2145 271 2199 298 hoc
2220 279 2302 298 suam
2324 272 2353 298 iu

1345 317 1426 352 ipsos
1444 318 1689 352 jurisdictionem,
1710 322 1793 353 prout
1809 320 1860 353 jus
1876 319 1976 353 exigit,
1994 326 2140 346 exercere.
2165 330 2178 343 n
2202 318 2286 351 (Rea.
2307 319 2354 352 2⁴,

1345 366 1717 397 r.t·16v‚ann.1[,c.304.)

1387 480 1399 493 «
1472 469 1584 502 (thimei,
1602 473 1627 496 et
1644 470 1808 498 concentui
1824 470 2006 498 monasterii
2022 469 2282 506 Compendiensis,
2303 478 2356 498 or-

1346 522 1429 550 dinis
1444 522 1545 550 sancli
1561 522 1725 558 Benedicti,
1742 523 1782 565 ad
1797 523 1963 551 Romanam
1981 523 2144 552 Ecclesiam
2159 523 2246 552 nullo
2256 522 2357 552 medio

1343 575 1537 612 pertinentis
1559 574 1641 605 Cum
1658 574 1766 605 felicis
1783 575 2022 605 recordationis
2035 593 2084 604 —.
2102 576 2175 605 Dat.
2188 575 2353 613 Anagnie,

1346 628 1406 657 XV
1424 627 1582 656 kalendas
1595 628 1694 666 junii,
1717 637 1804 657 anno
1817 628 1972 658 secundo.
1994 640 2006 654 n

1420 800 1535 828 1:374
1929 799 2044 830 Lau-an,
2061 799 2094 826 30
2111 807 2189 826 mars
2204 799 2282 827 1256.

1383 861 1533 896 Dionys-io,
1558 866 1676 895 patrono
1697 862 1839 888 ecclesiae
1862 861 1892 888 S.
1914 860 2059 888 Elisabeth
2075 861 2110 888 de
2129 860 2201 888 Villa
2217 861 2356 896 Poloson,

1346 910 1557 944 strigoniensis
1568 910 1705 941 diocesis,
1719 911 1914 945 episcopoque
1927 909 2110 942 Prenestino,
2123 910 2266 937 avunculo
2276 911 2353 945 ejus,

1346 959 1522 993 petentibus,
1554 959 1705 985 ecclesiam
1738 960 1828 994 ipsam
1853 967 1869 985 a
1898 958 2038 994 Dionysio
2063 959 2098 985 de
2123 958 2206 985 bonis
2231 958 2356 994 propriis

1346 1012 1542 1034 constructam
1577 1012 1605 1034 et
1636 1008 1760 1034 dotatam
1794 1018 1809 1034 a
1835 1009 1901 1042 jure
1930 1008 2123 1035 archidiaconi
2157 1008 2212 1036 loci
2241 1007 2356 1035 eximit.

1346 1055 1430 1087 (Rea.
1447 1056 1491 1086 24,
1509 1057 1528 1082 s.
1550 1057 1620 1090 176v,
1637 1065 1704 1083 ann.
1722 1056 1902 1088 11,c.301¹1².)

1388 1169 1400 1183 u
1418 1158 1519 1186 Nobili
1535 1159 1602 1186 viro
1621 1158 1768 1192 Dionisio,
1791 1164 1922 1196 patrono
1937 1160 2056 1188 ecclesie
2078 1159 2187 1188 Sancte
2202 1158 2357 1188 Elisabeth

1346 1210 1380 1238 de
1400 1211 1474 1238 Villa
1493 1210 1632 1245 Poloson,
1655 1210 1877 1248 Striqoniensz's
1898 1212 2033 1241 diocesis.
2054 1211 2265 1242 Arbitrantes
2285 1211 2357 1249 dig-

1347 1271 1426 1292 num
1443 1262 1529 1300 quod
1546 1279 1594 1290 ——.
1607 1263 1680 1292 Dat.
1701 1264 1867 1299 Laterani,
1886 1265 1936 1294 III
1953 1264 2113 1294 kalendas
2125 1263 2253 1302 aprilis,
2268 1272 2357 1294 anno

1347 1315 1501 1346 secundo.
1526 1327 1539 1341 »

1424 1486 1538 1515 1375
1936 1487 2062 1522 Anagni‚
2082 1487 2112 1514 17
2125 1487 2188 1522 juin
2206 1486 2286 1514 1256.

1383 1548 1590 1575 Monasterium
1613 1548 1644 1575 S.
1658 1548 1770 1575 Nicolai
1793 1550 1821 1575 in
1847 1548 1930 1575 Prato
1954 1548 2137 1575 Virdunense
2151 1549 2206 1576 sub
2223 1557 2276 1576 sua
2291 1557 2359 1584 pro·

1346 1597 1472 1624 tectione
1501 1598 1641 1632 suscipit,
1668 1598 1888 1632 possessiones,
1912 1599 1979 1633 jura
2007 1601 2037 1624 et
2065 1598 2263 1626 immunitates
2291 1599 2359 1634 ejus

1347 1646 1554 1672 enumerando.
1574 1646 1658 1680 (Rea.
1675 1646 1725 1680 24,
1740 1647 1759 1673 Γ.
1780 1647 1854 1681 176’,
1871 1655 1937 1674 ann.
1956 1646 1994 1679 11,
2010 1655 2036 1673 c.
2054 1647 2127 1681 305.)

1390 1761 1403 1774 «
1427 1771 1459 1783 ..,
1477 1749 1578 1777 abbati
1598 1750 1780 1778 monasterii
1804 1750 1911 1778 Sancti
1935 1750 2054 1778 Nicolai
2077 1750 2111 1778 in
2134 1750 2226 1779 Prato
2246 1749 2360 1779 Virdu-

1348 1803 1462 1835 nensis,
1478 1803 1600 1838 ejusque
1611 1803 1763 1838 fratribus
1778 1807 1838 1831 tam
1851 1803 2041 1840 presentibus
2055 1811 2148 1839 quam
2162 1803 2292 1839 suturis,
2307 1811 2360 1832 re-

1348 1853 1486 1891 qularem
1518 1855 1612 1883 vitum
1636 1855 1850 1892 profitentibus
1874 1856 1907 1883 in
1931 1860 2123 1892 perpetuum.
2153 1854 2314 1891 Quotiens
2339 1863 2360 1885 a

1350 1907 1446 1936 nohis
1463 1907 1586 1944 petitur
1599 1907 1686 1945 quod
1703 1906 1859 1945 religioni
1879 1911 1910 1936 et
1931 1906 2098 1937 honestati
2115 1906 2293 1937 convenire
2308 1906 2361 1936 di·-

1351 1959 1511 1993 noscitur,
1530 1959 1641 1988 animo
1663 1968 1723 1989 nos
1746 1959 1839 1989 decet
1860 1959 1978 1988 libenti
1999 1959 2178 1989 concedere
2197 1963 2229 1990 et
2243 1962 2361 1998 peten-

1351 2012 1434 2042 tium
1460 2012 1636 2042 desideriis
1662 2020 1845 2050 congruum
1868 2012 2066 2049 suffragium
2090 2012 2267 2050 impertiri.
2295 2012 2362 2043 Ea-

1351 2069 1493 2103 propter,
1512 2064 1624 2095 dilecti
1640 2065 1674 2094 in
1695 2065 1837 2095 Domino
1857 2064 1934 2099 lilii,
1958 2065 2078 2094 vestris
2095 2065 2196 2104 justis
2211 2063 2361 2104 postula-

1349 2118 1498 2147 tionibus
1519 2117 1699 2147 clementer
1724 2118 1904 2147 annuimus
1928 2121 1959 2147 et
1984 2117 2223 2147 monasterium
2246 2117 2361 2148 Sancti

1349 2170 1479 2200 Nicolai
1496 2170 1530 2199 in
1551 2171 1648 2200 Prato
1662 2170 1885 2205 Virdunense,
1905 2171 1938 2199 in
1956 2179 2020 2209 quo
2038 2171 2118 2200 estis
2135 2170 2248 2200 divino
2263 2169 2361 2201 obse-

1350 2222 1427 2261 quio
1444 2222 1635 2261 mancipati,
1655 2223 1694 2252 ad
1710 2223 1817 2252 instar
1832 2223 1942 2252 felicis
1956 2223 2196 2253 recordationis
2212 2223 2288 2258 Ho.,
2305 2222 2358 2259 G.‚

1348 2274 1620 2312 predecessorum
1653 2279 1862 2310 nostrorum,
1897 2276 2122 2305 Romanorum
2152 2274 2359 2313 pontificum,

1350 2326 1411 2356 sub
1434 2327 1522 2356 beati
1546 2328 1636 2357 Petri
1660 2332 1691 2357 et
1712 2332 1825 2358 nostra
1847 2327 2051 2366 protectione
2072 2327 2274 2366 suscipimus
2297 2331 2360 2358 etc.

1349 2388 1455 2418 usque
1475 2390 1480 2408 ε
1501 2381 1755 2410 communimus.

1392 2443 1405 2458 »
1424 2433 1461 2462 ln
1479 2433 1595 2470 primis
1614 2433 1779 2472 siquidem
1800 2438 1996 2468 statuentes,
2016 2437 2052 2462 ut
2067 2432 2145 2462 ordo
2165 2432 2358 2468 canonicus,

1351 2484 1407 2522 qui
1428 2485 1610 2514 secundum
1628 2487 1733 2515 Deum
1752 2491 1783 2516 et
1800 2486 1888 2516 beati
1906 2485 2086 2522 Augustini
2102 2484 2251 2523 regulam
2263 2485 2297 2514 in
2311 2493 2362 2515 eo-

1351 2537 1424 2567 dem
1441 2537 1510 2567 loco
1529 2538 1703 2568 institutus
1730 2548 1802 2569 esse
1828 2539 2023 2573 dinoscitur,
2047 2537 2216 2576 perpetuis
2236 2537 2362 2568 ibidem

1351 2591 1555 2628 temporibus
1581 2591 1820 2622 inviol.·1biliter
1847 2592 2052 2621 observetur,
2082 2591 2238 2620 Preterea
2261 2598 2363 2629 qua!-

1352 2651 1493 2681 cumque
1510 2645 1749 2681 possessiones,
1768 2652 1977 2683 quecumque
1996 2643 2081 2673 bona
2098 2643 2186 2673 idem
2198 2646 2361 2674 monaste-

1352 2695 1439 2725 rium
1457 2696 1490 2725 in
1511 2698 1753 2735 presentiarum
1765 2698 1853 2737 juste
1871 2706 1906 2727 ac.
1923 2696 2081 2726 canonice
2098 2695 2255 2734 possidet,
2272 2699 2310 2726 ut
2326 2696 2364 2726 in

1352 2748 1502 2777 futurum
1519 2751 1733 2780 concessione
1751 2750 1961 2789 pontificum,
1980 2748 2158 2786 largitione
2178 2757 2293 2786 regum
2311 2748 2365 2779 vel

1352 2800 1557 2838 principum,
1587 2803 1752 2833 [dilatione
1776 2802 1924 2832 fidelium
1949 2810 2007 2831 seu
2029 2801 2105 2830 aliis
2123 2801 2225 2840 justis
2243 2800 2360 2837 modis,

1354 2858 1521 2890 prestante
1534 2855 1685 2890 Domino,
1702 2855 1820 2894 poterit
1839 2854 1990 2892 adipisci.
2010 2854 2102 2882 firma
2119 2852 2212 2883 vobis
2229 2853 2366 2884 vestris-
