2498 3325
964 228 1188 265 PREMIERE
1210 229 1367 265 ANNEE.
2158 240 2215 268 -225

118 306 280 342 Capraria,
297 310 323 334 et
334 305 480 338 Chianrti,
494 305 671 334 marchioni
683 305 775 333 Masso
787 303 924 340 etjudici
936 302 1123 335 Calarilano,

117 359 270 387 nobilibus
286 358 469 386 mulieribus
484 358 530 392 A.‚
550 358 651 394 regine
669 357 834 386 Turi-itane
850 360 875 384 et
893 355 1077 388 Gallia-ensi,
1092 363 1126 382 ar.-

117 410 378 447 Johcznni,jutlici
391 410 575 439 Gallurensi.
590 410 637 439 De
651 409 837 447 suppremis
850 411 911 438 etc.
926 411 962 436 ut
974 407 1007 435 in
1021 406 1127 444 prima

118 471 225 500 usque
245 462 286 491 ad
301 462 409 491 finem.
435 474 447 488 n

194 672 282 700 ⁸²35

702 671 829 704 Anagni,
850 671 878 696 18
894 672 961 696 aot‘it
982 670 1056 696 1255.

158 740 179 765 L
194 761 200 773 ,
213 740 428 774 archiepiscopo
444 739 614 772 calaritano,
632 739 755 769 mandat,
775 743 803 765 ut
823 739 964 773 praelatos
980 738 1128 764 Satdiniae

120 792 149 814 et
165 788 298 814 Corsicae
314 789 471 814 litterarum
490 789 630 822 patientes
646 787 788 813 defectum
804 788 872 813 citet
889 793 914 813 ut
933 795 1027 812 coram
1042 795 1128 821 papae

121 840 317 870 compareant.
338 836 419 867 (Rho.
437 835 480 867 5³4,
498 844 523 862 c.
541 836 613 867 585⁴.
631 836 650 862 f.
667 836 719 865 89.)

163 963 174 976 «
191 973 223 983 ..,
237 951 462 988 archiepiscopo
479 950 669 984 Calaritano,
684 951 843 988 apostolice
859 951 942 979 Sedis
959 951 1064 986 legato.
1079 949 1129 978 Ad

120 1003 327 1033 audientiam
341 1007 488 1033 nostram
505 1003 637 1033 noveris
652 1003 856 1041 pervenisse.
875 1003 962 1041 quod
976 1002 1128 1031 nonnulli

120 1055 240 1093 prelati
262 1055 415 1085 Sardinie
435 1059 465 1085 et
483 1055 617 1086 Corsice
637 1055 824 1085 litterarum
845 1056 1008 1093 patientes
1025 1056 1129 1085 defec-

122 1111 203 1142 tum,
222 1112 332 1146 utpote
349 1108 406 1146 qui
425 1107 534 1145 legere
557 1108 711 1137 nesciunt
732 1117 791 1137 nec
812 1117 992 1146 proponere
1010 1107 1128 1146 populo

115 1150 257 1190 vverbum
274 1161 335 1190 Dei
351 1161 386 1189 in
408 1160 565 1190 ecclesias
584 1170 666 1199 quas
692 1161 857 1196 obtinent,
881 1170 915 1190 se
932 1170 1130 1198 procurave-

121 1217 198 1242 runt
226 1213 353 1243 intrudi
388 1222 445 1251 per
474 1213 655 1251 potentiam
683 1213 878 1243 secularem.
912 1214 979 1243 Nos
1009 1213 1126 1251 igitur,

121 1265 244 1304 quibus
258 1265 473 1295 ecclesiarum
485 1266 635 1295 omnium
645 1270 693 1295 est
709 1275 787 1295 cura
804 1270 834 1296 et
846 1266 1034 1296 sollicitudo
1046 1275 1130 1295 00111-

120 1318 235 1353 missa,
255 1318 404 1349 nolentes
422 1319 484 1348 1100
501 1319 562 1349 sub
579 1319 846 1348 dissimulatione
864 1319 1017 1352 transire,
1036 1328 1130 1348 man-

121 1370 237 1400 damus
254 1372 412 1409 quatinus
428 1371 571 1410 prelatos
588 1372 677 1409 ipsos
694 1381 731 1401 ex
748 1376 838 1410 parte
856 1376 968 1401 nostra
984 1381 1130 1410 peremp-

122 1423 205 1453 torie
231 1424 332 1453 citare
355 1431 530 1462 procures.
552 1428 586 1453 ut
612 1425 699 1453 infra
722 1425 767 1454 VI
790 1425 955 1454 mensium
981 1425 1129 1462 spacium

122 1480 194 1514 post
210 1476 402 1506 citationem
418 1480 508 1506 tuam
529 1481 739 1515 compareant
759 1486 869 1506 coram
889 1477 1000 1511 nobis,
1019 1486 1073 1505 eos
1091 1477 1130 1506 ad

121 1528 156 1557 id
182 1529 209 1557 si
243 1538 378 1558 11000550
408 1529 509 1558 suerit
542 1529 737 1558 auctoritate
772 1533 884 1558 nostra
910 1528 1129 1566 appellatione

120 1581 303 1619 postposita
324 1581 571 1620 compescendo,
591 1581 688 1611 Diem
703 1582 872 1611 citationis
889 1586 920 1611 et
937 1582 1077 1610 sormam
1100 1586 1130 1610 et

122 1634 282 1672 quicquid
304 1634 380 1663 inde
401 1634 522 1664 feceris
544 1634 640 1664 nobis
663 1644 722 1672 per
747 1638 818 1664 tuas
841 1634 970 1664 litteras
994 1643 1130 1671 presen-

120 1686 204 1716 tium
235 1687 356 1716 seriem
385 1687 593 1716 continentes
624 1687 767 1716 fideliter
788 1687 1022 1724 rescripturus.
1054 1687 1126 1716 Dat.

120 1740 284 1777 Anagnia,
304 1740 366 1770 XV
383 1739 542 1769 kalendas
559 1740 767 1777 septembris,
789 1749 875 1769 anno
891 1740 1008 1778 primo.
1036 1752 1047 1766 »

191 1952 277 1979 736
702 1951 828 1985 Anagnt,
848 1952 962 1977 1800111
983 1952 1056 1977 1‘255.

156 2020 254 2047 Eidem
277 2020 400 2051 mandat,
425 2025 455 2046 ut
477 2021 616 2046 ecclesiae
641 2019 770 2046 Bosanae
789 2020 823 2046 de
841 2025 954 2054 pastore
972 2020 1128 2054 provideat,

122 2069 146 2095 si
170 2069 338 2095 electionem
362 2068 394 2094 P.
417 2069 659 2103 archipresbyteri
681 2068 707 2094 in
731 2069 898 2102 episcopum
918 2078 971 2094 non
990 2069 1130 2095 invenerit

122 2118 260 2144 canonice
278 2118 459 2144 celebratam.
476 2117 559 2150 (itm.
577 2117 621 2150 24,
638 2125 662 2143 c.
681 2117 753 2150 585⁵,
772 2117 788 2142 s.
806 2117 860 2148 89.)

162 2257 173 2271 «
188 2245 303 2274 Eidem.
320 2245 448 2274 Bosana
462 2244 601 2274 ecclesia
618 2244 759 2282 pastoris
777 2244 893 2274 solatio
905 2244 1074 2280 destituta,

120 2297 379 2336 archipresbiter
395 2297 502 2335 ipsius
523 2297 700 2329 0001051110,
726 2297 811 2326 sicut
834 2297 1039 2335 accepimus.
1060 2306 1129 2327 me-

120 2351 230 2380 diante
246 2350 437 2389 symoniace
450 2350 530 2379 vitio
541 2350 727 2387 pravitatis,
743 2359 800 2387 per
814 2350 997 2380 secularem
1014 2355 1129 2388 poten-

119 2403 200 2432 tiam
218 2403 257 2432 ad
272 2403 378 2441 ipsius
395 2403 544 2440 regimen
562 2412 595 2432 se
617 2402 693 2439 eligi
711 2403 910 2441 procuravit.
928 2403 1011 2433 Cum
1027 2403 1130 2441 igitur

119 2455 321 2486 venerabilis
339 2455 442 2485 frater
458 2459 570 2485 noster
588 2478 620 2489 ..,
639 2455 854 2486 Civitatensis
871 2456 1055 2494 episcopus,
1076 2456 1129 2485 cui

121 2508 294 2538 electionis
315 2507 505 2546 hujusmodi
529 2508 697 2545 negotium
715 2512 761 2537 051
785 2508 824 2537 ab
846 2508 1024 2545 apostolica
1046 2509 1129 2538 Sede

120 2561 353 2595 commissum,
375 2561 503 2590 dicatur
518 2560 704 2590 litterarum
723 2561 879 2590 noticiam
903 2570 967 2590 non
991 2561 1127 2596 babere,

122 2613 227 2643 cidem
247 2614 281 2643 P.
301 2613 579 2651 archipresbitero
596 2613 699 2642 nimio
719 2614 829 2643 favore
847 2613 1015 2648 assistere,
1034 2622 1130 2651 prop-

120 2670 170 2696 ter
188 2666 274 2704 quod
291 2675 355 2695 non
375 2665 541 2695 immerito
558 2665 738 2700 dubitatur,
761 2675 800 2696 110
819 2666 852 2695 111
868 2666 981 2695 eodem
999 2666 1130 2703 negotio

119 2718 232 2748 minus
257 2718 415 2748 canonice
439 2718 645 2756 procedatur,
675 2718 870 2747 mandamus
898 2719 1073 2757 quatinus.
1101 2718 1130 2747 si

119 2770 315 2801 electionem
333 2770 470 2800 eandem
488 2770 657 2799 inveneris
681 2771 719 2800 de
742 2771 828 2800 dicto
851 2771 1130 2808 archipresbitero

120 2822 231 2852 taliter
242 2822 452 2858 celebratam,
467 2832 503 2851 ea
519 2822 580 2851 rite
595 2826 733 2858 cassata,
751 2823 855 2853 eidem
872 2823 1010 2853 ecclesie
1024 2823 1130 2861 provi-

120 2875 198 2905 deas
220 2875 259 2905 de
278 2883 418 2913 persona
442 2874 560 2905 idonea
580 2874 614 2903 in
639 2880 815 2912 pastorem.
839 2876 913 2905 Dat.
933 2880 966 2904 ut
985 2884 1094 2913 supra.
1115 2888 1127 2901 »

246 2940 468 2964 ALEXANDRE
487 2940 537 2970 iv,
557 2942 575 2963 t.
595 2940 614 2963 1.

1169 2117 1173 2186 Ε

1169 2187 1173 2365 i

1283 301 1366 329 232

1246 361 1290 387 Ad
1309 363 1512 388 monasterium
1531 363 1676 392 Farfcnse,
1695 364 1862 389 Sabinensis
1879 365 2014 397 diocesis,
2027 366 2101 399 quod
2118 366 2214 392 detec-

1689 303 1811 335 0100ςηί,
1833 303 1869 328 ter
1884 303 2046 337 septembre
2067 303 2142 331 1255.

1210 413 1269 436 tum
1291 411 1496 436 monachorum
1515 413 1637 444 patitur,
1658 413 1906 438 transmissionem
1925 415 2127 440 monachorum
2145 415 2214 441 alio-

1211 466 1272 484 rum
1292 459 1531 484 monasteriorum
1551 460 1696 493 praecipit
1718 460 1798 491 (tuo.
1816 461 1864 493 it,
1886 469 1910 486 c.
1929 461 1988 493 586,
2006 462 2024 487 fr
2043 462 2095 491 89.)

1252 584 1264 598 «
1285 573 1323 606 Ι.,
1343 573 1428 601 tituli
1446 574 1546 601 sancti
1564 573 1724 601 Laurentii
1742 575 1773 602 ia
1793 575 1909 602 1111011111
1928 576 2089 611 presbz'lrrn
2113 578 2216 605 carili-

1210 626 1289 653 nali.
1313 625 1407 659 Cum,
1428 625 1513 654 sicut
1533 626 1572 654 ad
1589 634 1685 655 aures
1708 625 1908 663 apostolatus
1932 628 2033 656 nostri
2055 629 2214 665 pervenit.

1211 677 1451 706 monasterium
1479 678 1652 709 Farfensc,
1681 677 1877 707 Sabinensis
1904 678 2060 709 diocesis.
2090 681 2216 709 ordinis·

1211 729 1317 758 sancti
1336 729 1523 763 Benedicti,
1544 729 1583 758 ad
1600 730 1783 758 Romanam
1802 729 1982 759 Ecclesiam
2005 731 2093 760 nullo
2116 733 2217 769 perti-

1212 790 1294 810 nens
1312 781 1496 810 mediante.
1515 782 1549 810 in
1567 791 1630 819 quo
1648 781 1808 811 hactenus
1825 782 1993 811 consuevit
2013 783 2090 812 ordo
2107 784 2217 819 vif-rere

1212 834 1416 863 monasticus
1440 838 1469 863 et
1491 834 1703 863 observantia
1727 834 1905 870 regularis,
1931 835 1970 863 ad
1992 844 2064 863 eun]
2088 836 2149 870 (xic)
2176 837 2219 865 sit

1211 885 1384 915 monachis
1412 890 1443 915 et
1468 886 1619 923 personis
1642 886 1853 923 regularibus
1878 886 2089 916 destitutum.
2116 889 2216 925 quod.

1211 943 1342 976 propter
1366 938 1555 976 hujusmodi
1578 947 1795 976 personarum
1813 939 1988 972 desectum,
2010 939 2132 969 divinis
2155 950 2219 969 non

1211 991 1376 1020 modicum
1403 991 1573 1029 obsequiis
1597 992 1822 1026 defraudatur,
1852 1001 1909 1021 1105
1939 992 2085 1021 volentes
2113 993 2218 1021 eido-m

1211 1043 1413 1073 monasterio
1433 1052 1489 1081 per
1512 1044 1695 1073 remedium
1719 1043 1897 1081 apostolice
1917 1045 2121 1081 providentie
2142 1045 2220 1074 sub-

1212 1096 1336 1130 veniri,
1365 1096 1558 1125 discretioni
1583 1101 1647 1131 tue,
1675 1095 1787 1125 dilecti
1811 1096 1871 1125 tilii
1900 1119 1931 1130 ..,
1960 1096 2088 1126 abbatis
2114 1098 2220 1135 ipsius

1212 1148 1406 1177 monasterii
1418 1148 1571 1186 precibus
1588 1148 1752 1181 inclinati,
1769 1149 2005 1179 correctionem
2019 1154 2047 1178 et
2061 1150 2220 1179 reforma-

1212 1201 1335 1231 tionem
1359 1201 1507 1240 ejusdem
1533 1202 1726 1231 monasterii
1752 1202 1810 1230 tibi
1833 1202 1986 1231 duximus
2012 1203 2220 1232 committen-

1213 1253 1305 1288 dum,
1331 1258 1365 1282 ut
1388 1253 1459 1283 vice
1483 1258 1594 1283 nostra
1615 1254 1697 1283 illud
1719 1254 1757 1283 110
1779 1254 1950 1283 monacbis
1972 1255 2164 1284 monasterii
2182 1255 2220 1284 de

1213 1306 1300 1336 Cava
1331 1305 1551 1340 Salernitani,
1581 1306 1707 1335 01111015
1736 1307 1841 1335 5110011
1870 1307 2060 1336 Benedicti.
2086 1307 2125 1335 ad
2156 1309 2220 1336 Ro-

1213 1368 1344 1388 manam
1364 1359 1546 1389 Ecclesiam
1566 1359 1656 1389 nullo
1674 1359 1782 1389 medio
1799 1359 2008 1397 pertinentis.
2030 1365 2059 1389 et
2080 1360 2220 1388 aliorum

1214 1412 1313 1441 etiam
1329 1412 1618 1443 monasteriorum.
1637 1416 1732 1450 prout
1749 1412 1900 1449 degeris.
1919 1413 2041 1441 dictum
2063 1413 2220 1441 Farfense

1214 1465 1452 1494 monasterium
1480 1465 1589 1494 valeas
1619 1465 1789 1499 ordinare,
1819 1465 1954 1494 abbates
1981 1470 2012 1494 et
2039 1469 2220 1494 conventus

1213 1517 1490 1546 monasteriorum
1505 1517 1651 1555 ipsorum
1667 1517 1752 1555 quod
1766 1517 1894 1555 aliquos
1909 1518 1947 1545 de
1962 1517 2133 1546 monacbis
2151 1518 2220 1547 suis

1214 1569 1373 1599 discretos
1396 1574 1426 1599 et
1446 1569 1615 1607 providos,
1642 1574 1737 1607 prout
1758 1569 1910 1606 expedire
1930 1569 2067 1603 videris,
2091 1574 2221 1607 propter

1212 1621 1274 1651 hoc
1291 1622 1330 1650 ad
1344 1622 1453 1659 ipsum
1471 1622 1709 1651 monasterium
1727 1622 1884 1651 Farfense
1903 1622 2138 1651 transmittant.
2156 1631 2220 1650 1110-

1213 1674 1340 1703 nitione
1359 1674 1538 1711 premissa,
1558 1684 1615 1712 per
1632 1683 1806 1703 censuram
1829 1674 2087 1703 ecclesiastieam
2112 1674 2222 1712 appel-

1212 1726 1336 1756 latione
1356 1727 1536 1764 postposita
1553 1726 1801 1764 compescendo.
1821 1727 1892 1755 Nun
1911 1726 2061 1755 obstantt¹
2079 1727 2105 1754 51
2125 1727 2222 1755 dictis

1213 1780 1389 1809 abbatibus
1411 1784 1441 1809 et
1463 1780 1681 1809 conventibus
1699 1779 1749 1808 vel
1769 1779 1937 1817 aliquibus
1962 1788 2074 1808 eorum
2099 1790 2116 1808 a
2139 1779 2221 1808 Sede

1214 1832 1394 1870 apostolica.
1410 1832 1452 1862 sit
1468 1832 1646 1867 indultum,
1665 1832 1752 1870 quod
1770 1849 1818 1860 -—.
1837 1833 1910 1861 Dat.
1930 1832 2092 1869 Anagnie,
2112 1831 2222 1861 haleu-

1213 1884 1264 1914 dis
1284 1884 1493 1923 septembris,
1512 1893 1598 1913 anno
1615 1884 1730 1922 primo.
1753 1896 1765 1910 υ

1284 2083 1370 2111 '238

1248 2144 1508 2179 Archipresbytero
1528 2144 1675 2170 Parmensi
1692 2143 1816 2174 mandat,
1836 2146 1866 2169 ut
1882 2142 2057 2174 cit-saccum,
2076 2143 2220 2176 quondam

1211 2194 1341 2220 abbatem
1359 2192 1525 2219 monasterii
1542 2193 1577 2219 de
1593 2192 1766 2225 Nonantuffl,
1780 2195 1930 2218 senectute
1946 2200 1979 2217 ac
1995 2191 2159 2218 infirmitate
2177 2192 2221 2218 in-

1211 2242 1330 2269 curabili
1346 2245 1578 2276 praegravatum,
1596 2241 1712 2267 inducat
1729 2241 1754 2266 in
1775 2249 1858 2267 usum
1875 2240 2025 2266 domorum
2042 2243 2070 2266 et
2086 2248 2221 2266 vasorum

1714 2082 1840 2115 Anagni,
1858 2081 1872 2107 3
1889 2081 2052 2115 septembre
2072 2082 2146 2108 1255.

1212 2291 1379 2317 monasterii
1399 2290 1432 2316 ab
1453 2290 1590 2325 episcopo
1607 2289 1743 2316 Imolensi
1759 2293 1786 2315 et
1804 2289 1948 2315 Bet-nardo
1965 2289 2104 2315 canonico
2122 2288 2221 2314 Bono—

1212 2340 1305 2366 niensi
1322 2339 1356 2365 de
1373 2338 1504 2365 mandato
1522 2347 1610 2373 papae
1626 2346 1844 2365 concessorum.
1861 2338 1944 2369 (Rae.
1962 2338 2006 2367 24,
2019 2345 2045 2364 c.
2060 2338 2119 2371 587,
2132 2338 2151 2364 f.
2165 2337 2220 2370 89).

1254 2466 1266 2480 u
1288 2477 1320 2489 ..,
1338 2454 1590 2491 archipresbitero
1607 2454 1778 2482 Parmensi.
1800 2452 1971 2482 Intellecto
1993 2451 2116 2481 dudum
2136 2452 2223 2489 quod

1212 2507 1352 2537 dilectus
1366 2507 1455 2536 filius
1470 2507 1656 2541 Cirsaccus,
1675 2506 1840 2545 quondam
1855 2505 1955 2534 abbas
1973 2504 2166 2533 monasterii
2183 2504 2222 2533 de

1212 2559 1414 2595 Nonantula‚
1429 2559 1556 2589 ordinis
1571 2559 1677 2589 sancti
1692 2558 1875 2591 Benedicti,
1894 2561 2062 2587 senectute
2080 2566 2116 2585 ac
2133 2556 2222 2585 intir-

1212 2612 1326 2642 mitate
1349 2611 1530 2642 incurabili
1554 2616 1785 2650 pregravatus,
1812 2610 2018 2640 insufficiens
2042 2613 2111 2639 erat
2134 2608 2222 2646 regi-

1212 2665 1295 2694 mini
1324 2664 1519 2694 monasterii
1546 2664 1585 2694 de
1617 2663 1825 2697 Nonantula,
1857 2663 1944 2701 quod
1972 2662 2011 2691 ad
2039 2663 2222 2691 Romanam

1212 2717 1395 2747 Ecclesiam
1420 2717 1511 2746 nullo
1538 2716 1681 2755 pertinet
1707 2716 1890 2750 mediante,
1919 2714 2102 2744 venerabili
2126 2713 2222 2742 fratri

1213 2774 1325 2799 nostro
1351 2793 1382 2804 ..,
1408 2769 1559 2808 episcopo
1586 2769 1759 2803 Imolensi,
1785 2774 1815 2798 et
1838 2768 1956 2797 dilecto
1978 2766 2045 2796 tilio
2064 2765 2222 2801 mag-'istro

1213 2822 1398 2857 Bernardo,
1417 2823 1576 2852 canonico
1596 2821 1818 2855 Bononiensi,
1838 2820 2007 2858 capellano
2025 2823 2146 2853 nostro,
2165 2818 2222 2847 de-

1213 2875 1322 2905 dimus
1340 2875 1462 2905 nostris
1476 2875 1597 2905 litteris
1615 2875 1649 2904 in
1664 2874 1841 2909 mandatis,
1859 2877 1905 2908 ut,
1927 2873 1955 2902 si
1972 2872 2041 2910 ipse
2059 2870 2222 2900 senectuti

2069 2937 2099 2960 *29
