2498 3325
253 302 314 332 34ss

260 381 272 394 »ι
299 368 337 397 de
356 367 470 397 talium
487 365 640 396 celeriter
657 370 768 395 nostre
782 365 955 403 diligentie
973 365 1082 395 studio
1097 363 1269 403 providea-

256 433 272 447 vn
298 425 350 450 tur
366 419 604 450 substitutione
622 423 802 457 pastorum,
821 428 879 456 per
895 427 979 457 quos
996 417 1220 457 spiritualiter
1238 421 1270 447 et

253 486 272 504 ‚n
298 471 524 511 temporaliter
549 475 682 501 auctore
705 472 772 500 Deo
793 471 989 501 continuum
1010 470 1195 509 suscipiant
1217 470 1270 499 iu-

261 538 274 552 »
300 529 516 555 crementum.
542 524 627 554 Hinc
651 528 700 553 est
720 523 817 562 quod7
838 533 913 553 cum
931 523 1172 553 monasterium
1191 522 1270 553 Om-

259 591 272 604 η
300 578 391 607 nium
416 578 624 611 Sanctorum,
649 576 806 606 Barensis
831 576 986 610 diocesis,
1010 576 1138 606 ordinis
1163 575 1270 606 sanc-ti

261 643 274 658 ι)
299 630 484 665 Benedicti,
514 631 660 660 Romane
692 629 838 659 Ecclesie
867 634 901 659 ut
930 629 1052 659 dicitur
1078 628 1269 659 immediate

260 695 273 710 ι)
299 683 499 721 subjectum.
530 682 585 711 din
615 682 715 711 suerit
744 682 887 720 pastoris
915 681 1045 711 sollatio
1073 681 1270 711 destitutum

260 748 273 762 »
299 735 480 774 multisque
506 740 637 773 propter
662 735 723 765 hoc
751 735 859 773 ipsum
888 735 1073 774 subjeetum
1099 733 1267 773 periculis,

261 802 274 815 »
300 789 411 826 gravia
440 789 471 817 in
498 788 730 827 spiritualibus
756 793 787 818 et
811 788 1048 827 temporalibus
1071 788 1270 818 detrimenta

261 855 273 869 n
298 852 362 872 non
385 843 424 871 sit
449 842 584 871 dubium
604 842 796 877 incurrisse⁷
816 851 886 877 nos,
907 841 1053 872 volentes
1072 841 1178 871 eidem
1199 850 1269 870 mo-

261 908 273 922 »
301 896 456 925 nasterio.
482 905 520 924 ne
545 895 684 933 dampna
709 904 745 925 ex
768 894 909 932 longiori
930 895 1100 924 vacatione
1118 894 1271 932 graviora

262 961 274 974 ›1
300 940 438 982 subiret,
458 947 636 977 salubriter
652 947 835 986 providet-Q
853 952 882 977 te
900 947 1095 977 auctoritato
1113 956 1177 986 qua
1193 947 1269 976 sun-

263 1014 274 1026 »
301 1001 410 1038 gimnr
424 1001 487 1039 ipsi
502 1001 703 1030 monasterio
721 1001 754 1029 in
772 1000 923 1030 abbatem
941 1000 1131 1038 preficimus
1148 1004 1177 1030 et
1194 1008 1270 1038 pas-

262 1065 275 1079 »
303 1058 416 1085 torem,
438 1057 608 1091 sperantes
625 1053 712 1091 quod
727 1057 780 1082 tua
797 1053 1093 1090 circumspectione
1110 1052 1270 1081 laudabili

261 1117 274 1132 »
301 1110 328 1135 et
346 1106 550 1144 providentia
568 1106 805 1143 cireumssweta
823 1105 1061 1135 monasterium
1078 1105 1187 1143 ipsum
1205 1109 1270 1134 tam

262 1171 274 1185 ι)
300 1159 385 1187 eirea
403 1158 591 1196 spiritualia
608 1167 706 1196 quam
728 1157 920 1196 tmnporalia
937 1158 1040 1195 gratis
1056 1161 1188 1187 auctore
1206 1158 1270 1186 Do-

261 1223 274 1237 »
300 1212 390 1241 mino
413 1211 559 1249 proficiet
584 1211 813 1241 incrementis.
835 1212 907 1241 Nou
927 1211 1079 1241 obstante
1098 1210 1185 1249 quod
1201 1219 1270 1240 mo-

262 1276 273 1290 »
300 1264 484 1293 nasterium
512 1264 621 1302 ipsum
651 1264 781 1293 cuidam
813 1263 974 1293 monacho
1000 1263 1093 1293 fratri
1119 1263 1270 1293 Dionisio

262 1329 274 1343 ›>
300 1317 433 1345 nomine
460 1326 653 1346 eoncessum
681 1316 730 1345 vel
752 1316 965 1345 commissum
983 1326 1040 1354 per
1067 1325 1125 1345 nos
1149 1315 1266 1351 extitit,

262 1383 273 1396 υ
299 1370 401 1399 donec
426 1369 575 1399 videlieet
605 1369 642 1398 de
665 1369 730 1399 alio
753 1369 954 1399 monasterio
975 1369 1204 1407 provideretur
1222 1369 1270 1398 ei-

261 1436 273 1450 »
297 1424 381 1453 dem.
410 1425 446 1453 In
477 1424 571 1462 cujus
597 1424 643 1453 rei
675 1423 921 1458 testimonium⁷
947 1426 1118 1461 presentes
1141 1422 1270 1452 litteras

262 1489 267 1502 )

300 1481 429 1506 nostras
447 1476 522 1506 inde
541 1476 601 1505 tibi
618 1476 844 1506 concessimus
859 1480 971 1506 nostro
986 1475 1096 1513 sigillo
1110 1475 1268 1504 nnlnitas.

261 1541 274 1555 »
300 1530 372 1559 Dat.
404 1529 532 1567 Capue,
566 1530 663 1558 nonis
695 1529 868 1564 Januarii,
902 1529 1114 1568 pontificatus
1144 1528 1270 1558 domini

300 1582 478 1612 Alexandri
494 1592 576 1621 pape
593 1584 661 1612 1111
679 1592 765 1612 anno
785 1583 938 1612 secundo.
964 1595 976 1609 »

300 1635 393 1665 Nulli
417 1639 476 1665 ete.
503 1639 613 1665 nostre
637 1635 900 1665 confirmationis
924 1639 984 1664 etc.
1008 1636 1081 1664 Dat.
1103 1635 1268 1666 Laterani.

260 1689 319 1718 XV
337 1688 494 1718 kalendas
510 1688 632 1717 martii.
652 1698 738 1717 anno
756 1688 912 1717 secundo.

262 1595 267 1608 )

336 1874 354 1901 1
369 1874 455 1901 ¹50
822 1872 932 1906 [Ain-an,
955 1874 983 1899 18
999 1873 1102 1900 fevi-ier
1122 1873 1196 1899 1256.

299 1937 429 1971 Philippo
446 1937 479 1962 de
497 1937 526 1963 S.
545 1936 647 1967 Cruce,
665 1938 827 1971 protoutino
845 1936 936 1963 Baroli
954 1942 981 1963 ct
1000 1937 1155 1972 Monopoli,
1169 1938 1271 1964 confir-

261 1991 316 2013 mat
332 1987 550 2011 concessionem
568 1985 705 2011 casalium
723 1985 757 2011 de
772 1985 895 2011 Tei-licio
912 1990 939 2012 ot
956 1986 1090 2012 Aricarro
1104 1987 1129 2012 in
1144 1987 1271 2020 justitia-

261 2039 322 2060 ratu
339 2035 460 2060 sitorum
488 2038 580 2060 terrae
604 2033 756 2066 Barensis,
775 2043 857 2068 quam
887 2035 1030 2068 quondam
1057 2034 1227 2062 Fredericus
1245 2036 1271 2062 II

260 2082 416 2116 imperator
439 2082 514 2116 apud
540 2082 708 2108 laaudunum
733 2091 832 2108 mense
848 2082 1011 2109 decembris
1027 2082 1271 2110 MCCXXXVIH

259 2131 382 2157 eontulit
400 2131 564 2164 privilegio,
582 2130 789 2165 Jolnmnesqne
807 2131 916 2164 Bonus,
936 2132 1135 2158 Anconitanus
1157 2133 1271 2167 episco-

261 2188 330 2214 pus,
354 2180 501 2206 Octaviani
529 2180 682 2206 eat-‹linalis
709 2184 737 2206 et
762 2180 845 2213 legati
872 2181 996 2206 vicarius
1019 2182 1176 2215 generalis,
1194 2182 1270 2216 apud

259 2228 384 2254 Trannm
401 2228 454 2254 llll
472 2228 607 2254 kalendas
623 2229 741 2261 angusti
760 2228 884 2255 MCCLV
897 2229 931 2254 dc
945 2238 1016 2255 novo
1031 2229 1107 2256 fecit.
1124 2230 1207 2262 (1250.
1224 2230 1268 2262 Pi,

260 2276 279 2302 s.
301 2277 362 2306 1¹14,
379 2286 444 2303 ann.
462 2276 503 2308 ΙΙ,
525 2285 550 2303 c.
578 2276 646 2308 123.)

303 2390 314 2403 κ
333 2378 432 2406 Nobili
451 2379 515 2405 viro
534 2379 681 2415 l'ltplippo
698 2378 730 2406 [Ie
747 2379 860 2407 Sancta
878 2380 986 2414 Crnce,
1011 2381 1194 2416 protantino
1213 2381 1269 2408 Βα-

260 2431 320 2458 roli
336 2435 360 2458 cl
381 2430 544 2467 Monopoli,
567 2430 650 2467 fideli
673 2436 782 2459 noso-0.
805 2431 1023 2467 Exigentibus
1046 2435 1098 2461 tue
1123 2431 1270 2461 devotio-

262 2482 314 2511 nis
331 2500 378 2510 —.
397 2483 435 2511 ln
457 2475 567 2511 ndstra
590 2483 755 2521 siquidem
775 2483 975 2513 constitutus
994 2484 1160 2521 presentia
1180 2488 1270 2514 retu-

261 2535 346 2569 listi,
366 2535 467 2573 quod,
489 2544 562 2563 cuni
580 2535 744 2573 quondam
766 2536 960 2566 Fredericus
984 2537 1174 2575 imperator,
1192 2537 1270 2567 dun]

262 2586 369 2616 adhuc
396 2587 429 2615 in
458 2587 636 2624 apostolice
665 2588 759 2617 Sedis
792 2588 964 2618 devotione
992 2589 1203 2627 persisteret,
1231 2590 1269 2619 de

261 2640 403 2669 Tei-licio
429 2644 457 2669 et
486 2640 640 2670 Aricarro
665 2641 787 2670 casalia
813 2641 875 2671 sita
903 2642 937 2670 in
959 2641 1185 2681 justitian-atus
1206 2642 1268 2681 (sic)

263 2697 348 2722 terre
375 2692 534 2722 Barensis
561 2702 635 2721 cuni
659 2693 792 2732 juribus
820 2698 851 2723 et
873 2694 1086 2734 pertinentiis
1110 2694 1180 2724 suis
1208 2695 1269 2724 tibi

263 2745 396 2783 tuisque
421 2744 601 2775 heredibus
626 2746 659 2775 in
683 2751 894 2784 perpetuum,
920 2751 1016 2784 prout
1039 2747 1207 2785 spectabat
1230 2747 1270 2777 ad

262 2806 352 2832 eum,
371 2797 571 2827 liberalitate
588 2798 747 2828 munifica
763 2803 793 2828 et
811 2799 947 2836 provida
963 2799 1175 2835 contulisset,
1197 2804 1270 2830 tan-

263 2850 336 2880 dem
359 2850 560 2880 venerabilis
583 2851 687 2880 frater
706 2857 817 2881 noster
838 2875 874 2887 ..,
894 2852 1068 2890 episeopus
1088 2853 1270 2883 Anconita-

262 2912 341 2938 nus,
367 2908 445 2933 tunc
472 2904 507 2932 in
534 2904 684 2942 partibus
707 2904 776 2933 illis
801 2905 967 2941 generalis
989 2905 1136 2935 vicarius
1157 2905 1270 2936 dilecti

262 2956 325 2985 filii
345 2957 449 2986 nostri
470 2957 507 2986 O.
529 2960 641 2986 sancte
662 2957 765 2987 Marie
785 2957 819 2986 in
836 2958 897 2987 Via
914 2959 994 2987 Lata
1015 2958 1145 2988 diaconi
1162 2959 1270 2988 cardi-

986 297 1225 329 REGISTRES
1247 296 1555 328 D'ALEXANDRE
1578 299 1634 329 lv.

1351 362 1438 393 nalis
1454 363 1489 393 in
1507 373 1607 402 regno
1627 364 1741 395 Sicilie
1765 363 1944 402 apostolice
1963 364 2059 394 Sedis
2077 364 2194 402 legati,
2211 365 2251 395 de
2268 374 2364 396 man-

1351 415 1426 446 dato
1460 421 1491 446 et
1526 417 1722 447 auctoritate
1754 417 1862 455 ipsius
1889 416 2081 456 hujusmodi
2113 418 2363 449 concessionem

1351 469 1564 504 confirmans,
1590 469 1630 498 ad
1661 473 1749 499 tuam
1778 468 2006 508 heredumque
2037 473 2168 499 tuorum
2197 470 2363 502 cautelam

1350 522 1514 560 premissa
1539 522 1597 551 tibi
1621 527 1651 552 et
1671 522 1850 552 heredibus
1869 522 1993 552 eisdem
2015 522 2054 552 de
2079 532 2162 553 novo
2185 524 2361 560 concessit,

1351 579 1446 613 prout
1472 576 1506 605 in
1531 576 1722 614 patentibus
1750 575 1872 606 litteris
1897 576 2004 614 ipsius
2031 576 2176 615 episcopi
2201 577 2363 608 consectis

1352 627 1469 657 exinde
1495 627 1626 666 plenius
1655 628 1855 658 continetur.
1884 629 1953 658 Nos
1981 629 2111 668 itaque,
2141 629 2208 659 tuis
2234 629 2362 660 devotis

1352 680 1652 718 supplicationibus
1675 680 1844 716 inclinati⁷
1872 681 1959 720 quod
1984 682 2024 710 ab
2050 682 2163 711 eodem
2187 682 2362 713 Frederico

1352 737 1383 763 et
1405 733 1558 772 episcopo
1582 742 1681 772 super
1706 734 1766 763 hoc
1792 734 1926 772 provide
1953 735 2076 764 sactum
2103 739 2168 769 est,
2196 739 2307 765 ratum
2330 739 2363 766 et

1352 786 1485 816 firmum
1511 785 1687 821 habentes,
1711 786 1744 816 id
1766 786 1961 816 auctoritate
1983 787 2163 825 apostoliea
2185 787 2363 818 confirma-

1352 848 1425 869 mus
1440 843 1501 869 etc.
1517 848 1622 878 usque
1639 849 1644 868 :
1661 840 1917 869 communimus.
1931 841 2093 870 Tenorem
2108 844 2217 870 autern
2233 839 2364 870 littera-

1352 902 1424 922 rutn
1446 892 1593 930 ipsarum
1610 893 1648 922 de
1666 893 1764 923 verbo
1781 893 1820 922 ad
1838 892 1972 922 verbum
1991 893 2202 931 presentibus
2221 893 2363 924 fecimus

1352 945 1516 980 annotari,
1535 945 1592 984 qui
1613 945 1688 975 talis
1705 950 1751 975 est
1775 956 1780 974 :

1937 1011 2039 1045 Τιέιηί,
2055 1011 2089 1038 '20
2102 1013 2196 1046 juittet
2212 1012 2291 1040 ¹255.

1394 1086 1407 1099 α
1429 1075 1496 1103 Nos
1517 1074 1689 1105 Jobannes
1708 1075 1836 1109 Bonuse
1857 1074 2070 1104 miseratione
2087 1074 2199 1104 divina
2217 1074 2365 1105 Anconi-

1356 1138 1368 1152 »
1394 1130 1491 1156 tanus
1507 1127 1692 1165 episcopus,
1709 1127 1910 1158 xva-ncratiilis
1927 1127 2031 1166 patris
2045 1127 2171 1157 domini
2185 1127 2236 1163 0.‚
2249 1131 2364 1158 sancte

1356 1190 1368 1204 »
1394 1178 1498 1208 Mai-ie
1512 1179 1546 1208 in
1560 1179 1621 1208 Via
1638 1180 1717 1209 Lata
1731 1179 1862 1208 diaconi
1879 1179 2060 1209 cardinalis
2075 1179 2254 1218 apostolice
2267 1180 2364 1211 Sedis

1356 1243 1368 1257 υ
1393 1231 1509 1269 legati,
1528 1231 1562 1260 in
1586 1236 1672 1261 terra
1697 1232 1775 1261 Bari
1793 1237 1823 1261 et
1851 1236 1937 1262 terra
1963 1232 2102 1262 Ydentri
2129 1233 2193 1271 (sic)
2217 1233 2364 1263 vicarius

1355 1296 1367 1310 »
1393 1284 1570 1321 generalis⁷
1588 1289 1701 1314 notum
1714 1285 1855 1314 facimus
1868 1285 2035 1315 universis
2048 1290 2218 1324 presentes
2234 1285 2364 1316 litteras

1355 1349 1368 1363 n
1393 1337 1611 1374 inspecturis,
1633 1337 1719 1376 quod
1744 1337 1929 1376 Phylippus
1951 1337 1989 1367 de
2009 1338 2128 1368 Sancta
2145 1338 2266 1373 Cruoe,
2287 1346 2365 1377 pro-

1356 1402 1368 1416 »
1394 1390 1543 1430 tontinus
1562 1389 1674 1419 Baroli
1691 1394 1722 1420 et
1741 1390 1924 1428 Monopoli,
1947 1390 2149 1428 presentavit
2166 1390 2261 1421 nobis
2277 1390 2365 1430 apud

1355 1455 1367 1470 »
1392 1444 1537 1473 Tranum
1552 1443 1716 1482 quoddam
1737 1443 1950 1481 privilegitnn
1970 1443 2135 1473 indultum
2156 1444 2221 1474 sibi
2238 1447 2270 1474 et
2290 1443 2362 1474 suis

1354 1508 1367 1523 »
1392 1496 1571 1526 heredibus
1588 1506 1605 1525 a
1621 1496 1755 1525 domino
1772 1496 1946 1526 Frederico
1962 1496 2128 1534 qnondam
2146 1497 2357 1535 imperatore,

1354 1561 1367 1576 ι)
1393 1549 1487 1588 cujus
1506 1549 1712 1579 continentia
1728 1549 1803 1579 talis
1820 1553 1867 1579 est
1890 1559 1896 1578 ε

2035 1629 2195 1656 Decembre
2212 1629 2291 1657 ¹238.

1395 1704 1407 1718 ιι
1438 1690 1632 1720 Fredericus
1663 1694 1724 1720 etc.
1757 1691 1880 1720 Notum
1912 1690 2052 1720 facimus
2080 1690 2248 1721 universis
2276 1691 2365 1730 quod

1355 1757 1367 1771 »
1393 1753 1464 1779 nos,
1478 1744 1686 1774 attendentes
1699 1743 1869 1774 fidelitatis
1882 1748 1909 1774 et
1924 1743 2110 1774 devotionis
2119 1743 2363 1782 plenitudinem

1355 1809 1367 1824 n
1393 1806 1491 1836 quam
1511 1796 1696 1835 phylippus
1713 1797 1751 1826 de
1768 1796 1887 1826 Sancta
1904 1796 2124 1831 C1·uce‚tilius
2141 1796 2306 1827 Senoricii
2321 1796 2362 1827 de

1355 1862 1367 1876 »
1393 1849 1571 1887 Monopoli,
1584 1849 1692 1878 tidelis
1706 1854 1828 1884 noster,
1843 1853 2033 1879 constanter
2046 1849 2238 1879 exhibuisse
2249 1849 2362 1888 gnovi-

1355 1915 1367 1929 »
1393 1912 1477 1936 mus,
1492 1902 1531 1931 ad
1543 1901 1818 1940 supplicationem
1833 1902 1946 1931 fratris
1961 1902 2142 1931 liei-manni
2155 1902 2272 1932 domus
2281 1903 2363 1933 Hos-

1355 1968 1368 1981 »
1393 1954 1505 1993 pitalis
1526 1959 1638 1983 sancte
1662 1955 1766 1984 Marie
1786 1954 2090 1984 'l'heutltonicornm
2109 1955 2141 1983 in
2161 1955 2361 1991 Jerusalem,

1356 2020 1368 2034 »
1394 2009 1511 2038 damus
1532 2012 1562 2037 et
1586 2007 1797 2037 concedimus
1815 2007 1920 2037 eidem
1944 2007 2108 2045 I‘bylippo
2125 2012 2155 2037 et
2179 2008 2249 2037 suis
2266 2007 2364 2038 here-

1356 2074 1368 2088 »
1394 2061 1491 2091 dibus
1513 2061 1547 2090 in
1567 2064 1761 2099 perpetuum
1779 2060 1958 2090 Tei-licium
1982 2065 2010 2089 et
2029 2060 2222 2090 Arricarum
2242 2061 2306 2091 sita
2327 2061 2363 2091 in

1356 2127 1368 2141 »
1395 2119 1481 2145 terra
1499 2113 1575 2143 Bari
1594 2122 1668 2143 eum
1682 2113 1837 2143 omnibus
1853 2113 2056 2142 bominibus.
2068 2113 2202 2152 juribus
2217 2117 2247 2143 et
2264 2113 2363 2152 perti-

1356 2180 1368 2194 »
1394 2167 1519 2197 nentiis
1536 2176 1660 2201 eorum,
1680 2166 1724 2195 ita
1745 2171 1853 2196 tamen
1870 2170 1903 2195 ut
1925 2176 1941 2195 a
1962 2166 2057 2195 nobis
2075 2166 2108 2195 in
2126 2166 2232 2204 capite
2254 2170 2361 2197 teneat

1356 2233 1368 2247 »
1395 2220 1481 2259 quod
1503 2219 1681 2249 Tei-licium
1706 2228 1723 2248 a
1746 2219 1903 2248 comitatu
1928 2219 2010 2248 Licii
2036 2219 2191 2249 duximus
2215 2219 2365 2250 eximen-

1357 2285 1369 2299 υ
1394 2273 1470 2316 dum
1486 2282 1491 2301 :
1509 2281 1564 2310 pro
1578 2281 1718 2310 quorum
1731 2271 1877 2301 servitio.
1893 2272 1931 2301 de
1944 2271 2054 2310 equite
2070 2280 2134 2301 uno
2147 2276 2178 2301 et
2191 2271 2364 2303 balistario

1356 2338 1368 2351 »
1394 2334 1459 2355 uno
1476 2334 1510 2355 se
1527 2329 1558 2354 et
1577 2324 1714 2354 heredes
1732 2334 1808 2353 suos
1821 2325 1912 2354 curie
1930 2328 2041 2354 nostre
2058 2325 2089 2353 in
2105 2324 2254 2362 generali
2268 2325 2364 2363 regni
2408 2363 2412 2366 .
2451 2324 2455 2327 '

1356 2390 1368 2405 »
1394 2378 1539 2409 exercitu
1565 2378 1656 2416 juxta
1687 2377 1961 2406 csmsnetudinem
1992 2377 2085 2414 regni
2116 2377 2241 2408 servire
2268 2386 2364 2408 man-

1355 2443 1368 2458 »
1393 2431 1509 2461 damus
1539 2431 1576 2460 de
1604 2430 1709 2467 gratia
1740 2430 1886 2468 speciali.
1921 2431 1994 2460 Non
2026 2430 2177 2460 obstante
2207 2430 2296 2469 qnod
2323 2430 2363 2461 de

1355 2483 1535 2513 »hiisdem
1562 2482 1643 2512 loeis
1671 2483 1777 2522 majus
1808 2482 1980 2511 servitium
2011 2486 2098 2512 esset
2129 2487 2239 2513 nostre
2271 2483 2363 2514 curie

1355 2548 1368 2563 »
1394 2536 1592 2566 faciendum.
1609 2535 1704 2565 Unde
1719 2535 1918 2565 adfuturam
1933 2535 2125 2564 memoriam
2143 2540 2174 2566 et
2189 2535 2242 2565 sui
2255 2539 2287 2566 el:
2302 2535 2364 2567 he-

1355 2601 1368 2616 »
1392 2589 1506 2619 redum
1526 2588 1704 2622 cautelam,
1723 2597 1860 2626 presens
1876 2587 2089 2625 privilegium
2105 2588 2170 2617 sibi
2188 2588 2262 2619 fieri
2279 2589 2362 2619 feci-

1355 2654 1368 2668 »
1394 2650 1478 2677 mus,
1495 2640 1604 2677 sigillo
1622 2645 1732 2670 nostre
1750 2640 1960 2670 celsitudinis
1979 2640 2133 2670 duximus
2149 2641 2360 2671 communiri.

1355 2707 1368 2722 »
1393 2697 1467 2725 Dat.
1492 2694 1577 2732 apud
1604 2694 1814 2728 Latulunu111‚
1833 2702 1920 2723 anuo
1936 2693 2100 2724 dominice
2119 2693 2362 2725 incarnationis

1355 2761 1368 2775 n
1393 2748 1722 2783 31⁰CC⁰xxx0V1110,
1734 2756 1847 2777 meuse
1860 2746 2056 2781 decembris,
2066 2747 2128 2777 xl·
2140 2747 2334 2778 indictione.
2345 2758 2358 2774 ιι

1395 2867 1408 2881 (ι
1426 2855 1494 2884 Nos
1511 2854 1628 2891 igitur,
1647 2853 1855 2883 attendentes
1873 2857 1964 2890 grata
1988 2852 2126 2883 servitia
2149 2856 2180 2882 et
2195 2852 2362 2883 sinceram

1354 2920 1368 2935 η
1393 2907 1601 2937 devotionem
1627 2911 1657 2936 et
1684 2915 1800 2944 puram
1822 2905 1919 2934 fidem
1943 2914 2042 2944 quam
2064 2905 2151 2935 idem
2175 2905 2360 2944 phylippus

1355 2972 1368 2987 »
1393 2968 1469 2997 erga
1489 2960 1673 2989 Romanam
1690 2958 1871 2988 Ecclesiam
1890 2963 2028 2988 matrem
2046 2957 2195 2987 exhibuit
2214 2961 2245 2988 et
2260 2957 2295 2987 in
2311 2957 2362 2988 fu—
