2498 3325
242 273 298 301 388
966 260 1205 293 REGISTRES
1227 259 1534 291 D'ALEXANDRE
1557 262 1612 291 IV.

244 337 312 367 nati,
331 335 469 367 indulget,
488 336 516 358 ut
532 332 699 366 capellanus
720 332 785 364 ejus
803 330 828 355 in
845 328 1008 355 sacerdotio
1027 327 1204 353 constitutos
1222 326 1248 351 in

245 385 397 412 nonnullos
421 383 523 408 fratres
539 386 566 407 et
582 388 740 406 conversos
756 378 934 404 obedientiae
952 378 1055 411 jugum
1073 376 1186 401 abicere
1203 383 1249 400 sa-

245 437 386 467 tagentes,
404 432 428 457 ei
445 429 637 456 obedientiam
663 432 690 454 et
708 427 895 453 reverentiam
913 426 1036 452 debitam
1059 429 1202 459 praestare
1218 431 1251 450 ac

241 485 324 517 Juxta
342 481 472 506 instituta
489 478 599 503 ordinis
622 477 781 510 regularem
799 475 976 507 denegantes
995 474 1144 507 suscipere
1162 472 1251 498 disci-

245 530 360 564 plinam,
392 526 702 553 excommunicationis
733 524 906 550 sententiam
937 521 1118 557 promulgare
1150 521 1251 547 vah-at.

244 578 325 614 (nso,
344 576 386 607 'tl-l,
405 576 423 603 f.
444 576 514 605 109&
530 583 598 601 anu.
617 573 653 604 II,
670 582 695 600 c.
713 572 788 604 ¹248.)

287 692 297 704 ι(
372 679 517 714 inayislro
535 677 654 705 ordinis
677 675 905 710 Cricciferornni
926 674 1135 702 Bononiensis.
1162 671 1252 701 Reli—

247 731 354 767 g-vionis
386 731 476 759 l'aror
502 728 563 757 sub
588 745 634 757 -.
663 728 734 756 Dat.
764 726 930 759 Laterani,
963 726 989 755 Υ
1023 725 1096 754 idus
1123 724 1250 762 aprilis,

246 794 332 814 anno
349 783 503 813 siwindo.
526 795 537 807 ›·

322 965 340 991 Ι
351 964 437 992 298

286 1027 419 1061 [ilenrico
437 1025 483 1058 Ill,
502 1025 639 1059 episcopo
655 1023 782 1054 Lucano,
801 1026 922 1048 testatur
939 1033 944 1047 z
962 1030 1027 1047 cum
1049 1020 1155 1051 Pisani,
1174 1024 1203 1046 ut
1219 1020 1253 1045 ab

837 959 949 989 Lati-an,
967 958 1000 984 ‘28
1015 958 1084 984 avril
1105 957 1180 985 ἱῗῖιῦ,

248 1074 545 1102 excommunicatione
566 1072 795 1103 absolverentur,
819 1071 969 1105 petierint,
995 1071 1056 1104 ipse
1075 1073 1169 1095 autem
1189 1077 1254 1103 pro-

250 1124 379 1160 posuerit
401 1127 465 1148 ante
487 1121 700 1148 restitutionem
723 1125 882 1146 castrorum
907 1119 1046 1145 ecclesiae
1069 1118 1200 1145 Lucanae
1221 1118 1255 1143 al)

249 1174 291 1199 eis
307 1175 511 1206 occupatorum
530 1169 700 1196 sententiam
716 1169 837 1194 relaxari
857 1176 911 1194 non
928 1167 1046 1197 debere,
1066 1175 1166 1201 papam
1189 1174 1255 1200 pro-

249 1221 398 1248 nuntiasse
417 1220 538 1246 l'isanos
560 1218 594 1244 ad
619 1219 706 1251 petita
730 1217 924 1242 admittendos
942 1225 996 1242 non
1014 1217 1083 1242 tore.
1109 1215 1192 1248 (lino.
1210 1214 1254 1244 ⁶24,

247 1272 264 1297 f.
286 1268 526 1300 163‚ann.11,c.
542 1267 604 1293 249.
620 1281 652 1285 -
672 1266 851 1298 Romaniano,
869 1269 888 1291 t.
908 1263 1220 1299 111,p.3¹.=0,110!i;5·2.)

290 1385 301 1398 ι(
324 1395 356 1405 ..,
380 1373 514 1408 episcopo
540 1371 668 1398 Luc-ano.
701 1369 783 1398 Cum
815 1371 970 1405 potestas,
999 1365 1177 1395 consilium
1205 1382 1253 1393 —.

248 1428 321 1456 Dat.
340 1424 505 1459 Laterani,
527 1424 591 1453 IIII
609 1422 768 1452 kalendas
786 1421 878 1455 maii,
898 1430 985 1450 anna
1003 1420 1157 1449 secundo.
1181 1432 1193 1445 »

326 1604 443 1632 1299

289 1667 393 1694 Abbati
411 1666 509 1692 Sancti
532 1665 711 1700 Simpliciani
737 1663 961 1690 Mediolanensis
984 1663 1099 1689 mandat
1122 1662 1259 1697 quatinus

844 1601 962 1631 Lati-an,
984 1601 1020 1626 lm*
1036 1600 1090 1625 mai
1111 1599 1185 1625 12:313.

252 1716 376 1743 Johanni
396 1715 513 1748 clerico,
531 1714 625 1748 nepoti
641 1713 771 1747 magistri
789 1712 1009 1742 Bai-tholomaei,
1027 1711 1154 1737 canonici
1168 1711 1259 1737 eccle-

254 1766 313 1792 siae
339 1765 437 1790 Sancti
462 1763 586 1789 Marcelli
613 1762 802 1793 Parisienffls,
827 1761 963 1795 capellani
988 1761 1079 1786 bonae
1105 1761 1260 1786 memoriae

255 1813 399 1840 Guillclmi
417 1812 515 1838 Sancti
533 1811 680 1837 Eustachii
698 1810 811 1836 diaconi
834 1809 998 1841 cardinalis,
1024 1808 1215 1843 praebendam
1234 1809 1259 1834 in

255 1861 377 1888 ecclesia
393 1860 490 1886 Sancti
511 1859 614 1886 Nazari
639 1860 665 1885 in
691 1858 786 1885 Brolio
808 1858 1015 1884 Mediolanensi
1030 1857 1179 1891 assignare
1198 1866 1260 1891 pro-

255 1913 337 1936 curet
352 1918 418 1935 eum
434 1909 517 1935 stallo
534 1908 625 1940 ebori,
643 1908 704 1934 loco
720 1907 838 1942 capituli
855 1911 883 1933 et
895 1907 971 1941 juris
989 1906 1165 1940 plenitudine
1183 1915 1263 1932 cano·

257 1959 329 1990 niae,
347 1959 423 1984 sicut
436 1959 495 1992 jam
512 1958 546 1983 ad
565 1957 728 1983 mandatum
746 1956 905 1982 innocentii
927 1964 1015 1990 papae
1032 1954 1072 1981 1V
1089 1955 1141 1981 ruit
1163 1963 1264 1989 recep—

256 2012 320 2039 tus,
347 2007 445 2033 eadem
467 2007 633 2040 receptione
657 2006 840 2039 postmodum
862 2007 995 2030 revocata
1019 2012 1034 2030 a
1055 2004 1263 2030 constitutione

257 2064 309 2082 sua
331 2057 513 2090 receptiones
536 2056 563 2081 in
587 2058 738 2080 vacaturas
760 2053 937 2088 praebendas
959 2053 1157 2088 expectaui-as
1182 2061 1263 2079 revo-

256 2109 349 2131 cante.
367 2104 449 2138 (Rae.
468 2104 509 2134 24,
529 2104 548 2129 f.
565 2103 627 2135 263,
644 2110 710 2129 ann.
729 2102 765 2134 ll,
781 2111 806 2128 c.
824 2102 898 2130 ⁵250.)

301 2218 313 2232 α
334 2229 366 2240 ..,
389 2206 490 2234 abbati
511 2206 618 2234 Sancti
632 2205 835 2242 Simpliciani
856 2204 1098 2233 Mediolanensis.
1121 2204 1213 2233 Sicut
1228 2212 1265 2232 ex

260 2263 350 2297 parte
367 2276 415 2287 —.
434 2259 506 2288 Dat.
522 2257 690 2292 Laterani,
703 2256 855 2286 kalendis
870 2256 960 2292 maii,
977 2265 1064 2286 anno
1081 2256 1235 2286 seeundo.
1251 2269 1262 2282 n

335 2444 354 2470 Ι
364 2442 454 2470 300

299 2505 529 2539 Archiepiscopo
545 2503 700 2530 Nazarensi
717 2503 860 2537 indulget,
880 2505 910 2529 ut
925 2502 999 2537 apud
1018 2503 1116 2529 Aecon
1133 2502 1265 2529 resideat.

261 2554 344 2587 (Rea.
360 2554 405 2583 24,
421 2553 439 2579 f.
459 2552 518 2584 ¹63,
535 2561 601 2578 ann.
618 2551 655 2583 Il,
671 2560 696 2578 c.
712 2551 787 2584 251.)

840 2440 954 2473 Lata-an,
971 2441 1004 2467 25
1021 2448 1098 2467 mars
1118 2440 1195 2468 ¹256.

305 2668 317 2682 «
348 2678 380 2690 ..,
409 2655 633 2692 archiepiscopo
656 2655 838 2683 Nazarensi.
867 2653 962 2688 Cum,
985 2653 1069 2683 sicut
1095 2657 1149 2682 tua
1173 2653 1268 2682 nobis

263 2708 457 2738 fraternitas
479 2707 664 2742 intimavit,
689 2706 775 2745 apud
800 2706 972 2736 ecelesiam
1004 2710 1093 2736 tuam
1123 2705 1269 2735 residere

265 2769 428 2800 nequeas,
454 2759 630 2798 presertim
656 2759 717 2789 hoe
743 2763 887 2797 tempore
912 2759 1003 2788 illam
1024 2758 1164 2797 paganis
1190 2758 1270 2788 deti-

265 2812 433 2848 nentibus,
453 2812 594 2842 Domino
609 2812 832 2850 permittente,
850 2820 921 2847 nos,
939 2812 1006 2842 tuis
1023 2810 1271 2850 supplicationi-

265 2866 327 2895 bus
350 2865 515 2899 inclinati,
534 2869 569 2894 ut
586 2864 672 2903 apud
690 2866 812 2899 Aceon,
831 2865 887 2894 ubi
904 2864 1090 2900 eeclesiam,
1108 2864 1221 2894 domos
1241 2867 1272 2894 et

265 2918 493 2956 possessiones
517 2921 547 2947 te
568 2917 689 2948 habere
706 2917 841 2953 asseris,
862 2918 983 2956 possis,
1000 2917 1140 2947 durante
1159 2917 1272 2955 hujus-

1332 325 1418 354 modi
1438 331 1593 364 tempore,
1612 334 1649 355 ea
1666 334 1729 364 que
1743 324 1990 364 jurisdictionis
2010 326 2098 357 sunt,
2119 322 2152 351 in
2173 326 2244 351 tuos
2261 320 2342 350 sub-

1331 378 1416 407 ditos
1434 387 1596 414 exercere,
1611 379 1669 408 tibi
1684 378 1879 408 auctoritate
1894 377 2099 416 presentium
2114 374 2339 413 indulgemus.

1332 429 1423 459 Nulli
1443 435 1503 460 etc.
1523 435 1634 461 nostre
1655 430 1882 461 concessionis
1900 434 1961 460 etc.
1980 430 2053 459 Dat.
2071 427 2239 461 Laterani,
2258 426 2341 457 VIII

1332 482 1491 512 kalendas
1510 483 1637 521 aprilis,
1659 492 1745 513 anno
1761 482 1917 513 secundo.
1937 494 1948 508 »

1407 648 1520 676 1:30¹

1371 709 1514 736 Unionem
1532 710 1711 737 diversarum
1729 710 1866 736 domuum
1884 709 2095 736 Heremitarum
2114 709 2140 734 in
2160 716 2247 734 unum
2264 707 2344 734 ordi-

1336 768 1411 790 nem,
1428 768 1442 784 a
1460 758 1508 790 R„
1526 759 1555 785 S.
1575 759 1680 792 Angeli
1695 758 1815 785 diacono
1831 757 1979 789 cardinali,
1996 758 2110 788 saetam,
2126 760 2152 782 et
2167 756 2345 783 erectionem

1335 808 1431 834 fratris
1455 807 1605 834 transi-anei
1628 808 1654 834 in
1682 808 1804 842 priorem
1831 807 1992 841 generalem
2017 806 2165 840 approbat.
2190 805 2274 837 (Rau.
2298 803 2346 837 24,

1336 856 1354 883 f.
1374 857 1431 886 163,
1449 865 1515 882 ann.
1534 856 1569 887 ll,
1584 860 1613 882 ¹0.
1630 856 1705 888 25³2.)

1955 647 2068 676 Latran.
2087 646 2100 673 li
2119 646 2174 672 mai
2192 646 2270 673 1256.

1378 971 1390 984 ι(
1469 960 1566 994 fratri
1589 959 1773 995 Lnnsranco,
1797 959 1948 995 perterriti,
1970 957 2215 994 provincialibus
2230 961 2256 985 ct
2273 964 2347 985 con-

1336 1013 1531 1041 ventualibus
1551 1013 1710 1050 prioribus
1727 1020 1762 1040 ac
1779 1012 1935 1040 universis
1950 1011 2102 1047 fratribus
2121 1010 2242 1039 ordinis
2256 1009 2349 1038 Here-

1337 1066 1486 1094 milarnm
1503 1067 1604 1094 sarzeia·
1623 1066 1804 1102 diluamini,
1827 1070 1886 1094 tani
1904 1065 2093 1102 presentibus
2108 1073 2199 1101 quam
2217 1063 2347 1100 suturis,

1336 1120 1463 1147 salutem
1488 1123 1540 1147 ete.
1568 1118 1657 1147 Licet
1682 1118 1821 1147 ecclesie
1843 1117 2004 1147 catholice
2027 1116 2253 1153 integritatem
2275 1124 2348 1145 cor-

1338 1171 1427 1209 poris
1444 1171 1496 1200 sui
1516 1171 1647 1200 sincera
1668 1170 1892 1200 membrorum
1915 1170 2092 1199 diversitas
2117 1168 2352 1198 subministret

1339 1229 1369 1254 et
1388 1224 1657 1253 circumamictus
1679 1224 1806 1262 species
1830 1223 2072 1262 multiplicibus
2091 1223 2124 1252 in
2145 1232 2182 1252 ea
2205 1221 2351 1252 varieta-

1339 1278 1428 1307 tibus
1456 1278 1640 1312 decoretur,
1665 1277 1769 1306 nichil
1796 1281 1906 1306 tamen
1931 1277 1965 1305 in
1991 1276 2063 1314 ipsa
2089 1275 2243 1314 exprimit
2271 1283 2352 1305 con-

1341 1331 1522 1360 trarietatis
1547 1331 1792 1364 incontinnum,
1814 1330 1849 1359 in
1870 1338 1935 1368 qua
1952 1338 2151 1372 consensum
2170 1328 2275 1358 nutrit
2297 1328 2352 1358 in-

1340 1383 1541 1413 extimabilis
1556 1383 1730 1412 concordia
1746 1383 1895 1412 caritatis
1909 1387 1938 1412 et
1954 1381 2161 1411 individuam
2176 1382 2263 1411 fovet
2278 1380 2353 1411 uni-

1340 1436 1509 1466 versitatis
1536 1436 1751 1465 conformitas
1776 1435 1919 1473 fideique
1948 1434 2146 1472 simplicitas
2174 1433 2351 1464 unitatem.

1338 1490 1463 1519 Verum
1488 1489 1576 1518 circa
1601 1488 1823 1518 edificationis
1850 1487 2012 1517 fabricam
2039 1496 2102 1525 que
2129 1486 2164 1516 in
2193 1485 2354 1524 templum

1340 1547 1491 1573 sanetum
1506 1543 1540 1571 in
1557 1542 1710 1574 Domino.
1726 1542 1954 1580 operariorum
1969 1541 2040 1580 ejus
2055 1540 2164 1570 studio
2181 1539 2352 1574 moliente,

1341 1596 1532 1631 sucerescit,
1546 1595 1712 1625 credimus
1727 1595 1860 1625 assidue
1876 1594 2126 1633 providendum,
2140 1598 2176 1623 ut
2192 1594 2226 1623 in
2243 1592 2355 1623 varie-

1342 1650 1467 1679 tatibus
1496 1649 1638 1687 partium
1665 1658 1727 1687 que
1756 1648 1795 1678 ad
1820 1648 1970 1677 decorent
1996 1651 2161 1677 structure
2187 1645 2355 1676 dominice

1342 1702 1554 1736 adhibentur,
1580 1701 1627 1731 sic
1654 1705 1809 1739 appareat
1834 1700 1991 1730 distincta
2014 1699 2206 1733 diversitas,
2227 1702 2262 1728 ut
2286 1705 2354 1728 non

1343 1755 1385 1784 sit
1409 1754 1562 1784 confusio
1585 1754 1781 1788 indisereta,
1801 1762 1860 1783 nec
1877 1752 2016 1782 alterius
2032 1752 2139 1782 forma
2155 1751 2357 1789 inoportuna

1343 1807 1629 1837 consimilitudine
1645 1807 1787 1844 speeiem
1805 1805 1975 1844 protendat
1991 1804 2140 1834 alterius.
2152 1803 2208 1833 scd
2221 1802 2355 1841 singula

1344 1870 1473 1900 queque
1490 1865 1615 1890 certum
1634 1859 1758 1898 proprii
1781 1859 1868 1888 modi
1890 1858 2040 1888 ordinem
2064 1857 2258 1887 sortiantur.
2285 1857 2356 1886 Hac

1345 1923 1425 1943 sane
1443 1912 1709 1943 consideratione
1726 1911 1933 1945 commoniti,
1951 1920 2025 1939 eum
2043 1919 2188 1940 consona
2209 1909 2244 1938 in
2261 1908 2357 1939 vobis

1346 1966 1592 1996 Here1nita1·um
1623 1965 1799 2003 appellatio
1827 1969 1857 1994 et
1885 1973 2001 2002 parum
2032 1963 2163 1993 diversa
2192 1961 2358 2001 professio

1346 2019 1536 2058 disparibus
1561 2018 1667 2048 titulis
1693 2024 1723 2048 et
1749 2019 1782 2047 in
1807 2017 1976 2056 aliquibus
1999 2015 2157 2046 dissimili
2180 2015 2357 2045 habituum

1347 2081 1495 2102 scemaee
1525 2072 1742 2110 discreparet,
1767 2070 1986 2108 cogitavimus
2013 2077 2132 2107 sponse
2157 2067 2296 2103 Christi,
2320 2067 2357 2096 in

1348 2125 1442 2164 cujus
1455 2129 1544 2155 veste
1557 2125 1611 2163 pia
1623 2134 1714 2154 sacre
1728 2124 1901 2161 religionis
1914 2123 2061 2160 depinxit
2074 2121 2253 2156 institutio,
2265 2124 2359 2151 cetus

1348 2182 1475 2207 vestros
1492 2177 1682 2211 convenire,
1701 2177 1810 2206 decori
1823 2177 1851 2205 si
1865 2176 2022 2213 religiosa
2036 2175 2156 2204 militie
2170 2178 2277 2204 vestre
2289 2181 2359 2203 cas-

1348 2235 1414 2266 tra,
1433 2240 1497 2269 que
1513 2230 1574 2260 sub
1592 2240 1657 2259 uno
1676 2229 1834 2260 vocabulo
1858 2238 1923 2258 non
1947 2237 2066 2265 magna
2091 2227 2267 2265 discipline
2289 2226 2360 2256 dis-

1349 2284 1455 2313 tantia
1477 2283 1682 2316 secernebat,
1709 2283 1769 2312 sub
1798 2282 1966 2312 communi
1991 2281 2097 2319 rapite
2126 2280 2161 2309 in
2190 2278 2360 2310 differenti

1349 2337 1653 2375 concorporationis
1683 2336 1795 2366 sedere
1821 2336 2053 2375 jungerentur,
2085 2338 2116 2364 et
2141 2342 2180 2364 ex
2206 2332 2361 2371 pluribus

1350 2390 1477 2425 cuneis,
1496 2389 1584 2419 acies
1598 2399 1665 2419 una
1680 2393 1895 2427 consurgeret
1912 2388 2039 2423 fortior,
2056 2387 2096 2416 ad
2109 2385 2247 2416 hostiles
2264 2383 2361 2424 spiri-

1351 2443 1451 2473 tualis
1468 2443 1617 2482 nequitie
1633 2443 1776 2481 impetus
1796 2441 2026 2472 conterendos.

1393 2508 1405 2522 »
1433 2497 1611 2534 Propterea
1634 2496 1757 2525 dudum
1780 2504 1798 2525 a
1818 2495 1914 2525 nobis
1931 2493 2124 2524 mandatum
2143 2491 2362 2531 apostolicum

1351 2549 1533 2583 emanavit,
1552 2553 1587 2578 ut
1603 2549 1641 2579 de
1659 2549 1802 2586 singulis
1818 2548 1971 2578 domibus
1988 2546 2118 2581 vestris,
2130 2553 2271 2584 quarum
2284 2551 2363 2584 que-

1351 2603 1425 2632 dam
1446 2602 1553 2632 sancti
1569 2602 1756 2638 Gusslelmi,
1776 2602 1918 2641 quedam
1938 2600 2045 2630 saneti
2061 2598 2258 2637 Augustini,
2277 2605 2363 2628 non-

1351 2655 1442 2685 nulle
1454 2659 1564 2685 autem
1576 2655 1689 2685 fratris
1698 2655 1864 2686 ,lobannis
1873 2653 1969 2688 Boni,
1979 2653 2090 2691 alique
2099 2660 2176 2682 vero
2186 2651 2225 2681 de
2235 2649 2362 2685 Fabali,

1353 2708 1417 2739 alie
1442 2717 1519 2739 vero
1543 2709 1581 2738 de
1605 2709 1765 2738 Brictinis
1788 2707 2021 2741 censebantur,
2042 2710 2073 2736 et
2100 2704 2186 2743 apud
2208 2703 2363 2734 homines

1353 2761 1519 2800 ambiguis
1543 2761 1711 2792 interdum
1735 2759 2041 2799 nuncupationibus
2063 2757 2275 2792 vacillabant,
2299 2755 2365 2786 duo

1352 2815 1473 2845 fratres
1488 2824 1561 2844 eum
1576 2814 1672 2853 pleno
1687 2813 1841 2844 mandato
1855 2813 1895 2843 ad
1910 2816 2057 2842 nostram
2071 2811 2284 2840 mitterentur
2293 2816 2365 2848 pre-

1353 2867 1514 2901 sentiam,
1541 2868 1628 2906 quod
1654 2872 1767 2897 nostra
1792 2867 1880 2896 circa
1907 2874 1964 2895 vos
1992 2863 2171 2894 salubriter
2195 2861 2366 2894 ordinaret

1353 2919 1539 2958 dispositio,
1558 2920 1736 2959 recepturi.
