2441 3330
178 231 215 260 84
903 223 1142 255 REGISTRES
1164 221 1472 254 D'ALEXANDRE
1495 224 1548 254 IV.

177 298 343 330 continue,
361 298 534 333 postquam
553 292 774 331 predictorum
792 291 924 329 plenam
941 289 1186 328 possessionem

178 349 309 379 fueritis
326 346 481 379 assecuti,
497 346 532 375 in
546 345 615 375 loco
631 345 702 383 ipso
719 344 939 373 munitionem
955 344 1063 373 facere
1079 347 1109 372 et
1126 341 1186 371 ibi-

178 402 249 431 dem
274 400 330 430 XL
353 399 482 438 equites
505 397 626 427 habere
653 396 833 427 teneamini
865 396 897 425 in
921 395 1022 425 armis
1052 394 1185 425 assidue

178 464 235 493 pro
251 441 444 483 defensione
464 451 609 481 nominis
626 449 818 483 christiani,
838 458 874 478 ac
893 448 1003 478 abbati
1022 452 1053 478 et
1071 456 1186 476 mona-

177 507 249 537 chis
266 505 372 544 ipsius
389 504 581 534 monasterii
600 503 654 542 qui
673 506 862 541 supersunt,
875 501 967 540 juxta
985 499 1185 531 venerabilis

176 559 290 590 fratris
314 558 419 587 nostri
499 555 739 594 archiepiscopi
759 554 935 593 'l‘yrensis,
954 558 983 583 vt
1004 553 1115 583 dilecti
1138 552 1185 582 iili

179 637 211 648 ..,
241 611 370 642 abbatis
399 614 511 640 sancte
541 609 643 639 Marie
671 608 709 638 de
736 607 830 638 Valle
857 606 1031 644 Josaphat,
1058 606 1186 636 ordinis

177 664 282 695 sancti
301 662 486 698 Benedicti,
506 662 615 692 Accon
631 659 881 691 commin-antis,
899 658 950 688 vel
968 667 1081 688 eorum
1105 657 1187 687 alte-

177 719 247 747 rius
261 716 436 746 arbitrium
451 719 558 744 tamen
575 713 766 748 teneamini,
781 712 887 751 quoad
901 712 1054 746 vixerint,
1071 711 1137 740 nisi
1151 711 1184 739 in

177 771 253 801 aliis
271 769 350 799 locis
367 768 534 805 religiosis
551 767 699 797 collocati
720 766 857 800 fuerint,
875 765 1031 795 exhibere
1047 765 1135 804 quod
1149 773 1185 793 ex

177 824 224 853 eis
240 822 367 861 possint
381 829 525 858 congrue
539 819 729 850 sustentari.
747 819 839 849 Nulli
854 823 914 849 etc.
930 822 1041 849 nostre
1055 826 1185 848 conces-

177 877 282 907 sionis
297 880 356 906 etc.
375 876 447 905 Dat.
461 873 612 912 Neapoli,
628 872 780 903 kalendis
794 872 921 910 aprilis,
937 881 1024 902 anno
1036 871 1154 910 primo.
1170 884 1183 897 1)

247 1049 334 1078 312
756 1043 874 1078 Nuples,
891 1043 923 1070 30
941 1051 1017 1070 mars
1034 1042 1112 1070 1255.

213 1111 365 1138 Universis
381 1109 525 1144 prioribus
541 1107 736 1134 Cartusiensis
751 1106 860 1132 ordinis
879 1105 1018 1139 indulget,
1036 1105 1185 1131 absolvant

177 1166 352 1194 suspensos,
370 1157 539 1184 interdictos
559 1159 608 1182 aut
628 1155 893 1181 excommunicatos
909 1155 957 1188 qui
978 1154 1099 1188 collegio
1115 1154 1184 1180 Car-

177 1207 300 1234 tusicnsi
316 1205 467 1239 aggregari
485 1204 594 1230 volunt.
610 1203 693 1236 (Rro.
709 1203 751 1232 ²24,
769 1211 795 1229 c.
811 1202 878 1233 ‘2ss6,
896 1202 914 1228 f.
933 1202 1000 1235 34v.)

219 1322 229 1334 «
299 1308 436 1337 θαι-111311)
452 1311 476 1334 el
493 1306 647 1334 universis
661 1305 818 1342 prioribus
834 1305 1038 1333 Carlusirnsis
1053 1305 1181 1333 ordinis.

176 1360 317 1392 Celes-tis
334 1368 425 1389 amor
442 1358 545 1396 patrie
561 1375 610 1386 —-.
632 1357 783 1387 Procedit
799 1366 836 1386 ex
852 1357 914 1387 hoc
930 1357 1016 1396 quod
1035 1367 1094 1387 1105
1112 1366 1186 1387 ves-

177 1415 237 1443 tris
258 1413 321 1451 piis
341 1411 558 1451 petitionibus
578 1411 724 1440 savorem
741 1410 855 1447 largiri
872 1410 1062 1440 benivolum
1078 1410 1187 1440 delec-

176 1471 296 1501 tantes,
311 1465 453 1495 maxime
470 1473 543 1493 cum
561 1473 597 1493 ex
614 1463 785 1502 apostolici
803 1472 881 1492 cura
898 1467 1071 1493 teneamur
1086 1464 1187 1493 officii

177 1520 264 1549 circa
284 1518 457 1555 religionis
481 1520 695 1554 augmentum
714 1516 830 1546 attenti
848 1520 878 1545 et
894 1516 1011 1554 vigiles
1027 1516 1184 1550 inveniri,

176 1572 269 1602 vobis
285 1571 480 1601 auctoritate
494 1570 699 1608 presentium
713 1569 936 1607 indulgemus,
950 1574 985 1599 ut
998 1562 1186 1600 volentibus

176 1630 286 1655 vestro
299 1623 471 1661 aggregari
483 1622 621 1659 collegio
635 1622 693 1661 qui
707 1622 938 1660 suspensionis
950 1627 1005 1652 aut
1017 1623 1187 1653 interdicti

176 1678 226 1708 vel
244 1676 624 1707 excommuni(·ationum
640 1675 816 1705 sententiis
833 1679 911 1705 sunt
925 1675 1035 1713 ligati,
1054 1676 1187 1706 absolu-

175 1731 276 1761 tionis
302 1729 502 1759 heneficium
521 1729 613 1767 juxta
636 1728 775 1758 formam
800 1728 939 1758 ecclesie
966 1729 1130 1767 impertiri
1156 1734 1188 1759 et

176 1783 266 1821 ipsos
291 1782 325 1811 111
350 1782 470 1811 fratres
493 1781 639 1819 recipere
663 1789 700 1810 ac
725 1789 780 1810 eos
803 1781 859 1819 qui
884 1786 955 1819 post
980 1786 1186 1820 assumptum

176 1835 327 1865 habitum
344 1833 545 1864 recoluerint
562 1843 595 1863 se
613 1832 735 1863 talibus
751 1833 786 1862 in
804 1833 914 1863 seculo
931 1833 1035 1864 fuisse
1053 1838 1187 1864 senten-

177 1888 233 1918 tiis
253 1887 444 1922 innodatos,
463 1886 645 1916 secundum
664 1886 803 1915 formam
822 1885 927 1924 ipsam
944 1886 1114 1916 absolvere
1130 1896 1187 1916 va-

175 1941 289 1976 leatis,
308 1941 354 1970 ita
376 1944 485 1969 tamen
505 1939 606 1978 quod,
625 1939 654 1968 si
675 1939 779 1977 aliqui
796 1948 834 1969 ex
850 1939 974 1969 eisdem
996 1939 1187 1979 hujusmodi

175 1993 352 2024 sententiis
376 1997 507 2031 propter
525 1992 673 2024 debitum
695 1996 772 2022 sunt
790 1991 900 2030 ligati,
919 1993 1127 2022 satisfaciant
1151 1997 1186 2023 ut

176 2050 342 2077 tenentur.
358 2046 513 2076 Ceterum
531 2045 590 2074 tibi
606 2044 666 2080 fili,
680 2044 769 2082 prior
783 2044 947 2080 Cartusie,
962 2045 1081 2075 ceteris
1096 2045 1186 2084 prio-

176 2100 269 2129 ribus
291 2099 418 2129 ordinis
440 2099 487 2128 tui
509 2108 546 2128 ac
567 2098 626 2127 uni
650 2107 763 2128 eorum
784 2107 882 2136 quem
898 2097 1038 2136 elegeris
1056 2098 1187 2128 tibimet

176 2160 275 2189 super
287 2150 459 2189 premissis
472 2150 565 2189 juxta
578 2149 719 2179 formam
731 2149 869 2179 eandem
885 2149 1075 2188 huiusmodi
1091 2149 1186 2179 abso-

175 2204 314 2234 lutionis
328 2207 359 2233 et
372 2202 632 2240 dispensationis
646 2201 846 2232 beneficium
862 2201 1076 2240 impendendi
1090 2202 1118 2232 si
1133 2211 1186 2232 ne-

175 2265 267 2287 eesse
287 2255 398 2290 fuerit,
416 2255 628 2292 indulgemus
645 2254 839 2284 auctoritate
854 2255 1060 2292 presentium
1076 2258 1186 2293 potes-

176 2313 288 2339 tatem.
305 2307 399 2338 Nulli
416 2312 476 2338 etc.
494 2311 606 2337 nostre
622 2307 847 2337 concessionis
864 2311 922 2337 etc.
942 2308 1016 2337 Dat.
1033 2307 1184 2346 Neapoli,

176 2362 226 2391 III
242 2361 401 2391 kalendas
419 2360 545 2398 aprilis,
561 2368 648 2389 anno
663 2360 781 2398 primo.
802 2372 814 2386 »

249 2524 335 2552 313

213 2585 322 2612 Marino
339 2585 374 2611 de
391 2584 481 2611 Ebulo
497 2588 525 2610 et
541 2584 693 2610 Adetasiae
711 2585 792 2611 uxori
809 2586 873 2620 ejus
889 2585 1038 2613 confirmat
1053 2587 1186 2613 donatio-

177 2642 242 2660 nem
261 2633 347 2660 castri
369 2633 493 2667 Ayrolae
516 2633 543 2659 in
561 2632 665 2658 Sancta
687 2632 828 2659 Gathensi
850 2633 958 2661 diocesi
975 2634 1037 2666 siti,
1055 2626 1187 2662 donatio-

177 2690 241 2708 nem
259 2690 274 2707 a
289 2681 388 2708 Sibilia
403 2685 493 2707 matre
514 2680 667 2707 Adelasiae
690 2688 789 2707 mense
807 2683 907 2708 martis
927 2681 1067 2709 MCCLV0
1082 2684 1186 2710 factam

176 2730 210 2756 de
228 2730 314 2756 verbo
338 2729 373 2756 ad
388 2729 506 2756 verbum
519 2729 685 2756 inserendo.
698 2728 770 2762 (Rau
795 2729 839 2764 24,
851 2738 877 2758 0.
893 2730 955 2762 ἳὸἹ,
967 2731 985 2758 s.
999 2731 1060 2763 34v;
1078 2732 1188 2760 Ronan-

176 2787 253 2809 nssno,
274 2779 325 2810 111,
344 2785 375 2805 11ο
391 2778 466 2810 393.)

763 2522 885 2558 Names,
906 2524 931 2550 li
950 2524 1020 2550 avril
1037 2524 1114 2551 1255.

219 2893 231 2907 «
250 2881 349 2911 Nobili
367 2881 434 2910 viro
451 2881 573 2909 Marino
593 2880 626 2908 de
641 2881 745 2915 Ebulo,
762 2881 846 2918 fideli
861 2886 972 2918 nostro,
992 2888 1018 2912 et
1031 2883 1135 2913 dilecte
1150 2885 1186 2913 in

1269 289 1388 319 Christo
1402 290 1466 326 filie
1480 291 1577 319 nobili
1592 291 1720 319 mulieri
1738 290 1884 327 Adelasie,
1904 292 1997 320 umori
2012 290 2155 328 ejusdem.
2177 290 2280 330 Grata

1269 341 1439 371 fidelitatis
1462 342 1632 381 obsequia,
1651 342 1772 382 quibus
1789 347 1835 377 tu,
1852 342 1900 373 fili
1917 343 2056 378 Marine,
2074 343 2186 373 reddis
2198 347 2229 374 te
2242 343 2278 373 in

1268 394 1391 424 nostris
1405 399 1436 424 et
1450 395 1589 424 fratrum
1602 399 1788 426 nostrorum
1803 395 1908 426 oculis
1920 396 2112 433 gratiosum,
2128 401 2280 426 nostrum

1268 447 1433 477 instanter
1453 447 1635 486 sollicitant
1657 448 1804 478 animum
1828 452 1864 478 ut
1885 448 1924 479 de
1940 448 2034 479 vobis
2052 453 2221 488 tamquam
2238 448 2279 480 de

1268 500 1422 530 fidelibus
1438 500 1518 530 filiis
1537 505 1567 530 et
1583 500 1709 531 devotis
1725 501 1922 540 propensius
1935 501 2130 539 cogitantes,
2148 510 2213 532 non
2230 510 2280 532 so-

1268 552 1337 582 lum
1352 557 1461 583 vestra
1479 553 1571 583 vobis
1584 554 1660 593 jura
1676 554 1805 591 integra
1824 558 1855 584 et
1873 554 1968 585 illesa
1979 563 2160 590 servemus,
2178 555 2280 586 immo

1269 606 1395 644 potius.
1423 611 1583 645 quantum
1607 616 1681 636 eum
1702 607 1844 636 Domino
1865 615 2058 646 possumus,
2084 615 2275 646 augeamus.

1270 659 1314 688 Ex
1330 663 1422 698 parte
1440 659 1605 698 siquidem
1620 664 1729 689 vestra
1747 660 1811 689 suit
1826 660 1921 691 nobis
1935 660 2108 690 humiliter
2119 660 2282 700 supplica-

1270 716 1337 742 tum
1355 717 1390 741 ut
1412 712 1622 742 clamationem
1647 716 1677 742 et
1699 713 1948 743 concessionem
1970 713 2009 743 de
2032 718 2140 743 castro
2157 713 2282 753 Ayrole

1269 765 1332 795 sito
1349 766 1383 794 in
1403 766 1522 795 Sancta
1542 765 1705 795 Gathensi
1723 765 1858 800 diocesi,
1876 766 1969 796 vobis
1981 767 2167 805 vestrisque
2183 766 2282 797 here-

1269 819 1366 848 dibus
1382 819 1502 848 factam
1519 827 1537 848 a
1556 817 1661 848 nobili
1683 818 1824 849 muliere
1841 818 1977 854 sibilia,
1998 823 2102 850 matre
2122 823 2194 855 tua,
2211 819 2282 850 filia

1269 871 1435 905 Adclasia,
1454 875 1549 909 prout
1567 871 1602 900 in
1620 871 1842 902 instrumento
1858 871 1990 910 publico
2003 872 2152 903 confecto
2163 872 2282 903 exinde
2315 873 2319 876 '

1268 924 1400 963 plenius
1417 924 1616 959 continetur,
1632 924 1827 954 confirmare
1842 924 1880 954 de
1895 925 2100 961 benignitate
2116 925 2215 956 solita
2227 934 2282 956 cu-

1268 986 1429 1008 raremus.
1447 978 1516 1007 Nos
1532 977 1635 1015 igitur
1649 978 1770 1008 vestris
1792 971 2092 1016 supplicationibus
2112 974 2279 1015 inclinati,

1268 1030 1479 1061 donationem
1495 1034 1525 1060 et
1539 1030 1786 1061 concessionem
1802 1031 1992 1070 hujusmodi
2006 1036 2094 1062 ratas
2106 1031 2279 1067 hahentes,
2304 1048 2309 1053 ·

1268 1083 1342 1113 illas
1359 1083 1397 1113 de
1414 1084 1555 1113 frat-rum
1577 1087 1764 1113 nostrorum
1781 1084 1921 1114 consilio
1937 1084 2133 1114 auctoritate
2147 1087 2280 1122 aposto-

1267 1135 1333 1167 lica
1344 1136 1578 1166 confirmamus
1590 1140 1769 1175 0101151100
1784 1146 1790 1165 ε
1805 1136 2060 1166 communimus.
2073 1137 2112 1166 Et
2123 1140 2158 1166 ut
2169 1140 2281 1167 vestra

1268 1188 1397 1219 devotio
1414 1198 1491 1225 erga
1506 1197 1564 1218 nos
1579 1193 1609 1219 01
1622 1190 1805 1219 Romanam
1820 1189 2002 1219 Ecclesiam
2018 1190 2123 1227 magis
2139 1187 2277 1225 crescat,

1268 1242 1452 1280 predictum
1470 1246 1615 1271 castrum
1631 1250 1706 1272 cum
1724 1242 1879 1272 omnibus
1891 1242 2036 1281 juribus,
2050 1242 2234 1273 honoribus
2248 1246 2281 1272 et

1268 1295 1481 1333 pertinentiis
1498 1294 1568 1324 suis
1586 1295 1679 1325 vobis
1696 1295 1887 1334 eisdemque
1903 1295 2083 1325 heredibus
2095 1295 2135 1326 de
2150 1294 2281 1333 predic-

1269 1351 1376 1377 torum
1398 1348 1539 1377 fratrum
1554 1347 1694 1377 consilio
1714 1347 1753 1378 de
1775 1356 1857 1377 novo
1878 1347 1912 1377 111
1931 1347 2067 1377 feudum
2081 1347 2142 1378 sub
2157 1345 2280 1377 debitis

1269 1403 1301 1429 et
1327 1400 1496 1429 consuetis
1519 1400 1667 1430 servitiis
1690 1400 1902 1430 concedimus
1929 1400 1968 1430 de
1995 1400 2102 1439 gratia
2129 1396 2279 1438 speciali.

1269 1453 1429 1482 Tenorem
1447 1457 1556 1482 autem
1568 1453 1708 1491 predicti
1719 1452 1935 1482 instrumenti
1948 1452 2159 1491 presentibus
2174 1451 2281 1482 inseri

1269 1505 1421 1539 fecimus,
1440 1505 1498 1543 qui
1512 1504 1588 1535 talis
1607 1510 1656 1536 est
1674 1515 1680 1534 ε

1890 1597 2016 1633 Capoue,
2034 1606 2110 1625 mars
2127 1597 2206 1625 1‘255.

1312 1679 1324 1693 α
1343 1667 1381 1696 In
1401 1666 1535 1696 nomine
1557 1667 1691 1696 Domini
1707 1667 1812 1697 nostri
1830 1666 1937 1698 Jhesu
1954 1666 2096 1702 Christi,
2123 1674 2210 1696 anno
2227 1665 2282 1695 in-

1271 1731 1284 1746 »
1310 1719 1514 1749 carnationis
1533 1720 1604 1758 ejus
1620 1720 1803 1751 M⁰CC⁰LV⁰
1818 1724 1849 1749 et
1864 1719 1971 1758 primo
1989 1727 2076 1749 anno
2094 1718 2235 1749 dominii
2249 1721 2282 1749 et

1271 1784 1284 1799 »
1309 1773 1520 1810 pontificatus
1535 1772 1659 1802 domini
1677 1773 1782 1802 nostri
1798 1772 1976 1802 Alexandri
1992 1772 2061 1802 IIII
2072 1775 2282 1802 sacrosancte

1271 1837 1284 1851 ³>
1310 1826 1459 1856 Romane
1475 1825 1622 1856 Ecclesie
1639 1826 1760 1856 summi
1776 1825 1943 1864 pontificis
1960 1834 1997 1855 ac
2013 1825 2104 1855 unici
2121 1828 2153 1855 et
2168 1824 2281 1863 singu-

1271 1891 1284 1905 »
1308 1879 1390 1909 laris
1404 1879 1530 1909 domini
1546 1880 1639 1917 regni
1659 1879 1784 1914 Sicilie,
1803 1888 1917 1909 mense
1935 1878 2059 1914 martii,
2077 1879 2163 1909 XIII
2177 1878 2282 1908 indic-

1272 1944 1284 1958 »
1310 1932 1422 1962 tionis.
1455 1933 1522 1969 Ego
1548 1932 1684 1965 Sibilia,
1711 1932 1780 1962 filia
1803 1932 1968 1971 quondam
1994 1931 2120 1961 domini
2144 1930 2282 1970 Rogerii

1272 1997 1284 2012 >³
1310 1985 1440 2016 comitis
1454 1986 1646 2020 Acerarum,
1664 1995 1745 2015 uxor
1757 1994 1834 2016 vero
1848 1985 2013 2024 quondam
2030 1985 2156 2015 domini
2171 1985 2281 2015 Ewer-

1271 2050 1284 2064 n
1309 2038 1399 2068 rai-di
1415 2038 1625 2073 manescalci,
1643 2038 1816 2068 attendens
1831 2042 1922 2075 grata
1939 2037 2076 2067 servitia
2091 2041 2123 2068 et
2134 2037 2282 2076 benigna

1271 2102 1284 2118 n
1310 2100 1373 2130 que
1390 2095 1440 2126 tu,
1458 2091 1613 2121 videlicet
1633 2091 1786 2121 dominus
1808 2091 1958 2121 Marinus
1979 2091 2018 2120 de
2037 2089 2157 2126 Ebulo,
2179 2098 2282 2129 gener

1271 2155 1284 2170 »
1309 2152 1414 2179 meus,
1434 2143 1525 2173 filius
1542 2143 1707 2182 quondam
1724 2143 1850 2173 domini
1867 2143 1957 2173 Petri
1973 2143 2011 2173 (10
2029 2142 2152 2178 Ebulo,
2175 2141 2282 2172 michi

1271 2208 1284 2223 n
1310 2196 1349 2226 de
1364 2205 1506 2234 persona
1522 2200 1553 2227 01
1568 2196 1668 2226 rebus
1688 2196 1753 2226 tuis
1771 2196 1931 2226 hactenus
1945 2195 2128 2230 contulisti,
2146 2198 2178 2226 et
2193 2194 2282 2234 quod

1271 2260 1284 2275 »
1309 2248 1476 2284 Adelasia,
1495 2249 1668 2278 benedicta
1684 2248 1751 2278 filia
1768 2257 1851 2283 mea,
1869 2257 1951 2278 uxor
1966 2252 2032 2283 tua,
2050 2247 2153 2278 michi
2164 2247 2200 2278 in
2213 2255 2280 2277 om-

1271 2313 1284 2328 »
1310 2301 1409 2332 nibus
1429 2301 1646 2340 beneplacitis
1669 2305 1701 2331 et
1720 2301 1885 2330 mandatis
1905 2301 1989 2331 meis
2013 2308 2142 2339 semper
2163 2299 2282 2330 devota

1271 2366 1284 2381 n
1310 2358 1341 2385 et
1365 2354 1523 2384 obediens
1550 2354 1669 2389 extitit,
1697 2353 1913 2384 considerans
1939 2353 2041 2383 etiam
2065 2352 2153 2392 quod
2176 2351 2281 2382 michi

1271 2419 1283 2434 »
1308 2407 1399 2437 filius
1423 2406 1508 2437 alius
1530 2406 1582 2438 vel
1602 2406 1671 2436 filia
1692 2416 1756 2437 non
1781 2410 1947 2445 superest,
1970 2415 2030 2436 nec
2051 2414 2104 2436 me
2124 2413 2220 2443 spero
2241 2403 2282 2434 de

1271 2472 1283 2486 >³
1309 2464 1418 2490 cetero
1434 2459 1540 2489 filium
1556 2459 1608 2490 vel
1620 2459 1725 2489 filiam
1740 2459 1942 2494 habituram,
1955 2458 2042 2489 sicut
2051 2457 2155 2488 michi
2168 2450 2283 2496 aptum

1271 2525 1284 2539 »ι
1309 2517 1341 2543 et
1356 2521 1538 2550 congruum
1556 2517 1616 2546 est,
1634 2512 1719 2543 bona
1735 2522 1808 2542 mea
1821 2511 2002 2547 voluntate,
2023 2511 2137 2541 franca
2148 2513 2180 2540 et
2190 2517 2281 2540 more

1270 2577 1283 2592 >›
1308 2566 1500 2596 francorum
1523 2565 1656 2601 vivens,
1679 2569 1829 2595 materna
1851 2565 1952 2595 etiam
1975 2563 2149 2594 affectione
2169 2562 2279 2598 ducta,

1270 2630 1283 2645 ›>
1309 2627 1367 2656 per
1382 2618 1469 2649 hanc
1480 2622 1604 2648 cartam
1614 2618 1649 2648 in
1658 2618 1826 2657 presentia
1839 2619 1857 2649 J
1861 2617 2005 2648 ohannis
2021 2616 2112 2654 Cog.,
2127 2613 2277 2650 scutarii,

1270 2683 1283 2697 n
1308 2670 1409 2710 hujus
1426 2671 1582 2709 Capuane
1598 2671 1743 2701 civitatis
1757 2670 1894 2710 judicis,
1913 2674 1944 2700 et
1960 2668 2140 2707 subscripti
2158 2666 2282 2699 Johan-

1270 2735 1283 2750 »
1309 2723 1362 2754 nis
1378 2723 1517 2760 notarii,
1537 2723 1749 2762 presentibus
1767 2728 1799 2754 et
1817 2723 1858 2753 ad
1872 2722 1935 2753 hoc
1957 2721 2082 2753 vocatis
2105 2724 2136 2751 et
2154 2718 2280 2758 rogatis

1271 2788 1284 2803 »
1308 2776 1450 2807 testibus
1469 2786 1474 2805 :
1493 2776 1626 2806 domino
1645 2776 1778 2806 Taffuro
1791 2776 1920 2816 judice,
1939 2774 2063 2821 ,Iacobo
2085 2773 2125 2804 de
2140 2771 2281 2803 Archie-

1271 2841 1284 2856 ³>
1308 2829 1460 2868 piscopo,
1485 2829 1644 2868 magistro
1663 2830 1761 2860 Petro
1781 2830 1821 2860 de
1843 2829 2008 2863 Martura,
2031 2826 2192 2865 magistro
2213 2825 2281 2855 Ro-

1271 2894 1285 2910 »
1309 2882 1402 2913 berto
1418 2882 1650 2921 Gulferaymo,
1668 2882 1798 2913 notario
1812 2881 1940 2920 Angelo
1960 2880 1999 2911 de
2021 2878 2198 2914 Januario,
2220 2884 2281 2907 no-
