2441 3330
912 198 1137 235 PREMIERE
1159 199 1318 237 ANNEE.
2126 217 2162 246 59

63 269 140 297 facta
154 269 209 296 fuit
222 277 279 303 quo
296 276 418 302 regnum
434 268 549 295 Siciliae
565 269 737 304 generaliter
751 273 812 296 erat
827 271 1010 306 suppositum
1026 279 1074 297 ec-

66 317 228 345 clesiastico
244 317 407 343 interdicto.
425 317 509 350 (Rea.
525 317 570 351 24,
587 326 614 345 c.
632 318 692 348 193,
710 318 729 344 f.
745 318 802 350 24.)

109 431 123 446 α
151 441 184 454 ..,
205 419 394 456 archiepisco
416 418 625 448 Salernitana
653 418 720 448 Sua
742 418 838 448 nobis
861 418 1001 448 dilectus
1025 435 1074 446 —-.

67 473 141 502 Dat.
157 470 308 509 Neapoli,
324 471 389 501 VII
403 469 564 500 kalendas
579 469 753 505 februarii,
771 479 858 500 anno
872 470 990 508 primo.
1010 482 1023 496 ›2

104 724 323 751 Bartholomaeo
334 724 446 751 Nicolai
461 724 575 751 Judieis
587 723 704 750 Berardi
719 723 753 749 de
768 722 797 750 S.
815 722 968 752 Germano.
986 726 1076 748 terrae

66 773 235 800 monasterii
251 771 420 799 Casinensis
435 773 603 798 senescalco
619 779 687 801 suo,
705 771 854 797 confirmat
870 771 986 796 feudum
1004 769 1076 796 Tra-

63 821 149 856 jecti,
166 820 321 847 Gaietanae
338 820 479 851 diocesis,
497 820 531 846 de
547 828 604 854 quo
619 818 774 851 investitus
788 818 843 844 fuit
858 827 874 844 a
890 817 923 845 P.
940 818 1076 853 episcopo

65 868 229 903 Aquinate,
245 868 400 895 mandante
420 868 591 894 Innocentio
610 876 682 902 papa
699 878 704 893 :
723 871 750 894 et
772 867 882 893 litteras
902 867 1075 901 Innocentii,

66 916 147 943 datas
163 916 276 943 Perusii
288 916 342 943 kal.
355 916 518 943 decembris
529 916 715 951 pontificatus
731 916 796 950 ejus
810 923 884 941 anno
897 923 981 949 nono,
992 919 1020 941 et
1031 914 1075 948 P.‚

66 964 147 992 datas
162 965 190 991 in
208 965 316 991 Palatio
332 973 357 992 s.
377 964 456 991 Petri
472 965 506 991 de
531 964 651 991 Perusio
666 963 712 990 die
729 963 753 989 V
769 963 931 990 decembris
946 963 1077 998 eiusdem

65 1014 143 1047 anni,
159 1013 269 1040 inserit.
288 1013 372 1045 (Rae.
386 1013 431 1046 24,
448 1021 474 1040 c.
497 1013 554 1046 194,
571 1013 590 1039 f.
607 1013 663 1048 ι24.)

635 660 756 696 Naples,
774 661 789 687 6
806 660 909 686 sevrier
927 660 1004 687 1255.

109 1127 123 1141 «ι
145 1115 354 1144 Bartholomeo
375 1115 495 1145 Nicolai
518 1114 637 1144 Iudicis
655 1114 784 1143 Berardi
808 1114 841 1143 de
866 1114 977 1144 Sancto
1006 1114 1077 1143 Ger-

67 1176 169 1203 mano,
190 1172 265 1196 terre
278 1168 458 1196 monasterii
475 1168 648 1197 Casi'nensz's
662 1168 827 1196 senescalco
840 1172 952 1196 nostro.
970 1168 1077 1197 Devo-

67 1220 169 1250 tionis
181 1224 235 1250 tue
248 1220 368 1250 merita
379 1220 514 1258 exigunt
526 1223 557 1250 et
569 1219 705 1250 servitia
719 1228 783 1258 que
795 1219 891 1250 nobis
899 1220 968 1258 jam
979 1219 1076 1257 longo

66 1277 213 1311 tempore
236 1272 440 1311 impendisse
462 1272 646 1302 dinosceris
672 1281 731 1302 nos
752 1272 914 1302 inducunt
936 1277 971 1302 ut
991 1273 1076 1302 votis

66 1325 134 1356 tuis
160 1325 389 1356 favorabiliter
418 1329 622 1361 annuentes,
653 1325 816 1355 faciamus
846 1325 907 1355 tibi
937 1325 1077 1363 gratiam

68 1378 257 1417 specialem.
272 1378 356 1409 Cum
370 1378 474 1416 igitur
484 1377 686 1408 venerabilis
699 1378 802 1407 frater
815 1381 928 1407 noster
943 1401 975 1413 ..,
994 1378 1077 1416 epis-

67 1439 168 1469 copus
183 1431 345 1469 Aquinas,
366 1430 405 1461 de
421 1430 558 1469 speciali
573 1430 727 1460 mandato
744 1434 774 1460 et
790 1430 985 1460 auctoritate
1001 1430 1077 1461 seli-

67 1483 114 1514 cis
135 1483 376 1513 recordationis
398 1484 423 1513 I.
442 1492 524 1522 pape
540 1483 784 1522 predecessoris
801 1483 922 1518 nostri,
939 1483 1077 1513 feudum

67 1536 154 1576 quod
169 1535 384 1566 Bruchardus
401 1536 634 1571 Theotonicus‚
653 1539 731 1565 tunc
747 1535 948 1566 castellanus
965 1536 1077 1566 Roche

66 1589 203 1625 Sorelle⁷
227 1598 286 1628 per
305 1589 518 1620 donationem
534 1589 700 1629 quondam
720 1589 773 1618 Fr.
791 1589 915 1619 dudum
935 1589 1077 1628 impera-

65 1643 147 1673 toris
163 1647 236 1681 post
251 1643 353 1673 latam
366 1643 402 1673 in
416 1652 491 1673 eum
507 1642 860 1673 excommunicationis
877 1642 1077 1672 sententiam

65 1696 102 1726 in
125 1696 274 1735 Trajecto
299 1696 460 1726 Gaietane
482 1696 623 1726 diocesis
646 1696 796 1732 tenebat,
821 1696 879 1725 tibi
900 1705 973 1726 cum
991 1697 1077 1726 teni-

65 1749 198 1786 mentis,
222 1749 356 1788 juribus
381 1754 413 1780 et
442 1749 517 1780 aliis
539 1749 753 1788 pertinentiis
781 1749 851 1779 suis
876 1750 1077 1780 concesserit

65 1806 163 1841 teque
183 1802 371 1832 investierit
394 1802 432 1832 de
456 1802 584 1836 eodem,
602 1806 699 1840 prout
718 1802 754 1831 in
777 1802 999 1832 instrumento
1015 1812 1076 1841 pu-

64 1854 151 1884 blico
166 1855 244 1884 inde
257 1855 405 1885 confecto
422 1855 527 1893 ipsius
545 1855 655 1892 sigillo
671 1855 801 1892 signato
817 1856 912 1894 cujus
928 1859 1075 1885 tenorem

65 1907 104 1937 de
118 1907 218 1937 verbo
234 1907 274 1937 ad
292 1907 430 1937 verbum
445 1907 656 1946 presentibus
673 1908 777 1937 inseri
789 1908 930 1938 fecimus
943 1907 1075 1946 plenius

64 1960 254 1990 continetur
276 1960 374 1999 idque
400 1960 608 1999 postmodum
629 1960 716 1990 idem
734 1961 948 1999 predecessor
964 1965 1076 1991 noster

64 2012 194 2043 duxerit
212 2013 486 2049 confirmandum,
504 2022 563 2043 nos
582 2013 648 2043 tuis
666 2013 966 2052 supplicationibus
982 2013 1075 2043 incli-

64 2065 145 2102 nati,
163 2066 412 2096 concessionem
428 2066 567 2096 eandem
589 2070 693 2096 ratam
715 2070 745 2096 et
766 2066 894 2096 firmam
914 2066 1074 2097 habentes

65 2117 296 2157 defectumque
312 2118 340 2149 si
352 2119 427 2157 quis
444 2128 483 2149 ex
494 2128 701 2157 quacumque
719 2128 818 2149 causa
832 2119 881 2149 vel
895 2119 1074 2149 omissione

63 2171 100 2201 in
115 2180 154 2202 ea
170 2171 276 2201 extitit
296 2171 487 2210 supplentes
510 2172 548 2201 de
568 2171 776 2210 plenitudine
794 2173 983 2210 potestatis,
1002 2173 1075 2202 seu—

65 2223 142 2253 dum
157 2223 267 2262 ipsum
284 2224 371 2263 quod
382 2224 547 2262 quondam
563 2224 713 2254 Adelicia
730 2225 768 2254 de
784 2225 952 2263 Cayvano,
971 2229 1076 2254 mater

64 2275 236 2307 Andreotti
260 2276 299 2305 de
324 2276 468 2307 Castello
494 2277 534 2307 ad
553 2286 655 2313 mare,
680 2278 829 2308 tenuisse
845 2278 977 2312 dicitur,
1001 2287 1075 2308 cum

64 2329 218 2359 omnibus
230 2329 363 2368 juribus
380 2334 410 2359 et
426 2330 639 2368 pertinentiis
662 2330 732 2360 suis
754 2330 814 2360 tibi
838 2334 868 2360 et
890 2331 956 2360 tuis
978 2331 1075 2361 here-

64 2380 160 2412 dibus
190 2381 225 2411 111
253 2385 449 2420 perpetuum
485 2383 524 2413 de
556 2391 640 2412 novo
673 2383 884 2413 concedimus
917 2392 954 2413 cx
987 2387 1075 2413 certa

65 2433 205 2465 scientia
218 2435 256 2465 de
268 2435 374 2473 gratia
387 2435 535 2474 speciali.
550 2436 753 2466 Donationes
770 2446 829 2466 seu
843 2436 1074 2467 concessiones

66 2486 95 2516 si
120 2496 183 2526 que
205 2487 244 2517 de
264 2488 336 2526 ipso
356 2488 454 2518 feudo
476 2488 528 2518 vel
551 2489 622 2528 ejus
645 2489 857 2527 pertinentiis
881 2493 993 2519 nostra
1016 2498 1075 2519 seu

64 2539 307 2578 predecessoris
330 2540 435 2579 ipsius
459 2541 510 2571 vel
532 2541 650 2580 quavis
675 2542 870 2572 auctoritate
899 2542 983 2572 facte
1008 2542 1075 2571 sint

65 2590 140 2622 aliis
156 2591 371 2622 decernentes
385 2592 498 2623 irritas
511 2597 541 2623 et
556 2594 685 2624 inanes.
703 2595 811 2624 Tcnor
822 2598 932 2623 autem
949 2594 1075 2624 instru-

64 2644 167 2674 menti
183 2643 259 2674 talis
275 2648 324 2674 est
349 2654 355 2673 :

233 2736 326 2764 Palais
342 2737 540 2764 Saint-Pierre
555 2738 590 2764 de
608 2738 745 2773 Pet-ouse,
762 2739 777 2765 5
794 2739 945 2765 decembre
961 2739 1039 2766 1251.

105 2809 118 2824 «ι
136 2798 175 2828 111
190 2798 323 2828 1101111116
335 2798 468 2828 Domini
481 2799 586 2829 nostri
599 2799 705 2830 Jhesu
719 2799 845 2830 Christi
858 2809 963 2830 amen.
979 2801 1075 2829 Anno

67 2861 80 2876 11
105 2850 289 2880 nativitatis
306 2850 453 2890 ejusdem
472 2851 652 2886 M⁰CC⁰LI⁰‚
669 2853 880 2890 pontificatus
901 2853 1026 2882 domini
1048 2854 1072 2882 Ι.

1160 282 1173 297 11
1197 280 1279 310 pape
1293 274 1361 302 IIII
1373 282 1460 303 anno
1476 284 1572 310 nono,
1586 275 1767 306 indictione
1778 278 1832 313 Xe,
1850 286 1963 309 mense
1979 280 2161 312 decembris

1160 335 1172 349 11
1197 323 1250 353 die
1260 325 1302 354 V⁰
1312 325 1468 355 intrante.
1481 327 1561 357 Ecce
1574 329 1659 366 quod
1671 337 1730 359 nos
1742 330 1791 364 P„
1804 330 1865 359 Dei
1877 331 1982 368 gratia
1991 333 2162 373 episcopus

1160 386 1173 400 11
1197 375 1358 413 Aquinas,
1385 386 1443 415 pro
1466 382 1495 408 te
1512 379 1742 411 Bartholomeo
1759 381 1796 411 de
1821 383 1939 413 Sancto
1961 385 2124 416 Germano
2145 396 2163 416 a

1161 439 1174 453 11
1198 436 1326 458 summo
1342 430 1497 467 pontifice
1512 431 1640 461 litteras
1656 434 1840 471 recepimus
1856 435 1890 464 in
1907 435 1967 465 hac
1986 437 2091 467 forma
2108 448 2114 466 τ

1638 529 1773 564 Pei-ouse,
1794 531 1830 556 le*
1845 532 1996 560 decembre
2015 535 2091 562 ¹251.

1200 598 1213 611 11
1231 586 1258 615 Ι.
1278 587 1461 625 episcopus.
1480 597 1595 619 servus
1608 599 1777 620 servorum
1788 592 1860 627 Dei,
1873 594 2054 623 venerabili
2068 596 2163 626 fratri

1160 649 1174 664 »
1201 661 1233 673 ..‚
1253 639 1403 677 episcopo
1419 641 1589 679 Aquinati,
1609 642 1749 672 salutem
1768 648 1828 673 etc.
1847 644 2050 684 Obsequiose
2067 647 2163 678 devo-

1161 702 1174 717 »
1200 691 1299 721 tionis
1314 692 1473 722 instantia
1490 703 1587 731 quam
1603 694 1741 724 dilectus
1758 695 1846 725 filius
1859 697 2110 728 Bartholomeus
2126 700 2164 729 de

1161 755 1174 769 11
1200 744 1319 774 Sancto
1333 745 1508 780 Germano,
1522 747 1731 777 senescalcus
1743 749 1944 779 venerabilis
1958 750 2070 780 fratris
2088 760 2163 781 nos-

1161 808 1174 823 »
1200 797 1241 826 tri
1260 819 1292 832 ..,
1310 798 1475 827 Ostiensis
1493 799 1647 837 episcopi,
1666 804 1778 837 gratus
1799 802 1893 831 nobis
1917 803 2056 833 efficitur
2077 805 2164 843 ejus—

1161 860 1175 876 »
1199 849 1273 879 dem
1289 850 1434 880 servitiis
1451 851 1663 882 laudabiliter
1679 853 1863 883 insistendo
1879 864 1935 892 pro
1952 864 1988 885 eo
2005 857 2090 894 apud
2106 866 2164 887 nos

1162 914 1174 928 11
1199 902 1426 932 favorabiliter
1444 903 1631 941 interpellat
1645 909 1680 934 ut
1696 905 1801 943 ipsius
1814 907 1949 937 obtentu
1966 909 2110 947 episcopi
2127 919 2162 940 ac

1160 966 1173 980 »
1198 963 1256 983 sue
1272 954 1407 992 probate
1423 955 1498 985 tidei
1518 957 1726 993 exigentibus
1746 958 1874 988 meritis
1891 959 1974 988 dono
1997 960 2105 998 ipsum
2122 962 2159 991 B.

1161 1019 1174 1033 »
1197 1016 1437 1046 prosequamur
1455 1008 1598 1039 libenter
1623 1010 1799 1047 apostolice
1821 1011 2037 1042 beneficentie
2059 1023 2094 1043 ac
2115 1015 2164 1044 fa-

1161 1072 1174 1086 »
1198 1060 1298 1089 voris.
1317 1061 1426 1098 Ipsius
1443 1061 1545 1098 igitur
1560 1062 1741 1092 senescalci
1756 1063 1881 1094 devotis
1897 1065 2050 1102 precibus
2066 1067 2163 1096 incli-

1161 1125 1174 1140 11
1199 1113 1285 1148 nati,
1304 1114 1499 1143 mandamus
1519 1115 1676 1153 quatinus
1695 1116 1830 1145 feudum
1849 1117 1935 1155 ([11οᾶ
1952 1118 2163 1149 Bruchardus

1161 1177 1174 1192 11
1198 1165 1435 1201 Theotonicus‚
1458 1167 1658 1197 castellanus
1680 1168 1791 1198 Roche
1813 1169 1972 1205 Sorrelle,
1990 1180 2047 1209 per
2063 1172 2164 1202 dona-

1161 1230 1174 1245 »
1199 1219 1323 1249 tionem
1340 1219 1505 1257 quondam
1522 1220 1586 1254 Fr.7
1607 1221 1831 1251 Romanorum
1851 1222 2074 1261 imperatoris,
2092 1229 2164 1262 post

1160 1284 1174 1298 11
1198 1271 1299 1301 latam
1327 1272 1527 1301 sententiam
1555 1274 1905 1304 excommunicationis
1931 1276 1965 1304 in
1993 1276 2101 1314 ipsum
2128 1278 2162 1307 in

1161 1337 1174 1351 11
1198 1325 1346 1364 Trajecto
1365 1325 1524 1355 Gaietane
1541 1326 1682 1356 diocesis
1701 1331 1813 1357 tenere
1830 1328 2013 1358 dinoscitur
2026 1338 2099 1359 cum
2116 1334 2163 1360 te-

1161 1390 1174 1405 11
1199 1377 1376 1413 nimentis,
1393 1378 1525 1416 J'uribus
1544 1378 1685 1417 aliisque
1705 1380 1916 1417 pertinentiis
1934 1381 2003 1411 suis
2020 1382 2162 1412 auctori-

1161 1444 1174 1457 »
1200 1434 1264 1461 tate
1287 1434 1399 1460 nostra
1423 1431 1509 1460 dicto
1531 1431 1718 1461 senescalco
1741 1432 1794 1462 cui
1821 1442 1918 1471 super
1939 1433 2001 1463 hoc
2023 1435 2161 1472 gratiam

1161 1496 1174 1510 »
1198 1484 1307 1513 facere
1337 1483 1541 1513 intendimus
1572 1484 1767 1522 specialem,
1799 1490 1905 1515 amoto
1933 1486 2048 1516 exinde
2077 1487 2163 1517 dicto

1161 1548 1174 1563 ›>
1199 1536 1390 1566 Bruchardo
1407 1536 1584 1566 concedere
1601 1537 1775 1576 ipsumque
1795 1537 1834 1568 de
1850 1538 1921 1577 ipso
1939 1539 2036 1568 feudo
2052 1539 2163 1570 inves—

1161 1601 1173 1615 »
1198 1589 1260 1619 tire
1282 1598 1449 1627 procures.
1474 1589 1750 1619 Contradictorcs.
1772 1591 1846 1620 Non
1869 1590 2018 1621 obstante
2039 1592 2162 1621 consti-

1160 1653 1174 1668 »
1198 1641 1325 1671 tutione
1346 1641 1384 1671 de
1403 1641 1530 1671 duabus
1551 1642 1648 1672 dietis
1669 1643 1775 1672 edicta
1797 1643 1831 1672 in
1848 1643 1987 1672 concilio
2004 1644 2160 1681 generali.

1161 1706 1173 1720 11
1198 1695 1272 1724 Dat.
1290 1694 1433 1729 Perusii,
1451 1694 1602 1723 kalendis
1619 1695 1813 1729 decembris,
1833 1695 2043 1733 pontificatus
2060 1697 2163 1726 nostri

1160 1758 1173 1773 11
1199 1755 1285 1776 anno
1302 1756 1399 1776 nono.
1418 1759 1429 1772 »

1200 1812 1213 1825 11
1239 1799 1334 1829 Unde
1355 1808 1414 1829 nos
1436 1799 1626 1829 mandatum
1643 1800 1859 1837 apostolicum
1874 1800 2046 1830 humiliter
2062 1805 2091 1830 et
2108 1801 2163 1831 de—

1160 1864 1172 1877 11
1198 1855 1270 1881 vote
1287 1851 1435 1881 volentes
1452 1852 1569 1890 exequi
1586 1861 1659 1881 cum
1676 1853 1805 1887 effectu,
1825 1862 1842 1882 a
1857 1853 2003 1891 predicto
2019 1854 2117 1883 feudo
2133 1859 2161 1883 et

1160 1916 1173 1935 ›>
1199 1905 1269 1944 ejus
1285 1904 1498 1942 pertinentiis
1514 1905 1637 1934 dictum
1654 1905 1883 1935 Bruchardum
1898 1915 1956 1936 seu
1972 1915 2163 1944 quemcum-

1159 1969 1173 1984 »
1198 1966 1261 1995 que
1278 1957 1379 1986 alium
1393 1957 1595 1986 detentorem
1613 1957 1855 1987 sententialiter
1871 1958 2116 1996 atm)movemus
2133 1962 2164 1988 et

1160 2022 1172 2036 11
1197 2009 1258 2039 tibi
1279 2010 1316 2039 B.
1341 2009 1529 2039 senescalco
1549 2010 1669 2047 prefati
1686 2010 1819 2039 Domini
1838 2010 2002 2040 Ostiensis
2019 2010 2162 2048 episcopi

1159 2074 1172 2088 11
1196 2062 1443 2100 presentialiter
1471 2062 1617 2100 ejusdem
1643 2062 1837 2091 auctoritate
1862 2062 2024 2096 mandati,
2054 2063 2161 2100 ipsum

1159 2128 1171 2141 11
1197 2115 1332 2145 seudum
1353 2124 1426 2143 cum
1449 2114 1602 2143 omnibus
1620 2115 1767 2153 juribus,
1791 2114 1992 2149 rationibus,
2010 2114 2161 2144 districtu

1159 2180 1172 2194 11
1198 2172 1228 2197 et
1242 2167 1423 2197 honoribus
1438 2176 1545 2195 coram
1563 2166 1715 2196 Noclerio
1732 2167 1905 2196 scriniario
1922 2171 1952 2196 ct
1967 2166 2161 2204 subscriptis

1159 2232 1172 2247 »
1194 2220 1334 2249 testibus
1350 2219 1570 2254 concedimus,
1588 2219 1788 2248 conserimus
1805 2223 1835 2247 ct
1852 2218 2060 2254 assignamus
2077 2223 2106 2247 et
2123 2219 2160 2247 de

1159 2285 1171 2299 »
1197 2272 1310 2302 eodem
1327 2271 1546 2309 personaliter
1570 2275 1599 2301 tc
1620 2281 1676 2309 per
1697 2271 1833 2300 anulum
1853 2275 2002 2300 nostrum
2022 2271 2161 2300 investi-

1159 2338 1172 2351 »
1197 2334 1269 2354 mus
1293 2329 1323 2354 et
1344 2329 1507 2363 quatenus
1524 2333 1699 2361 possumus
1726 2323 1931 2361 ymaginarie
1947 2332 2004 2361 per
2020 2322 2159 2352 eundem

1158 2390 1170 2405 11
1196 2377 1333 2407 anulum
1354 2377 1414 2405 tibi
1434 2376 1676 2415 possessionem
1702 2376 1860 2405 tradimus
1882 2376 1919 2405 de
1941 2375 2052 2405 eodem
2074 2375 2159 2404 acin

1158 2444 1171 2457 11
1196 2431 1452 2460 contradictores
1476 2434 1506 2459 et
1530 2429 1669 2459 rebelles
1693 2429 1720 2459 si
1747 2429 1803 2467 qui
1826 2428 1993 2459 extiterint
2014 2437 2050 2458 ex
2074 2437 2161 2457 nunc

1158 2496 1171 2511 »
1196 2483 1547 2513 excommunicationis
1572 2482 1771 2512 sententiam
1798 2481 2043 2519 promulgamus
2073 2491 2079 2509 ;
2109 2480 2160 2509 111-

1158 2550 1170 2563 11
1196 2536 1383 2565 ductionem
1400 2536 1434 2564 in
1452 2544 1562 2565 veram
1576 2535 1776 2573 corporalem
1789 2534 2032 2572 possessionem
2047 2542 2082 2562 ac
2095 2542 2159 2561 om-

1158 2602 1170 2616 »
1197 2589 1275 2618 nino
1303 2597 1401 2626 super
1423 2588 1579 2625 predictis
1603 2587 1756 2617 omnibus
1782 2586 2009 2616 defensionem
2031 2589 2059 2614 61
2088 2594 2159 2622 pro-

1158 2654 1171 2669 11
1196 2641 1373 2671 tectionem
1409 2641 1504 2669 nobis
1542 2639 1779 2669 nichilominus
1816 2642 2034 2668 reservantes.
2068 2637 2158 2673 Quod

1158 2708 1170 2721 11
1196 2695 1455 2724 instrumentum
1472 2693 1615 2722 scribere
1629 2692 1791 2731 jussimus
1808 2700 1864 2729 per
1887 2690 2025 2720 cundem
2041 2689 2159 2719 Not-b·-

1158 2760 1170 2773 11
1196 2747 1282 2776 rium
1305 2746 1528 2775 scriniarium.
1546 2746 1662 2774 Actum
1688 2744 1720 2773 in
1744 2743 1865 2782 palatio
1887 2742 1991 2771 sancti
2010 2742 2096 2771 Petri
2121 2741 2157 2768 111·

1158 2812 1171 2826 11
1197 2798 1334 2829 Perusio
1351 2807 1459 2827 coram
1476 2797 1541 2827 hiis
1559 2796 1709 2830 testibus,
1731 2795 1855 2825 scilicet
1874 2804 1880 2822 ι
1898 2793 2032 2823 Nicolao
2049 2792 2086 2821 de
2104 2792 2157 2820 111-

1158 2865 1170 2878 11
1197 2856 1383 2889 terampno,
1416 2849 1596 2879 camerario
1626 2848 1748 2878 domini
1781 2846 1937 2885 Stephani
1968 2843 2155 2875 cardinalis.
