2498 3325
942 226 1172 264 DEUXIEME
1194 226 1355 263 ΑΝΝΕΕ.
2142 236 2200 267 319

101 304 239 334 tentiam
263 303 489 341 promulgare,
519 302 643 340 absque
668 301 804 340 speciali
829 301 983 330 mandato
1012 299 1107 329 Sedis

100 356 249 395 ejusdem
266 355 408 385 faciente
425 355 463 384 de
481 354 543 384 hac
559 354 767 391 indulgentia
782 353 997 382 mentionem.
1015 351 1108 382 Nulli

100 412 162 439 etc.
183 412 293 437 nostre
310 407 536 437 concessionis
554 411 613 436 etc.
635 407 708 436 Dat.
729 406 899 439 Laterani,
914 407 976 436 XV
991 405 1108 435 kalen—

99 462 159 492 das
176 461 347 496 februarii,
367 470 453 490 anno
471 460 626 490 secundo.
647 473 659 486 ³>

176 646 194 672 1
204 645 293 673 058

138 706 296 733 Eustacbio
309 706 419 740 juniori
436 705 470 731 de
488 705 580 731 Rodio
597 709 625 732 et
646 705 753 739 Agneti
769 705 803 731 de
819 705 1008 739 Trasegnies,
1028 706 1111 732 uxori

668 643 784 677 Latran,
801 644 816 671 9
829 644 944 678 janvier
962 643 1038 671 1256.

101 756 183 790 ejus,
210 755 427 781 Cameracensis
449 755 590 785 diocesis,
615 755 722 788 quibus
744 755 830 780 frater
854 754 974 780 Michaet
996 754 1030 780 de
1055 754 1110 781 Or-

103 804 169 830 dine
194 803 426 829 praedicatorum
447 802 660 835 Insulensium,
684 802 719 829 H.
746 803 820 828 tituli
842 802 872 828 S.
898 802 1021 829 Sabinae
1047 811 1112 829 car-

103 852 207 879 dinalis
224 853 250 878 in
268 852 320 878 hac
336 855 414 886 parte
429 852 658 885 commissarius,
676 851 889 877 matrimonium
905 851 1036 877 contrahi
1052 851 1111 877 dis-

103 901 249 936 pensavit,
270 901 377 935 quibus
401 904 496 926 autem
520 900 737 926 Cameracensis
759 901 915 934 episcopus
937 900 1112 933 significavit

102 949 315 976 matrimonium
334 957 388 975 non
401 949 561 975 subsistere
576 948 651 975 inter
668 949 740 979 illos,
757 948 1002 983 dispensationem
1017 948 1111 974 fratris

100 998 251 1024 Mieha==ns
272 998 432 1024 confirmat.
455 997 538 1030 (Hm.
561 996 610 1028 24,
634 997 653 1023 f.
676 997 753 1027 t30v,
775 1005 841 1023 ann.
858 996 899 1030 ΙΙ,
921 1004 947 1023 c.
970 997 1017 1027 483
1037 996 1110 1023 Por-

99 1055 189 1073 THAST
209 1046 310 1074 1G170:
327 1046 364 1072 cf.
383 1047 469 1079 infra,
489 1046 579 1078 1084.)

144 1160 156 1174 «
172 1149 272 1177 Nobili
290 1149 355 1176 viro
370 1148 534 1176 Eustacltio
543 1148 671 1184 juniori
686 1147 719 1175 de
733 1147 823 1176 Rodio
837 1152 861 1176 et
876 1147 971 1176 nobili
986 1148 1113 1176 mulieri

99 1201 209 1238 Agnen·
232 1201 264 1229 (Ie
284 1201 512 1237 Orczmsctqnics,
531 1201 624 1229 uxori
642 1201 715 1236 ejvs,
734 1200 959 1229 Cameracensis
975 1201 1110 1229 diocesis.

100 1253 223 1284 Petitio
240 1257 350 1283 vestra
366 1253 462 1282 nobis
479 1253 626 1283 exhibita
642 1253 843 1288 continebat,
862 1254 958 1292 quod,
978 1262 1052 1283 cum
1068 1254 1112 1283 fe-

98 1306 174 1336 licis
200 1305 440 1335 recordationis
466 1307 492 1335 I.
516 1314 600 1343 papa
622 1305 835 1343 predecessor
859 1310 970 1335 noster
992 1306 1112 1336 dilecto

100 1358 169 1388 filio
192 1362 305 1387 nostro
328 1359 382 1393 H„
410 1358 499 1387 tituli
525 1362 637 1388 sancte
661 1358 782 1388 Sabine
802 1359 985 1396 presbitero
1004 1359 1112 1388 cardi-

102 1411 188 1445 nali,
208 1415 285 1440 tunc
307 1411 341 1439 in
365 1419 466 1448 regno
485 1410 659 1440 Alamanie
680 1411 858 1448 apostolice
879 1411 973 1441 Sedis
992 1411 1109 1449 legato,

103 1464 164 1494 sub
182 1468 270 1493 certa
286 1464 393 1493 forma
409 1472 467 1501 per
485 1472 562 1493 suas
583 1463 711 1493 litteras
729 1464 967 1499 commisisset,
986 1468 1021 1493 ut
1038 1473 1112 1494 cum

102 1516 245 1556 quodam
259 1516 410 1545 nobilide
423 1516 587 1551 Hanonia,
601 1516 687 1554 quod
699 1517 875 1554 quamdam
888 1517 1031 1546 nobilem
1044 1526 1113 1546 11111-

102 1569 220 1599 11010111
237 1573 354 1607 quarta
372 1569 462 1598 linea
478 1569 779 1606 consanguinitatis
798 1578 873 1599 eum
895 1570 1112 1607 attingentem

104 1622 171 1652 sibi
192 1626 303 1660 posset
329 1621 492 1659 copulare,
519 1621 810 1651 matrimonialiter
834 1622 1058 1660 dispensaret,
1084 1622 1113 1651 si

105 1673 252 1704 Ecclesie
270 1678 299 1703 01
317 1673 483 1703 carissimi
499 1673 534 1702 in
550 1673 683 1703 Christo
700 1673 761 1702 filii
776 1674 881 1703 nostri
895 1674 933 1704 G.
948 1675 1037 1712 regis
1051 1675 1112 1704 Ro-

103 1735 279 1755 manorum
300 1725 442 1755 illustris
458 1726 584 1755 videret
601 1725 731 1763 negotio
749 1726 916 1764 expedire,
934 1726 1022 1756 idem
1041 1736 1113 1756 car-

103 1778 226 1808 dinalis
246 1778 341 1807 fratri
368 1777 524 1807 Michaeli
547 1777 585 1807 de
606 1778 729 1807 Ordine
750 1778 997 1808 Predicatorum
1015 1780 1113 1809 Insu-

101 1831 247 1861 lensium
272 1830 449 1865 commisit,
471 1834 507 1860 ut
529 1839 627 1868 super
649 1830 710 1859 1100
727 1831 821 1869 Juxta
840 1831 980 1861 formam
999 1831 1112 1871 hujus-

102 1884 191 1914 modi
214 1893 288 1913 cum
315 1883 428 1913 eodem
451 1883 555 1912 nobili
576 1883 795 1921 dispensaret.
819 1883 883 1913 Sed
903 1883 988 1913 dicto
1010 1885 1112 1914 fratre

102 1936 265 1967 Michaele
280 1936 314 1965 in
330 1936 461 1973 negotio
477 1936 549 1974 ipso
564 1936 740 1974 procedere
756 1936 930 1966 differente
946 1946 982 1966 ac
999 1937 1113 1967 eodem

101 1989 334 2028 predecessore
364 1989 451 2018 viam
480 1989 636 2019 universe
667 1989 777 2019 carnis
808 1989 976 2027 ingresso,
1005 1990 1112 2020 dictus

101 2041 298 2075 cardinalis,
327 2042 364 2071 de
396 2041 532 2079 speciali
559 2042 713 2072 mandato
742 2047 854 2072 nostro
880 2043 910 2072 ei
935 2043 1010 2073 viva
1035 2052 1112 2073 voce

102 2096 207 2130 facto,
224 2095 371 2133 predicto
389 2095 485 2124 fratri
504 2095 660 2125 Michaeli
678 2104 735 2133 per
754 2104 831 2125 suas
847 2095 976 2126 litteras
994 2096 1112 2126 iterato

102 2147 279 2182 commisit,
294 2151 330 2176 ut
343 2147 435 2186 juxta
452 2148 592 2177 formam
609 2147 648 2177 ab
665 2148 778 2177 eodem
793 2148 955 2178 cardinali
972 2149 1037 2178 sibi
1051 2153 1113 2178 tra-

103 2200 205 2230 ditam
220 2200 409 2238 procederet
424 2200 458 2229 in
475 2200 607 2238 negotio
620 2204 812 2230 memorato.
829 2202 929 2231 Porro
944 2201 1030 2231 idem
1045 2202 1113 2231 fra-

103 2257 152 2283 ter
180 2252 322 2282 Michael
349 2252 519 2282 vobiscum
543 2252 599 2290 qui
621 2253 701 2282 estis
722 2253 761 2282 de
782 2253 952 2289 Hanonia,
977 2258 1023 2289 ut,
1047 2264 1112 2284 non

102 2306 254 2336 obstante
277 2305 364 2344 quod
388 2306 537 2335 attinetis
559 2305 651 2335 vobis
673 2306 712 2335 ad
732 2306 875 2336 invicem
899 2311 1015 2345 quarto
1035 2316 1113 2337 con-

103 2358 343 2397 sanguinitatis
361 2358 475 2395 gradu,
491 2358 632 2396 possetis
648 2359 939 2390 matrimonialiter
953 2360 1110 2398 copulari,

104 2412 300 2442 auctoritate
321 2411 547 2441 concessionis
560 2411 752 2450 hujusmodi
768 2412 983 2450 dispensavit,
1000 2414 1113 2452 sicque

103 2469 254 2503 pretextu
278 2464 355 2494 talis
380 2464 641 2502 dispensationis
666 2465 753 2495 inter
781 2474 838 2495 vos
865 2475 923 2504 per
949 2466 1049 2496 verba
1075 2467 1113 2497 de

103 2517 251 2555 presenti
266 2517 513 2546 matrimonium
532 2517 744 2546 contraxistis
761 2517 886 2547 carnali
903 2518 1019 2556 copula
1035 2519 1114 2548 sub-

104 2573 228 2599 secuta.
256 2570 380 2599 Verum
404 2569 604 2598 veiim-abilis
632 2570 734 2599 frater
762 2575 874 2600 noster
899 2594 930 2606 ..,
958 2571 1114 2601 Camera-

105 2622 216 2652 censis
234 2622 419 2659 episcopuS,
437 2622 634 2651 diocesanus
651 2625 769 2657 vester,
790 2622 841 2652 vel
860 2623 930 2661 ejus
949 2624 1112 2659 officialis,

106 2674 147 2703 ad
164 2683 260 2712 quem
279 2678 374 2711 prout
391 2674 552 2703 asseritur
571 2673 714 2703 delatum
734 2675 797 2703 suit
817 2675 903 2713 1111011
924 2675 1115 2714 hujusmodi

106 2726 356 2756 matrimonium
375 2726 556 2756 subsistere
574 2735 639 2755 non
656 2726 796 2762 valebat,
815 2736 871 2757 vos
888 2728 966 2757 fecit
984 2733 1116 2767 propter

106 2779 168 2809 hoc
185 2779 225 2808 ad
241 2788 335 2809 suam
351 2779 553 2817 presentiam
573 2780 714 2809 evocari.
734 2780 842 2816 Quare
865 2781 959 2811 nobis
978 2781 1116 2810 humili-

106 2835 157 2862 ter
177 2832 406 2870 supplicastis,
425 2836 460 2861 111
479 2832 650 2870 providere
672 2832 764 2861 vobis
784 2841 882 2871 super
898 2833 959 2863 hoc
979 2838 1117 2871 paterna

107 2883 333 2913 sollicitudine
348 2892 551 2913 curaremus.
564 2883 720 2913 Veientes
739 2884 840 2922 igitur
854 2889 899 2920 ut,
916 2886 1001 2923 quod
1019 2895 1117 2924 super

1190 298 1251 327 1100
1274 299 1314 328 ab
1338 300 1451 329 eodem
1472 300 1573 330 fratre
1595 300 1756 330 Michaele
1780 305 1930 338 pretextu
1954 302 2199 334 commissionis

1191 351 1255 380 51111
1269 353 1354 382 facte
1369 362 1387 382 a
1403 353 1547 390 predicto
1565 354 1725 383 cardinali
1739 354 1933 383 auctoritate
1949 359 2060 384 nostra
2077 356 2201 385 factum

1192 407 1251 435 est,
1271 404 1370 433 robur
1384 404 1530 434 obtineat
1545 406 1724 437 firmitatis,
1741 415 1930 443 processum
1944 416 2001 444 per
2015 408 2200 445 predictum

1191 456 1329 485 fratrem
1350 457 1546 487 Michaelem
1566 467 1664 495 super
1680 458 1741 487 boc
1758 458 1922 493 habitum,
1946 463 2053 488 ratum
2075 464 2103 489 et
2126 470 2201 498 gra-

1192 512 1263 537 tum
1284 508 1460 544 habentes,
1487 509 1583 538 illum
1606 510 1800 539 auctoritate
1824 511 2002 547 apostolica
2025 513 2202 542 confirma—

1193 570 1266 591 mus
1281 565 1339 591 etc.
1357 570 1462 600 11511110
1479 572 1484 590 ;
1500 562 1759 597 communimus3
1776 562 1945 592 vobiscum
1960 564 2200 596 nichilominus

1194 614 1235 643 ad
1263 614 1426 643 cautelam
1455 615 1649 644 auctoritate
1680 614 1859 652 apostolica
1888 615 2117 653 dispensantes
2145 622 2198 653 ut,

1194 667 1297 704 gradu
1315 676 1380 696 non
1399 667 1549 696 obstante
1570 667 1734 705 predicto,
1757 668 1892 705 possitis
1914 669 1947 697 in
1967 670 2014 698 sic
2035 674 2202 700 contracto

1194 719 1406 749 matrimonio
1422 719 1512 749 licite
1530 728 1712 749 remanere.
1738 719 1831 749 Nulli
1852 724 1912 749 etc.
1934 721 2007 750 Dat.
2029 722 2199 758 Laterani,

1193 772 1221 801 V
1239 771 1314 801 idus
1328 772 1486 809 januarii,
1505 781 1591 801 anno
1610 772 1765 801 secundo.
1786 784 1798 797 »

1273 955 1389 984 1059

1231 1017 1376 1043 statutum
1392 1017 1532 1043 eeclesiae
1549 1017 1719 1049 Remensis,
1740 1021 1769 1044 ut
1785 1019 1913 1044 omnium
1933 1019 2136 1045 canonicorum
2153 1019 2205 1045 ab-

1195 1065 1321 1091 sentium
1339 1066 1387 1099 qni
1410 1065 1546 1092 dicuntur
1568 1066 1678 1098 foranei
1700 1066 1924 1101 praebendarum
1950 1070 2108 1101 proventus
2131 1066 2206 1093 divi-

1195 1113 1298 1139 dantur
1314 1115 1388 1140 inter
1409 1115 1564 1140 canonicos
1588 1115 1748 1141 residentes
1773 1115 1822 1149 qui
1847 1115 1924 1141 horis
1949 1116 2096 1142 matutinis
2115 1116 2205 1142 inter-

1749 956 1861 990 Latran,
1881 957 1911 982 15
1925 957 2037 991 janvier
2055 957 2132 984 1256.

1196 1166 1274 1194 sunt,
1292 1163 1451 1193 confirmat,
1466 1164 1628 1197 praeposito
1644 1164 1784 1190 ecciesiae
1800 1164 1922 1198 lingone
1935 1164 2046 1195 Rubeo,
2059 1166 2205 1200 capellano

1195 1219 1266 1243 5110,
1299 1214 1414 1245 propter
1443 1212 1602 1238 absentiam
1633 1212 1810 1246 praebendae
1839 1213 1982 1239 fructibus
2010 1214 2203 1239 renuntiante.

1194 1258 1276 1292 (lieu.
1298 1258 1346 1290 ⁶24,
1369 1259 1387 1285 f.
1408 1259 1485 1293 130v,
1502 1268 1567 1286 ann.
1585 1259 1626 1290 ΙΙ,
1645 1268 1671 1286 0.
1689 1260 1738 1290 49;
1758 1259 1902 1286 1301111151
1920 1261 2027 1294 16180.)
2206 1254 2209 1259 s

1238 1372 1250 1386 «
1271 1382 1303 1395 ..,
1323 1360 1434 1389 decano
1447 1365 1472 1389 ct
1486 1361 1620 1397 capituto
1636 1362 1836 1389 Remetzsibas.
1855 1362 1994 1396 Statuta,
2009 1371 2067 1400 per
2080 1372 2143 1401 que
2160 1363 2205 1392 di-

1195 1412 1265 1441 vini
1287 1412 1413 1441 nomini
1433 1412 1540 1442 cultus
1558 1413 1591 1442 in
1613 1413 1763 1443 ecclesiis
1783 1415 1990 1452 augmentari
2007 1419 2038 1445 et
2053 1417 2204 1454 personis

1196 1465 1244 1494 eis
1267 1465 1528 1503 obsequentibus
1548 1466 1723 1503 provenire
1743 1467 1871 1496 fructus
1893 1467 2070 1505 ampliores
2091 1469 2205 1499 dinos-

1196 1522 1326 1553 cuntur,
1339 1522 1367 1547 ta
1374 1523 1428 1548 nto
1440 1518 1600 1548 libentius
1611 1519 1762 1548 volumus
1775 1519 2013 1549 inviolabiliter
2022 1521 2203 1557 observari,

1196 1574 1319 1609 quanto
1336 1570 1423 1600 inter
1439 1571 1522 1601 alias
1540 1571 1777 1602 sollicitudinis
1796 1577 1907 1603 nostre
1924 1582 2020 1603 curas
2037 1574 2206 1604 desidera-

1195 1622 1298 1651 bilius
1320 1623 1353 1651 id
1376 1622 1517 1653 habetur
1540 1628 1576 1653 ut
1599 1625 1737 1655 ecclesie
1761 1629 1791 1655 et
1816 1635 1955 1664 persone
1981 1627 2205 1658 ecclesiastice

1196 1675 1416 1713 spiritualiter
1431 1680 1461 1705 et
1478 1677 1703 1714 temporaliter
1719 1679 1900 1717 majoribus
1913 1680 2086 1717 proficiant
2100 1681 2205 1711 incre-

1195 1728 1327 1757 mentis.
1347 1728 1429 1758 Cum
1448 1729 1562 1767 igitur,
1579 1731 1664 1760 sicut
1680 1731 1775 1761 nobis
1793 1741 1954 1770 exponere
1969 1733 2156 1769 curavistis,
2170 1734 2205 1763 in

1196 1780 1337 1810 ecclesia
1361 1786 1485 1817 vestra,
1512 1791 1575 1820 que
1601 1788 1734 1821 propter
1758 1785 1993 1814 canonicorum
2021 1786 2206 1815 absentiam

1195 1832 1341 1862 residere
1362 1842 1426 1863 non
1447 1834 1635 1863 curantium
1652 1835 1686 1864 in
1707 1836 1820 1866 eadem
1837 1837 2001 1867 defectum
2019 1838 2207 1876 patiebatur

1196 1893 1261 1914 non
1281 1885 1447 1915 modicum
1465 1886 1498 1914 in
1516 1886 1639 1917 divinis
1657 1892 1687 1917 et
1705 1888 1826 1918 debitis
1842 1889 2011 1928 obsequiis
2028 1891 2207 1920 fraudaba-

1196 1941 1259 1971 tur,
1285 1942 1445 1967 statutum
1469 1939 1511 1968 sit
1535 1943 1566 1969 et
1589 1949 1646 1978 per
1668 1940 1785 1970 Sedem
1804 1942 2016 1979 apostolicam
2036 1944 2206 1973 confirma-

1196 1994 1282 2025 tum,
1301 1994 1336 2020 ut
1356 1991 1505 2020 omnium
1521 1993 1756 2022 canonicorum
1774 1994 1962 2024 absentium
1979 1996 2035 2033 11111
2052 1996 2208 2026 dicuntur

1194 2045 1316 2079 foranei
1336 2044 1579 2082 prebendarum
1599 2050 1778 2083 proventus
1795 2047 1986 2077 dividantur
2002 2049 2089 2078 inter
2108 2058 2207 2079 cano-

1196 2097 1288 2126 nicos
1312 2097 1498 2127 residentes
1521 2099 1578 2137 11111
1603 2099 1695 2128 110115
1720 2101 1894 2131 matutinis
1920 2101 2104 2138 intersunt3
2129 2103 2208 2141 quia

1195 2150 1403 2187 postmodum
1421 2151 1622 2181 venerabilis
1640 2153 1742 2182 frater
1759 2158 1870 2183 noster
1889 2177 1920 2189 ..,
1939 2155 2112 2193 episcopus
2128 2157 2206 2186 Asi-

1197 2202 1300 2237 sinas,
1320 2203 1372 2232 cui
1390 2212 1488 2241 super
1505 2204 1668 2234 faciendis
1685 2205 1834 2235 exhiberi
1851 2206 1970 2236 dilecto
1989 2207 2056 2237 filio
2073 2209 2208 2246 Hugoni

1196 2256 1322 2291 Rubeo,
1342 2256 1511 2294 capellano
1529 2262 1652 2292 nostro,
1671 2259 1837 2296 preposito
1854 2260 2024 2296 Remensi,
2042 2261 2208 2299 prebende

1196 2317 1254 2337 sue
1274 2309 1489 2346 proventibus
1511 2311 1634 2348 scripta
1655 2316 1768 2341 nostra
1785 2312 1982 2349 direximus,
2001 2314 2080 2344 fecit
2098 2324 2155 2353 per
2173 2324 2208 2345 se

1196 2364 1227 2390 et
1248 2360 1403 2390 dilectum
1426 2361 1531 2391 tilium
1549 2363 1780 2401 Grixopolum,
1800 2365 1995 2395 canonicum
2017 2367 2122 2396 sancti
2144 2368 2208 2397 Be-

1196 2413 1320 2443 nedicti
1341 2414 1561 2449 parisiensis,
1586 2415 1620 2444 in
1642 2425 1698 2446 vos
1718 2418 1949 2455 suspensionis
1971 2423 2001 2448 et
2021 2419 2056 2448 in
2077 2424 2209 2450 contra-

1197 2466 1338 2496 dictores
1362 2468 1543 2498 Remenses
1563 2470 1739 2499 canonicos
1761 2472 2112 2503 excommunicationis
2131 2483 2208 2503 sen-

1198 2519 1318 2548 tentias
1344 2520 1565 2557 promulgari,
1592 2522 1688 2552 nobis
1714 2522 1887 2553 humiliter
1914 2525 2144 2563 supplicastis.
2173 2531 2209 2556 ut

1198 2574 1358 2601 statutum
1373 2571 1564 2611 hujusmodi
1582 2575 1777 2605 confirmare
1794 2586 1830 2606 ac
1846 2586 1944 2615 super
1960 2577 2021 2607 1100
2037 2579 2209 2616 providere

1198 2623 1291 2652 vobis
1313 2623 1351 2653 de
1376 2624 1582 2662 benignitate
1606 2627 1703 2657 solita
1727 2638 1930 2659 curaremus.
1957 2631 2109 2661 Presatus
2133 2641 2209 2662 vero

1198 2676 1395 2713 prepositus,
1415 2681 1576 2707 statutum
1592 2679 1700 2717 ipsum
1719 2680 1831 2710 volens
1848 2681 2088 2713 inviolabiliter
2104 2688 2209 2713 custo-

1198 2728 1279 2763 diri,
1299 2728 1403 2765 gratie
1423 2729 1486 2758 sibi
1505 2731 1590 2761 facte
1612 2740 1630 2760 a
1651 2732 1733 2762 Sede
1757 2734 1937 2771 apostolica
1958 2743 2056 2772 super
2073 2745 2210 2774 percep-

1198 2780 1288 2809 tione
1320 2780 1354 2809 in
1383 2781 1453 2820 ejus
1479 2782 1631 2813 absentia
1658 2785 1827 2815 fructuum
1854 2786 2020 2823 prebende
2046 2797 2143 2825 quam
2173 2788 2210 2817 in

1199 2832 1287 2862 dicta
1315 2833 1455 2863 ecclesia
1485 2835 1612 2866 obtinet
1647 2838 1853 2867 renuntiavit
1882 2838 1984 2869 libere
2015 2848 2124 2869 coram
2149 2850 2210 2870 no-

1200 2885 1263 2915 bis.
1283 2886 1351 2916 Nos
1368 2886 1480 2924 igitur,
1499 2889 1619 2918 vestris
1636 2890 1935 2928 sumilicationibus
1952 2892 2115 2928 inclinati,
2134 2903 2211 2932 pre-
