2498 3325
967 264 1197 301 DEUXIEME
1219 264 1378 302 ANNEE.
2165 274 2221 305 343

131 352 143 365 »
169 344 198 370 et
215 339 376 377 complevi
391 343 539 377 rogatus,
563 339 650 377 quod
670 339 710 368 ad
731 338 893 368 cautelam
915 346 955 367 ne
976 336 1080 375 possit
1098 335 1133 364 in

130 405 142 419 n
168 396 334 430 posterum
346 391 502 427 dubitari,
516 392 663 429 prefatus
676 390 980 424 vicecancellarius,
993 390 1026 418 in
1039 389 1133 427 cujus

131 458 143 471 »
167 445 334 483 presentia
348 444 407 474 hec
424 445 509 473 facta
525 444 672 478 suerunt,
692 444 770 473 fecit
789 444 841 473 sui
857 443 960 480 sigilli
978 452 1044 472 una
1060 450 1134 471 cum

131 509 144 524 »
170 496 279 534 sigillo
295 496 457 526 dictorum
474 500 723 534 procuratorum
740 496 925 526 munimine
941 494 1101 524 roborari.
1120 507 1132 520 »

169 549 262 579 Nulli
283 554 341 578 etc.
368 554 479 579 nostre
499 549 717 587 suppletionis
739 553 770 578 et
791 548 1053 578 confirmationis
1072 551 1132 577 etc.

130 603 201 631 Dat.
221 602 386 636 Laterani,
404 602 433 630 V
448 602 522 631 idus
542 602 714 637 februarii,
733 610 819 631 anno
838 601 993 631 secundo.
1015 613 1026 626 »

203 785 321 813 1140

167 846 296 881 Capitulo
318 845 493 872 Casseliensi
515 847 755 878 consuetudines,
783 847 929 881 privilegia
951 850 1006 874 etc.
1029 846 1137 873 confir-

131 899 199 922 mat.
217 895 300 927 (Res.
317 894 365 927 2⁷4,
382 895 400 921 f.
421 895 479 925 143,
496 903 561 921 ann.
585 894 626 927 11,
646 903 670 921 c.
692 895 773 926 1i52.)

702 785 818 817 Latran,
835 785 850 811 8
867 785 970 811 sevriei·
987 784 1064 811 1256.

172 1008 183 1021 «
214 1018 245 1029 ..,
271 996 393 1029 decano,
421 1001 446 1024 et
469 996 604 1032 capitulo
627 996 869 1025 Cassellensibus.
891 995 974 1026 Cum
997 1004 1015 1024 a
1041 994 1135 1024 nobis

128 1047 252 1086 petitur
271 1051 331 1077 etc.
349 1056 455 1085 usque
471 1057 476 1075 :
497 1047 660 1078 effectum.
679 1048 869 1085 Eapropter,
888 1047 1001 1077 dilecti
1018 1047 1052 1076 in
1070 1048 1136 1076 Do-

128 1100 218 1130 mino
238 1100 315 1135 filii,
338 1101 458 1130 vestris
476 1101 577 1139 justis
595 1100 749 1138 precibus
765 1100 934 1135 inclinati,
952 1109 1066 1130 omnes
1084 1108 1136 1129 ec-

128 1153 228 1183 clesie
250 1157 358 1183 vestre
381 1153 638 1183 consuetudines
662 1152 877 1182 rationabiles
898 1156 928 1183 et
947 1152 1101 1191 antiquas
1118 1161 1136 1181 a

127 1205 221 1235 vobis
240 1209 271 1235 et
293 1206 413 1235 vestris
434 1205 724 1244 predecessoribus
744 1205 905 1235 hactenus
927 1205 1062 1243 pacifice
1078 1204 1136 1235 ob-

128 1262 285 1293 servatas,
304 1267 432 1288 necnon
449 1258 620 1288 libertates
637 1262 667 1288 et
683 1258 912 1288 immunitates
929 1267 945 1288 a
962 1258 1136 1295 predeces-

129 1310 259 1340 soribus
276 1310 410 1345 nostris,
428 1310 588 1340 Romanis
605 1310 836 1348 pontificibus,
855 1310 993 1340 ecclesie
1010 1310 1135 1348 prefate

128 1363 306 1397 concessis,
325 1372 453 1393 necnon
470 1363 693 1401 exemptiones
710 1363 911 1393 secularium
928 1363 1136 1393 exactionum

130 1424 148 1444 a
169 1415 322 1452 regibus,
344 1415 516 1453 princibus
539 1415 601 1453 (sic)
621 1420 652 1445 et
673 1415 749 1445 aliis
768 1415 893 1446 Christi
913 1415 1066 1445 fidelibus
1083 1424 1136 1444 ra-

129 1468 335 1498 tionabiliter
356 1468 449 1498 vobis
471 1468 634 1502 indultas,
656 1468 748 1498 vobis
765 1473 795 1497 et
811 1478 869 1506 per
885 1477 941 1497 vos
961 1468 1066 1498 eidem
1084 1477 1136 1498 ec-

129 1520 230 1550 clesie
256 1521 450 1550 auctoritate
474 1520 652 1558 apostolica
672 1520 906 1550 confirmamus
927 1525 987 1550 etc.
1004 1529 1110 1559 usque
1129 1530 1135 1548 :

131 1572 386 1602 communimus.
411 1574 484 1602 Dat.
509 1573 680 1603 Laterani.
698 1574 743 1603 VI
765 1573 838 1602 idus
858 1573 1030 1607 februarii,
1051 1582 1136 1602 anno

132 1626 286 1655 secundo.
308 1638 320 1651 »

204 1809 317 1838 1141

164 1869 277 1897 Oddoni
299 1870 433 1904 caputio,
450 1871 477 1896 in
494 1871 662 1905 episcopum
687 1870 888 1896 Cataniensem
911 1871 945 1896 ab
967 1870 1137 1897 Innocentio

130 1927 202 1953 papa
219 1919 371 1953 praesecto,
388 1923 457 1945 tunc
473 1919 618 1952 capellano
634 1918 765 1952 ejusdem
784 1927 881 1953 papae,
899 1919 926 1945 in
946 1920 1069 1946 ecclesia
1084 1928 1137 1946 sua

683 1809 794 1841 Lati-au,
811 1809 844 1835 Δ28
858 1809 970 1843 janviei·
989 1809 1064 1836 1256.

130 1975 232 1993 secure
246 1968 347 1993 morari
361 1976 414 1993 non
428 1967 543 1998 valenti,
554 1967 687 1993 concedit
701 1967 864 1993 facultatem
881 1967 1057 2002 percipiendi
1071 1976 1136 1993 curn

129 2015 294 2049 integritate
310 2017 374 2049 ejus
392 2019 546 2050 proventus
562 2016 714 2049 omniaque
730 2015 878 2046 beneficia,
896 2024 997 2042 omnes
1014 2024 1138 2050 proven-

130 2068 177 2090 tus
193 2068 221 2090 et
237 2064 427 2098 praebendas,
447 2064 580 2091 universa
593 2065 660 2098 jura
680 2065 877 2091 ecclesiastica
891 2073 964 2099 quae
981 2065 1137 2099 promotio-

130 2113 176 2139 nis
191 2116 318 2146 tempore
332 2113 486 2143 obtinebat,
505 2112 649 2144 servandi,
666 2113 773 2144 donec,
792 2121 879 2147 regno
897 2113 1011 2140 Siciliae
1034 2113 1061 2139 in
1078 2117 1138 2140 sta-

130 2164 190 2187 tum
215 2162 343 2195 quietum
371 2161 498 2193 redacto,
525 2161 616 2196 possit
644 2162 671 2187 in
691 2161 832 2195 praedicta
853 2162 976 2188 ecclesia
1000 2162 1136 2188 residere.

130 2209 214 2242 (Rau.
230 2209 274 2239 24,
291 2210 309 2235 f.
332 2209 387 2242 143,
405 2218 471 2236 ann.
489 2209 569 2241 11,c.
588 2209 657 2242 116.)

174 2322 186 2336 α
211 2310 327 2339 Oddoni
346 2311 489 2348 θαρῑιῑίο,
512 2311 599 2340 electo
618 2311 827 2340 Cathfaniensi,
849 2310 946 2341 Clara
965 2311 1140 2349 probitatis

132 2367 187 2393 tue
216 2379 264 2391 -.
295 2363 368 2393 Dat.
402 2363 573 2398 Laterani,
601 2364 630 2393 V
658 2363 817 2393 kalendas
846 2364 1022 2399 februarii,
1053 2373 1140 2394 anno

131 2415 285 2446 secundo.
307 2428 319 2442 »

206 2602 225 2629 1
238 2602 324 2629 142
685 2600 797 2634 Latran,
815 2600 974 2634 28janvie1·
992 2600 1070 2627 1256.

170 2663 267 2690 Eidem
284 2663 426 2698 indulget,
445 2668 483 2694 ut,
503 2670 558 2689 non
577 2662 708 2689 obstante
725 2663 846 2689 termino
863 2671 913 2689 sex
931 2663 1073 2689 mensium
1092 2671 1142 2697 pro

134 2712 352 2740 consecratione
376 2711 540 2746 recipienda
563 2714 685 2742 statuto,
704 2719 809 2737 munus
825 2711 1053 2737 consecrationis
1069 2711 1142 2737 rcci-

135 2768 202 2796 pere
219 2760 336 2786 minime
350 2763 495 2791 teneatur,
513 2759 604 2785 donec
627 2760 718 2793 possit
735 2760 760 2785 in
777 2759 899 2785 ecclesia
916 2758 1079 2785 Catanicnsi
1100 2768 1144 2785 re-

135 2809 240 2836 sidere.
260 2807 698 2841 mensu,f.143,ann.11,c.
718 2807 797 2841 1162.)

180 2922 191 2935 α
212 2910 327 2938 Eidem.
345 2909 429 2945 Quia
447 2909 568 2938 dudum
586 2905 696 2946 plures
713 2925 761 2936 ——.
783 2909 855 2937 Dat.
874 2912 910 2937 ut
927 2917 1036 2946 supra.
1058 2920 1070 2933 »

1290 337 1406 365 1143

1252 398 1391 432 Magistro
1408 399 1535 425 Roberto
1551 399 1585 425 de
1602 400 1632 425 S.
1649 400 1763 433 Agatha
1783 400 1921 434 indulget,
1940 404 1982 432 ut,
2002 406 2112 435 praeter
2128 402 2221 427 cccle-

1216 446 1331 472 siastica
1355 447 1493 473 beneficia
1511 449 1570 481 jam
1595 448 1725 479 obtenta,
1750 448 1807 474 duo
1832 449 1935 474 similia
1960 449 2098 475 beneficia
2123 458 2221 476 curam

1215 495 1374 521 animarum
1387 496 1521 521 habentia
1536 496 1664 530 recipere
1675 499 1714 528 et,
1729 504 1815 522 unuin
1830 497 2078 531 1·esignans,aiiud
2096 499 2222 533 recipere

1216 543 1316 569 valeat.
1335 543 1417 575 (Rho.
1435 543 1479 576 ⁶34,
1497 544 1514 570 f.
1537 543 1775 575 143‚ann.11,c.
1795 545 1876 576 1163.)

1772 339 1885 370 Latran,
1904 339 1934 365 10
1951 339 2054 365 fevrier
2073 340 2148 367 1256.

1259 656 1271 669 «
1293 645 1436 681 Magistro
1460 645 1580 673 Roberto
1600 645 1633 673 [le
1652 645 1765 673 Sancta
1788 646 1915 681 Aqalha,
1937 648 2083 675 canonico
2103 648 2222 676 Line-ol-

1217 696 1330 724 m'erzsi.
1353 695 1593 728 Volentestibi
1613 701 1667 726 tue
1690 714 1737 724 —.
1761 697 1834 725 Dat.
1860 698 2031 732 Laterani,
2057 699 2124 728 IIII
2147 698 2222 728 idus

1216 747 1392 782 februarii,
1413 757 1500 778 anno
1516 749 1672 778 secundo.
1692 760 1704 775 »

1292 931 1406 958 1144

1253 991 1390 1026 Magistro
1414 991 1494 1019 Adae
1518 993 1553 1018 de
1573 993 1715 1019 Evesham
1740 993 1883 1027 indulget,
1904 997 1933 1019 ut
1954 993 2009 1019 duo
2026 994 2225 1020 ecclesiastica

1218 1039 1356 1066 beneficia
1370 1048 1467 1066 curam
1484 1041 1645 1067 animai-um
1661 1049 1801 1067 annexam
1819 1040 1967 1071 habentia,
1986 1049 2058 1075 quae
2073 1042 2101 1067 in
2117 1041 2223 1068 Ebora-

1776 931 1888 962 Laium,
1907 932 1937 958 15
1956 932 2058 957 sevrier
2077 932 2152 959 1256.

1217 1089 1298 1114 censi
1314 1091 1341 1114 et
1357 1087 1552 1115 Lincolniensi
1568 1089 1734 1115 diocesibus
1755 1089 1817 1114 sine
1833 1088 2048 1123 dispensatione
2069 1089 2225 1123 apostolica

1218 1136 1375 1170 obtinebat,
1394 1137 1486 1171 possit
1503 1137 1627 1163 retinere
1642 1141 1670 1163 et
1687 1137 1802 1163 unicum
1819 1137 1894 1163 aliud
1914 1137 2083 1163 beneficium
2100 1138 2226 1172 recipere

1217 1188 1244 1210 et
1269 1184 1391 1211 duorum
1415 1185 1626 1217 praedictorum
1650 1186 1771 1211 alterum
1797 1194 1846 1219 pro
1870 1185 1924 1211 aiio
1946 1189 2066 1212 mutare.
2082 1185 2163 1218 (Rea.
2180 1186 2224 1218 ⁵24,

1216 1233 1314 1264 f.143‚
1332 1242 1398 1259 ann.
1416 1232 1454 1265 II,
1472 1242 1496 1259 c.
1517 1234 1588 1267 117.)

1258 1345 1271 1359 (ι
1286 1334 1429 1370 Magistro
1440 1334 1499 1362 Acie
1515 1334 1548 1362 (le
1560 1335 1718 1368 Evesham,
1732 1335 1840 1363 clerico
1856 1334 2074 1371 Wiqornimzsis
2089 1336 2223 1365 diocesis.

1216 1385 1373 1416 Volentes
1403 1386 1464 1415 tibi
1497 1390 1551 1415 tue
1581 1403 1629 1414 —-.
1658 1387 1731 1415 Dat.
1758 1387 1930 1419 Laterani,
1962 1388 2039 1417 XVI
2066 1387 2225 1417 kalendas

1215 1438 1339 1473 martii,
1354 1447 1440 1468 anno
1455 1438 1610 1468 secundo.
1630 1450 1643 1464 »

1294 1621 1411 1649 ¹145

1255 1682 1429 1709 Abbatissae
1445 1688 1473 1708 et
1489 1683 1644 1708 conventui
1661 1683 1827 1709 monasterii
1844 1692 1868 1710 s.
1886 1684 2023 1718 Stephani
2039 1685 2073 1710 de
2088 1685 2165 1711 Ruta
2181 1687 2225 1712 vi-

1220 1731 1304 1757 vendi
1324 1731 1472 1757 formulam
1500 1731 1533 1756 de
1559 1731 1655 1765 regula
1681 1740 1704 1757 s⁴
1735 1731 1882 1758 Benedicti
1909 1740 1958 1766 pro
1982 1733 2037 1759 illis
2061 1738 2225 1768 excerptam

1218 1780 1378 1806 confirmat.
1396 1779 1478 1813 (Rea.
1494 1779 1539 1813 24,
1556 1779 1574 1805 f.
1598 1779 1659 1811 143,
1677 1788 1743 1805 ann.
1761 1779 1802 1812 II,
1820 1788 1845 1806 c.
1867 1781 1931 1811 118,·
1951 1780 2095 1808 Porraasr
2120 1782 2225 1815 16230.)

1792 1621 1906 1653 Lati-an,
1923 1623 1938 1649 5
1955 1623 2058 1649 sevrier
2075 1624 2151 1651 1256.

1261 1893 1273 1906 α
1295 1903 1327 1914 ..,
1340 1881 1494 1916 abbatisse,
1511 1886 1536 1909 et
1550 1881 1714 1909 conventui
1726 1882 1907 1909 monasterii
1919 1883 2018 1910 sancti
2033 1882 2180 1919 Stephani
2196 1884 2229 1912 de

1219 1934 1313 1966 Ruta,
1336 1933 1544 1961 Ferrariensis
1560 1934 1701 1967 diocesis,
1721 1934 1760 1962 ad
1774 1934 1940 1962 Romanam
1960 1935 2125 1963 Ecclesiam
2144 1937 2229 1965 nullo

1219 1986 1317 2015 medio
1330 1987 1526 2022 pertinentis.
1550 1985 1639 2015 Solet
1656 1994 1802 2015 annuere
1820 1990 1879 2016 etc.
1902 1995 2007 2025 usque
2026 1997 2031 2015 z
2051 1987 2225 2025 impertiri.

1220 2038 1409 2076 Eapropter,
1440 2037 1552 2067 dilecti
1578 2038 1612 2066 in
1638 2038 1778 2067 Domino
1806 2038 1883 2073 filii,
1911 2039 2094 2068 devotionis
2122 2044 2228 2069 vestre

1220 2090 1520 2127 supplicationibus
1536 2090 1701 2125 inclinati,
1717 2090 1849 2120 vivendi
1869 2090 2043 2120 formulam
2063 2091 2100 2121 de
2116 2092 2230 2129 regula

1220 2143 1327 2172 sancti
1350 2142 1523 2172 Benedicti
1542 2142 1582 2171 ad
1600 2142 1793 2171 mandatum
1810 2142 1919 2172 felicis
1941 2143 2179 2173 recordationis
2201 2145 2226 2174 Ι.

1220 2204 1302 2233 pape
1325 2195 1568 2233 predecessoris
1590 2195 1695 2224 nostri
1717 2204 1775 2232 per
1792 2195 1880 2224 viros
1898 2195 2071 2233 religiosos
2089 2200 2120 2226 et
2139 2196 2229 2227 litte-

1221 2252 1309 2277 ratos
1325 2247 1453 2277 ordinis
1470 2248 1611 2276 fratrum
1628 2247 1794 2276 Minoi-um
1811 2256 1868 2285 pro
1883 2248 1976 2278 vobis
1995 2253 2073 2278 tunc
2089 2249 2230 2288 alicujus

1223 2299 1377 2337 specialis
1394 2298 1507 2336 regule
1529 2299 1750 2328 observantiis
1770 2308 1834 2329 non
1852 2300 1998 2330 astrictis
2015 2306 2181 2339 exerptam
2201 2306 2232 2331 et

1224 2361 1242 2382 a
1257 2352 1353 2382 nobis
1367 2352 1431 2390 piis
1446 2352 1599 2390 precibus
1612 2351 1822 2389 postulatam,
1839 2353 1931 2382 vobis
1948 2354 2155 2391 providentia
2168 2354 2231 2383 mi—

1223 2404 1383 2434 sericordi
1409 2404 1619 2433 concedimus
1641 2408 1670 2434 et
1692 2405 1887 2434 auctoritate
1909 2406 2088 2443 apostolica
2112 2407 2232 2436 confir-

1224 2466 1353 2486 mamus
1367 2460 1428 2486 etc.
1441 2465 1547 2494 usque
1561 2466 1566 2484 :
1581 2457 1836 2487 communimus.
1851 2457 2041 2488 Statuentes
2054 2462 2088 2488 ut
2100 2462 2163 2488 tam
2174 2467 2232 2497 per

1224 2518 1281 2539 vos
1294 2518 1393 2548 quam
1406 2518 1463 2547 per
1474 2508 1550 2538 illas
1565 2518 1628 2547 que
1640 2509 1733 2538 vobis
1745 2510 1967 2540 successerint
1980 2510 2014 2539 in
2031 2511 2232 2541 monasterio

1224 2566 1333 2592 vestro
1356 2565 1513 2600 perpetuo
1536 2561 1679 2591 formula
1700 2562 1890 2601 hujusmodi
1912 2563 2116 2593 observetur.
2140 2563 2233 2594 Nulli

1224 2618 1285 2644 etc.
1300 2618 1410 2644 nostre
1424 2613 1660 2649 concessionis,
1674 2615 1935 2645 confirmationis
1945 2620 1973 2645 et
1985 2616 2233 2646 constitutionis

1225 2670 1286 2696 etc.
1305 2667 1378 2696 Dat.
1396 2666 1563 2701 Laterani,
1583 2666 1679 2696 nonis
1695 2666 1868 2702 februarii,
1887 2677 1973 2697 anno
1990 2669 2144 2698 secundo.
2169 2682 2179 2694 n

1303 2849 1421 2877 1146

1266 2911 1404 2945 Magistro
1433 2911 1521 2938 David
1555 2912 1701 2945 indulget,
1727 2915 1770 2943 ut,
1794 2920 1859 2938 cuni
1882 2912 2113 2939 archidiaconatu
2140 2913 2235 2948 Dei-by

1786 2850 1897 2882 Latran,
1919 2852 1949 2877 10
1965 2851 2068 2877 fevi-ier
2084 2851 2162 2878 1‘256.
