2456 3585
187 374 220 402 10
904 364 1144 395 REGISTRES
1167 363 1473 394 D'ALEXANDRE
1498 366 1551 395 IV.

182 447 278 476 quam
301 444 474 474 possumus
495 432 700 469 dilig-rentiam
724 431 965 470 impendamus.
983 430 1068 460 Sane
1089 429 1188 460 intel-

181 489 321 518 leximus
338 487 421 525 quod
439 486 562 515 Arliaie
580 489 609 514 et
628 485 738 514 Moree
759 484 912 521 regiones
933 488 1022 513 tante
1043 483 1189 513 necessi-

182 541 257 570 tatis
279 539 417 569 articulo
438 538 662 568 colun-tantur.
687 537 774 576 quod
798 536 863 566 nisi
889 537 937 566 eis
959 546 1016 574 per
1041 536 1188 575 ejusdem

181 594 274 623 Sedis
297 591 534 630 p1·1·›vi·ls·11tian1
557 590 709 619 celeriter
729 594 952 625 succurratur,
974 590 1124 627 graviora
1140 589 1188 619 eis

181 649 331 685 poterunt
350 643 496 683 pericula
513 643 699 672 imminere.
720 644 857 681 Propter
873 643 960 682 quod
975 643 1065 673 decet
1083 647 1113 672 et
1133 651 1188 672 ex-

182 698 265 737 pedit
282 702 315 727 ut
330 698 415 726 cirea
430 696 601 733 regionum
618 696 765 733 ipsarum
779 699 900 725 statum
915 695 1055 725 sollicite
1071 695 1189 733 vigile-

180 760 253 780 mus
270 751 306 779 ad
325 749 513 779 (πη-1111111010
527 748 769 777 inunimentum
785 748 961 777 efficaciter
974 748 1186 777 intendendo.

180 804 322 841 Ideoque
339 801 529 830 discretioni
554 804 659 829 vestro
684 809 740 838 per
756 800 934 838 apostolica
951 800 1071 838 scripta
1095 809 1189 830 man-

180 856 306 885 damus.
325 854 481 892 quatinus
499 853 670 882 universos
688 852 952 891 archiepiscopos
975 858 1003 882 et
1019 853 1189 891 episcopos

180 918 215 937 ae
237 908 318 936 alios
340 906 553 935 =1·‹*‹·l··siai·1uu
574 901 865 943 prelatos'nernon
886 910 1114 943 procuratores
1135 916 1189 935 ca-

180 959 377 990 thedralium
403 958 615 987 ecclesiarum
639 957 829 987 vacantium
851 962 882 987 et
904 962 1030 988 ceteros
1051 958 1188 988 clericos

178 1013 392 1043 beneficiatos
419 1020 544 1040 lwt'llol'l
575 1020 689 1039 omnes
719 1010 892 1047 religiosos
922 1015 987 1040 tam
1022 1015 1188 1049 exemptos

180 1075 277 1105 quam
291 1074 354 1094 non
369 1068 534 1102 exemptos
547 1064 718 1101 regionum
728 1064 874 1101 ipsarum
888 1064 1050 1093 moneatis
1064 1068 1188 1094 attente

180 1127 215 1146 ae
231 1117 406 1147 efficaciter
420 1115 595 1145 inducatis.
610 1119 644 1145 ut
657 1115 789 1153 provide
803 1115 1011 1145 attendentes
1027 1115 1188 1154 (1110111111-

175 1170 320 1208 jusmodi
342 1169 512 1206 negot-ium
537 1167 724 1205 s1‘wcialitm·
746 1168 835 1206 ipsos
858 1168 974 1205 tangit,
1000 1178 1075 1198 cum
1099 1178 1188 1198 com-

180 1222 290 1251 munis
307 1222 349 1251 sit
370 1221 451 1259 ipsis
472 1225 500 1250 et
525 1221 600 1250 aliis
623 1225 653 1250 et
674 1221 875 1259 prosperitas
897 1225 927 1251 et
950 1221 1133 1251 adversitas
1152 1222 1188 1251 in

179 1274 239 1304 hac
254 1278 356 1312 parte,
375 1278 438 1303 tam
459 1282 517 1311 per
538 1283 572 1303 se
591 1282 688 1311 quam
711 1282 769 1311 per
785 1277 920 1303 cunctos
940 1282 1017 1303 suos
1038 1274 1188 1305 subditos

179 1327 315 1356 clericos
332 1330 362 1356 et
379 1326 479 1355 laicos
493 1326 530 1355 ad
546 1326 706 1355 dictarum
719 1326 891 1363 regionum
903 1326 1187 1356 conservationem

180 1380 337 1409 adversus
363 1379 500 1409 hostiles
525 1378 670 1408 insultus
696 1383 725 1408 et
748 1379 1016 1417 impugnationes
1040 1379 1187 1409 hostium

179 1432 402 1461 communium
418 1431 590 1465 violentas,
605 1431 691 1461 sicut
702 1431 779 1461 laici
793 1435 859 1461 tam
874 1431 1003 1461 nobiles
1017 1441 1115 1470 quam
1129 1431 1187 1461 alii

180 1485 351 1521 regionum
368 1484 513 1522 ipsarum
528 1484 653 1513 eisdem
667 1483 883 1513 subvenerint
894 1488 1055 1522 oportuna
1069 1488 1099 1514 et
1113 1493 1186 1514 eon-

179 1546 258 1574 111113
274 1536 422 1566 subsidia
433 1536 630 1574 largiantur,
648 1537 692 1567 Ut
708 1540 818 1565 autem
831 1545 889 1574 per
905 1536 1068 1574 predictos
1083 1535 1187 1574 prela-

178 1594 228 1619 tos
249 1594 279 1620 et
304 1589 386 1619 alios
407 1589 596 1619 earumdem
621 1589 794 1627 regionum
815 1589 1016 1620 acceleretur
1037 1589 1188 1620 defensio

179 1642 264 1671 sieut
280 1642 409 1680 expedit
430 1646 460 1672 et
482 1642 671 1677 munimen,
694 1641 845 1671 volumus
866 1642 959 1671 vobis
977 1646 1091 1672 tenore
1113 1651 1188 1680 pre-

179 1694 324 1724 sentium
342 1694 569 1733 injungentes,
593 1698 629 1724 ut
651 1694 813 1733 requisito
832 1695 971 1724 consilio
986 1695 1188 1733 prelatorum

179 1746 326 1784 ipsorum
342 1746 531 1785 hujusmodi
545 1746 723 1784 imponatis
739 1751 769 1776 et
783 1746 946 1785 colligatis
960 1747 1107 1777 subsidia
1121 1757 1188 1777 uno

179 1798 231 1828 vel
246 1799 397 1837 pluribus
414 1799 454 1828 ad
466 1799 500 1828 id
517 1799 608 1829 vobis
626 1799 785 1829 adhibitis
802 1799 865 1829 fide
885 1800 995 1837 dignis
1015 1800 1188 1839 ipsamque

179 1851 348 1881 collectam
363 1852 504 1881 fideliter
517 1861 583 1881 una
600 1861 673 1881 cum
688 1852 800 1882 eodem
816 1852 965 1891 principe
978 1853 1013 1882 in
1028 1853 1188 1891 predicta-

179 1913 252 1934 rum
282 1905 456 1942 regionum
487 1904 715 1934 defensionem
745 1908 775 1935 et
809 1914 1017 1935 communem
1048 1906 1189 1944 predicti

179 1956 358 1987 utilitatem
375 1957 506 1996 imperii
527 1958 612 1987 sieut
629 1957 781 1996 expedire
802 1957 923 1988 melius
942 1958 1094 1988 videritis
1110 1967 1188 1988 con-

180 2009 316 2039 vertatis
329 2020 334 2044 ;
350 2019 406 2039 vos
416 1999 549 2048 'quoque
560 2014 692 2048 propter
705 2009 765 2039 hoe
777 2010 978 2040 conveniens
992 2011 1189 2048 suffragium

180 2061 335 2091 exhibere
352 2066 506 2092 curantes
523 2062 626 2092 dictos
646 2062 790 2100 prelatos
811 2066 841 2092 et
861 2063 944 2093 alios
965 2063 1004 2092 ad
1026 2063 1058 2093 id
1079 2063 1106 2093 si
1130 2073 1188 2094 ne-

179 2122 270 2143 cesse
298 2114 399 2143 fuerit
429 2115 623 2145 auctoritate
651 2119 763 2145 nostra
796 2114 925 2145 sublato
956 2116 1188 2154 appellationis

178 2164 348 2195 obstaculo
368 2166 584 2204 compellatis.
608 2167 682 2196 Non
703 2167 912 2197 obstantibus
935 2168 1124 2206 apostolicis
1140 2169 1188 2198 in-

179 2217 360 2255 dulgentiis
377 2218 405 2247 si
419 2228 501 2257 quas
517 2218 640 2249 habent
661 2219 747 2258 quod
766 2219 938 2255 interdici,
963 2221 1121 2258 suspendi
1137 2221 1189 2251 vel

180 2271 458 2300 excommunicari
479 2280 542 2300 non
564 2272 691 2310 possint
707 2281 764 2310 per
781 2271 909 2302 litteras
926 2272 1133 2310 apostolicas,
1157 2277 1188 2303 et

179 2322 381 2360 quibuslibet
409 2323 484 2353 aliis
509 2333 567 2362 per
591 2333 673 2362 quas
703 2325 807 2354 nostri
833 2333 932 2363 super
955 2324 1016 2355 hoc
1040 2325 1188 2355 mandati

179 2375 326 2405 executio
340 2376 493 2414 impediri
506 2376 612 2406 valeat
628 2377 679 2407 vel
693 2365 812 2412 differi,
827 2382 857 2407 et
869 2378 907 2408 de
919 2378 1040 2417 quibus
1056 2378 1188 2417 plenam

178 2431 208 2455 et
222 2436 409 2465 expressam
422 2428 492 2458 lieri
503 2433 649 2466 oporteat
661 2429 694 2458 in
707 2430 830 2460 nostris
839 2429 960 2460 litteris
971 2431 1185 2460 mentionem.

179 2479 314 2509 Proviso
331 2480 417 2518 quod
433 2480 592 2519 quicquid
608 2481 648 2510 ab
662 2481 787 2511 eisdem
802 2481 938 2519 prelatis
955 2486 986 2512 et
1003 2482 1078 2512 aliis
1093 2492 1187 2513 occa-

179 2530 271 2561 sione
287 2531 477 2570 hujusmodi
497 2532 706 2563 exhibebitur
726 2533 760 2562 in
777 2534 909 2572 scriptis
924 2534 1065 2565 fideliter
1080 2535 1187 2573 redigi

178 2584 324 2619 faciatis,
343 2589 377 2613 ut
392 2585 419 2613 si
434 2586 613 2623 oportuerit
626 2586 759 2623 dignam
773 2586 891 2616 exinde
902 2587 1036 2625 possitis
1049 2587 1186 2618 reddere

178 2636 351 2666 rationem.
369 2637 418 2666 Ab
430 2637 619 2676 hujusmodi
631 2643 739 2669 autem
752 2639 970 2669 subventione
983 2640 1088 2670 sancti
1099 2641 1186 2671 Luce

179 2689 217 2719 de
234 2689 384 2724 Politica,
401 2691 671 2729 sancteTyriace,
683 2692 789 2721 sancti
804 2692 909 2731 Helye
921 2692 959 2722 de
974 2692 1186 2723 Plantanisco

179 2746 207 2771 et
226 2742 330 2771 saneti
345 2742 509 2772 Joliannis
523 2744 717 2773 Crisostomi
731 2745 932 2775 monasteria
946 2746 1009 2775 sita
1026 2746 1059 2775 in
1075 2746 1188 2776 insula

179 2794 464 2832 Nigr-ipontensis,
484 2804 610 2825 necnon
632 2800 662 2825 et
685 2796 825 2825 rusticos
848 2797 967 2826 casalis
989 2798 1028 2827 ‹le
1049 2798 1187 2828 Platane

179 2847 265 2884 quod
285 2851 333 2876 est
354 2847 387 2876 in
409 2851 495 2877 terra
519 2848 629 2877 ‹lileeti
653 2848 714 2877 tilii
735 2849 857 2878 nobilis
877 2849 941 2878 viri
962 2850 1124 2880 Guidonis
1147 2851 1185 2881 de

179 2899 290 2928 Rocha
307 2908 380 2928 cum
396 2900 434 2929 ad
449 2900 671 2930 venerabilem
686 2902 822 2931 fratrem
836 2906 985 2931 nostrum
999 2925 1031 2937 ..,
1045 2903 1186 2941 patriar-

178 2950 273 2979 eliam
298 2952 713 2990 Consiantinopolitanum.
740 2954 905 2991 pertinere
932 2954 1060 2984 dicatur
1087 2955 1185 2985 eximi

181 3003 340 3033 volumus.
358 3005 401 3033 ita
417 3005 502 3043 quod
519 3006 727 3035 contribuere
741 3006 774 3035 in
792 3006 852 3036 hoc
869 3016 943 3037 cum
959 3007 1034 3037 aliis
1048 3007 1186 3038 nullate-

1273 438 1334 458 nus
1356 434 1542 460 teneantur.
1564 431 1656 467 Quod
1679 431 1708 461 si
1726 439 1792 461 non
1813 440 1928 462 omnes
1949 436 2010 462 etc.
2031 433 2106 462 Dat.
2128 432 2281 471 Neapoli,

1272 483 1339 512 IIII
1356 491 1460 513 nonas
1473 483 1632 522 januarii,
1651 492 1737 513 anno
1752 483 1870 522 primo.
1887 496 1901 510 r>

1342 656 1402 685 35
1813 655 1930 690 Naples,
1950 654 1978 682 11
1998 654 2113 689 janvier
2130 654 2209 682 ¹255.

1308 718 1413 744 Abbati
1429 722 1457 744 et
1472 717 1627 744 conventui
1645 717 1810 744 monasterii
1826 716 1898 744 Case
1914 717 1994 750 mari,
2010 715 2172 742 Verulanae
2185 715 2284 743 dioce-

1271 766 1322 795 sis,
1340 766 1481 796 concedit,
1498 769 1527 792 ut
1542 766 1733 792 instrumenta
1747 766 1859 800 publica
1875 773 1925 800 pro
1942 764 2116 791 monasterio
2129 764 2193 800 ipso
2209 773 2226 792 a
2239 768 2283 792 ta-

1271 814 1444 841 bellionibus
1468 818 1496 840 et
1517 814 1668 848 judicibus
1693 822 1743 848 pro
1769 815 1864 840 favore
1890 813 2033 848 quondam
2061 812 2205 840 Frederici
2227 814 2284 840 im-

1271 862 1410 897 peratoris
1440 863 1699 889 excommunicatis
1726 862 1858 888 consecto
1894 863 2100 888 inconcussam
2135 861 2285 889 obtineant

1270 911 1444 938 firmitatem.
1461 910 1543 944 (Rho.
1560 910 1604 943 24,
1620 918 1646 937 c.
1664 910 1714 944 30,
1731 910 1750 938 f.
1767 911 1817 944 ὃν.)

1313 1025 1325 1039 α
1347 1035 1379 1048 ..,
1396 1013 1498 1041 abbati
1519 1017 1545 1041 et
1566 1013 1730 1041 conventui
1753 1013 1933 1041 monasterii
1954 1012 2024 1041 ease
2049 1013 2147 1048 mari,
2171 1011 2284 1042 Cister-

1270 1067 1380 1095 eiensis
1404 1065 1538 1099 ordinis,
1569 1066 1716 1093 l'erulane
1742 1065 1876 1094 diocesis.
1904 1064 1949 1094 Ex
1976 1068 2068 1102 parte
2091 1067 2201 1094 vestra
2219 1063 2284 1094 fuit

1269 1117 1475 1156 propositum
1495 1126 1604 1147 coram
1626 1117 1733 1151 nobis.v
1759 1117 1846 1156 quod
1869 1116 2021 1146 nonnulli
2038 1115 2236 1146 tabelliones
2251 1119 2284 1146 et

1267 1170 1396 1208 judices
1412 1174 1490 1199 tunc
1505 1178 1564 1208 pro
1580 1170 1691 1199 favore
1707 1170 1872 1208 quondam
1890 1170 1942 1199 Fr.
1959 1168 2039 1199 olim
2057 1170 2283 1199 Romanorum

1269 1222 1480 1260 imperatoris
1509 1226 1585 1252 ante
1615 1226 1646 1252 et
1672 1226 1743 1260 post
1770 1222 2011 1260 depositionem
2045 1222 2117 1261 ejus
2143 1221 2282 1260 prestito

1271 1274 1622 1304 excommunicationis
1649 1274 1782 1303 vinculo
1808 1273 1968 1308 innodati,
1996 1282 2054 1312 pro
2079 1273 2283 1304 monasterio

1269 1330 1379 1357 vestro
1395 1331 1426 1357 et
1446 1327 1604 1357 membris
1626 1327 1733 1365 ipsius
1750 1335 1848 1364 super
1870 1326 2120 1362 donationibus,
2143 1326 2283 1364 emptio-

1270 1379 1387 1413 nibus,
1413 1379 1532 1416 legatis
1557 1379 1699 1418 aliisque
1731 1379 1873 1409 diversis
1902 1379 2127 1409 contractibus
2154 1378 2283 1409 instru-

1269 1436 1381 1462 menta
1396 1431 1528 1469 publiea
1545 1432 1767 1461 confecerunt.
1785 1431 1881 1461 Unde
1895 1440 1935 1461 ne
1951 1435 2084 1470 propter
2099 1439 2283 1462 excommu-

1270 1484 1472 1513 nicationem
1501 1483 1682 1521 predictam
1712 1483 1826 1513 eadem
1855 1483 2078 1513 instrumenta
2106 1482 2280 1519 vacillent,

1270 1537 1436 1574 provideri
1457 1535 1582 1566 eisdem
1604 1536 1806 1566 monasterio
1829 1540 1859 1565 et
1879 1535 2039 1566 memhris
2059 1544 2119 1574 per
2135 1538 2283 1566 nostram

1271 1589 1532 1619 sollicitudinem
1553 1584 1759 1626 postulastis.
1782 1588 1912 1618 Vestris
1934 1588 2047 1627 itaque
2069 1587 2284 1627 supplicatio-

1271 1642 1370 1672 nibus
1390 1641 1555 1677 inclinati,
1571 1641 1779 1679 presentium
1799 1640 1893 1671 vobis
1915 1641 2111 1672 auctoritate
2130 1639 2284 1671 concedi-

1268 1704 1353 1731 mus,
1368 1699 1405 1725 ut
1418 1694 1759 1725 excommunicatione
1772 1693 1964 1733 hujusmodi
1974 1702 2041 1724 non
2053 1693 2206 1724 obstante
2216 1693 2283 1724 ins-

1270 1752 1437 1778 trumenta
1461 1747 1533 1786 ipsa
1557 1747 1733 1777 dummodo
1755 1746 1837 1777 alias
1860 1746 1928 1776 sint
1952 1750 2109 1786 concepta
2133 1745 2283 1785 legitime

1270 1801 1504 1830 inconcussam
1529 1799 1702 1829 obtineant
1727 1799 1930 1829 firmitatem.
1956 1798 2051 1829 Nulli
2081 1802 2142 1829 etc.
2170 1798 2282 1829 nostre

1271 1852 1496 1883 concessionis
1517 1856 1576 1882 etc.
1592 1852 1666 1882 Dat.
1688 1851 1839 1890 Neapoli,
1857 1853 1908 1882 III
1928 1852 2004 1882 idus
2016 1851 2176 1891 januarii,
2194 1859 2282 1882 anno

1269 1905 1387 1944 primo.
1403 1918 1417 1932 ›)

1340 2076 1398 2105 36
1775 2076 1893 2111 Napies,
1910 2076 1944 2103 23
1959 2075 2112 2103 decembre
2128 2075 2208 2104 1254.

1306 2137 1484 2172 Sinnibaldo,
1500 2138 1647 2172 capellano
1662 2146 1727 2171 suo,
1740 2137 1871 2172 indulget
1887 2140 1928 2170 ut,
1945 2145 2011 2164 cum
2022 2137 2221 2172 praepositura
2231 2145 2282 2164 ec·

1270 2186 1375 2213 clesiae
1390 2185 1640 2221 Ctxambteyarum,
1656 2186 1920 2213 archidiaconatum
1938 2185 2150 2220 Lingonensem
2167 2193 2280 2212 necnon

1271 2234 1483 2268 Senonensem,
1502 2234 1713 2270 [singonensem
1735 2239 1763 2261 et
1784 2243 1808 2262 s.
1826 2234 1941 2261 Martini
1955 2233 2136 2261 Turonensis
2156 2233 2280 2269 preben-

1270 2283 1322 2310 das
1336 2291 1370 2309 ac
1380 2283 1434 2310 alia
1448 2283 1587 2310 beneficia
1596 2287 1783 2318 quotcunque
1795 2283 1918 2310 retinere
1930 2282 2032 2310 valeat.
2044 2281 2126 2317 (Rae.
2139 2281 2183 2313 24,
2195 2289 2223 2308 c.
2235 2281 2280 2317 3¹,

1270 2331 1289 2358 f.
1305 2331 1356 2366 ὃν.)

1312 2445 1325 2460 «
1348 2433 1528 2471 Synwibaldo,
1554 2434 1711 2471 capellano
1735 2439 1854 2469 nostro,
1883 2434 2034 2471 preposito
2055 2433 2173 2462 ecclesie
2201 2432 2281 2463 Cha-

1269 2487 1437 2524 bleyarum,
1456 2487 1655 2523 Linyonensis
1669 2487 1804 2516 diocesis.
1827 2486 1986 2517 Volentes
2002 2485 2064 2515 tibi
2082 2485 2193 2516 facere
2210 2493 2280 2524 gra-

1268 2538 1360 2574 tiam,
1382 2547 1440 2577 per
1465 2547 1564 2577 quam
1586 2548 1652 2569 non
1668 2539 1775 2569 solum
1796 2539 1862 2569 tuis
1882 2542 2047 2569 accrescat
2058 2537 2278 2576 profectibus,

1269 2599 1385 2621 verum
1397 2591 1497 2621 etiam
1513 2591 1618 2630 quieti
1635 2596 1688 2623 tue
1705 2592 1864 2622 adversus
1880 2591 2123 2630 impetitionem
2139 2589 2283 2630 quamli-

1269 2643 1324 2673 bet
1343 2643 1550 2680 consulatur,
1571 2645 1612 2674 ad
1631 2645 1738 2675 instar
1756 2644 1865 2675 felicis
1885 2643 2126 2675 recordationis
2145 2644 2175 2675 J.
2198 2651 2282 2682 pape

1268 2695 1513 2733 predecessoris
1538 2698 1654 2733 nostri,
1679 2698 1874 2728 auctoritate
1895 2697 1986 2727 tituli
2004 2696 2212 2736 presentium
2233 2695 2282 2725 in-

1269 2747 1445 2784 dulsimus,
1460 2753 1507 2784 ut,
1525 2758 1600 2779 cum
1610 2750 1819 2789 prepositura
1835 2750 1974 2781 ecclesie
1987 2747 2280 2787 Chambleyarum,

1270 2800 1576 2831 archidiaconatum
1592 2802 1838 2840 Lingonensem
1859 2802 1912 2833 cui
1929 2811 2008 2833 cura
2029 2805 2079 2832 est
2094 2800 2283 2831 animarum

1270 2861 1413 2890 annexa,
1438 2863 1567 2885 necnon
1590 2856 1833 2891 Senonensem,
1857 2856 2105 2893 Lingonensem
2122 2856 2153 2883 et
2175 2852 2282 2883 sancti

1270 2906 1407 2935 Martini
1419 2907 1623 2938 Turonensis
1639 2909 1824 2946 prehendas
1841 2917 1923 2947 quas
1938 2907 2070 2938 obtines
2084 2905 2229 2936 retinere
2245 2913 2282 2934 ac

1270 2956 1335 2986 alia
1352 2957 1458 2988 adhuc
1470 2959 1630 2990 beneficia
1648 2969 1706 2990 seu
1719 2965 1853 2998 paratus
1865 2960 1916 2990 vel
1930 2959 2109 2997 dignitates
2123 2960 2281 2997 quotcun-
2322 2952 2327 2956 ”

1270 3018 1344 3048 que,
1358 3010 1420 3040 etsi
1433 3011 1576 3041 similem
1593 3022 1705 3042 curam
1721 3013 1876 3047 habeant,
1891 3012 2039 3050 recipere
2053 3010 2156 3045 licite,
2174 3009 2203 3039 si
2218 3008 2281 3038 tibi
