2498 3325
219 259 277 289 ‘208
946 256 1186 288 REGISTRES
1207 255 1514 286 D‘ALEXANDRE
1539 255 1591 285 IV.

220 325 255 350 (le
272 324 405 360 Duseby,
422 324 634 351 Lincolniensis
654 325 795 356 diocesis,
812 325 868 352 sibi
889 334 904 351 a
919 324 1075 350 diocesano
1090 323 1228 358 episcopo

220 372 450 400 commendatam
466 375 494 399 et
510 372 538 398 X
555 381 666 400 marcas
678 374 819 400 valentem
831 373 989 403 annuatim.
1002 372 1089 399 libere
1101 371 1228 406 recipere

220 422 322 448 valeat.
341 421 424 455 (Rau.
441 421 486 454 24,
502 430 526 449 c.
546 422 607 455 55¹,
623 422 642 448 ἰ.
660 422 727 454 81’.)

264 535 276 549 «
294 523 436 553 Michaeli
451 524 615 553 Passalewe
631 524 814 561 presbytero,
831 525 943 553 rectori
963 523 1081 552 ecclesie
1100 522 1134 551 de
1150 521 1230 550 Hut-

222 576 355 610 laechale,
372 576 574 605 Norwicensis
592 576 726 606 diocesis.
744 576 820 607 Hiis
836 576 991 615 precipue
1007 574 1164 605 liberales
1178 590 1227 603 -.

223 630 295 659 Dat.
312 629 476 667 Anagnie,
494 629 591 659 nonis
605 629 750 667 augusti,
769 638 857 659 anno
872 629 990 668 primo.
1009 641 1022 655 ιι

258 889 377 916 Rectori
398 889 519 916 ducatus
543 889 688 924 Spoletani
712 889 836 920 mandat,
855 893 886 916 ut
906 889 1070 924 Spoletanis
1086 888 1230 916 licentiam

224 943 351 966 castrum
368 947 468 965 eorum
483 939 560 972 quod
579 938 680 965 Turris
699 938 733 964 de
749 937 875 965 Nau-nata
892 938 1047 973 vulgariter
1061 937 1170 964 dictum
1186 939 1232 963 est

226 987 424 1014 reaedificandi
441 988 556 1018 tribuat,
574 987 630 1014 nisi
646 987 750 1014 exinde
767 987 860 1022 possit
875 995 962 1021 grave
978 987 1144 1014 scandalum
1162 994 1231 1024 exo-

225 1037 285 1064 riri.
301 1036 385 1070 (Rae.
400 1036 445 1067 ⁶24,
461 1044 486 1063 c.
506 1037 566 1070 552,
583 1037 601 1063 f.
618 1036 681 1067 81'3
701 1035 847 1063 Pori-flasi·
864 1035 971 1067 15977.)

822 828 948 862 Anagni,
965 827 980 854 4
996 828 1064 854 aout
1080 826 1159 854 1255.

267 1150 280 1165 «
300 1161 338 1173 ..,
356 1139 468 1167 rectori
483 1138 611 1167 ducatus
626 1138 792 1175 Spoletani.
814 1136 1053 1174 Significarunt
1070 1136 1166 1167 nobis
1181 1136 1233 1166 di-

223 1191 301 1221 lecti
317 1208 366 1220 —.
383 1191 456 1220 Dat.
475 1190 638 1227 Anagnie,
657 1191 689 1220 ΙΙ
703 1198 808 1220 nonas
823 1189 966 1227 augusti,
983 1198 1070 1219 anno
1083 1189 1201 1227 primo.
1218 1202 1230 1217 ιι

296 1388 384 1416 684
820 1387 947 1422 Anagni,
965 1388 979 1414 3
998 1388 1067 1414 aout
1082 1387 1159 1414 1255.

261 1450 404 1485 Episcopo
420 1449 531 1476 Vicano
548 1449 672 1481 mandat,
689 1449 826 1484 quatinus
842 1449 958 1476 fratrem
975 1449 1115 1476 Alferium
1131 1453 1232 1476 aucto·
1247 1461 1251 1466 -

225 1499 308 1526 ritate
325 1499 534 1534 metropolitani
548 1498 591 1529 C.,
605 1498 801 1524 Beneventani
816 1498 909 1528 electi,
922 1498 1062 1524 ecclesiae
1075 1497 1233 1525 Lucerinae

226 1548 412 1583 praefectum,
442 1555 605 1582 quanquam
631 1546 667 1573 ad
693 1546 795 1573 Sedem
821 1547 1007 1582 apostolicam
1030 1546 1115 1573 ruerit
1139 1547 1233 1581 ipsius

225 1596 350 1632 provisio
367 1596 512 1627 devoluta,
531 1595 663 1622 eumdem
680 1595 715 1622 de
731 1603 805 1622 novo
819 1595 958 1622 ecclesiae
975 1595 1133 1622 Lucci-inae
1151 1605 1232 1630 prae-

226 1645 302 1672 ficiat
317 1645 486 1671 auctoritate
502 1644 586 1671 Sedis
601 1644 783 1679 apostolicae.
805 1643 885 1675 (Rae.
902 1643 946 1678 24,
964 1652 990 1670 c.
1008 1644 1069 1678 553,
1087 1645 1105 1671 f.
1123 1645 1192 1678 81'.)

267 1759 279 1773 «
307 1769 339 1781 ..,
366 1747 499 1784 episcopo
528 1747 649 1775 Vicano.
677 1745 760 1776 Cum
785 1744 924 1775 ecclesia
947 1746 1122 1781 Lucerina,
1147 1746 1233 1776 sicut

225 1799 429 1837 accepimus,
450 1808 507 1836 per
527 1803 598 1828 octo
617 1807 722 1828 annos
741 1802 772 1828 et
792 1797 934 1836 amplius
953 1797 1114 1828 hactenus
1136 1808 1233 1828 vaca-

223 1852 338 1887 visset,
363 1851 503 1881 dilectus
528 1851 618 1881 filius
641 1851 696 1886 C.,
724 1851 981 1880 Beneventanus
1007 1850 1142 1886 electus,
1169 1851 1233 1881 loci

223 1904 509 1943 metropolitanus,
527 1904 565 1934 de
583 1904 684 1934 fratre
700 1903 839 1938 Alfcrio‚
860 1907 939 1932 tunc
957 1903 1080 1933 decano
1099 1912 1233 1934 monas-

223 1957 299 1987 terii
320 1960 432 1986 sancte
453 1956 574 1994 Sophie
591 1956 630 1986 de
646 1956 854 1991 Benevento,
872 1955 979 1986 eidem
999 1955 1137 1986 ecclesie
1154 1966 1233 1986 auc-

222 2009 353 2039 toritate
363 2009 495 2047 propria
504 2018 619 2048 nuper,
633 2017 824 2048 quanquam
837 2008 877 2037 ad
886 2008 1004 2038 Sedem
1019 2008 1233 2046 apostolicam

221 2061 323 2091 fuerit
349 2061 455 2099 ipsius
479 2061 625 2099 provisio
650 2060 820 2095 devoluta,
844 2060 987 2098 providit
1010 2065 1041 2090 et
1062 2061 1232 2091 mandavit

220 2114 331 2152 ipsum
345 2123 363 2143 a
377 2114 483 2144 tribus
498 2114 568 2143 suis
586 2113 808 2151 suffraganeis
824 2113 859 2142 in
876 2113 1066 2151 episcopum
1083 2114 1232 2152 ejusdem

222 2166 359 2196 ecclesie
377 2167 575 2202 consecrari,
591 2166 668 2196 licet
685 2170 796 2196 autem
812 2165 918 2195 dictus
933 2165 1057 2195 electus
1072 2166 1106 2194 id
1123 2166 1231 2196 facere

220 2219 258 2249 de
271 2220 345 2258 jure
363 2220 551 2258 nequiverit
568 2224 599 2250 et
619 2223 751 2258 propter
771 2218 833 2248 hoc
848 2218 1027 2257 deliquerit
1043 2228 1108 2248 non
1125 2219 1231 2249 modi-

220 2281 305 2308 cum,
327 2272 597 2311 jurisdictionem
620 2272 685 2302 sibi
707 2272 747 2302 ad
767 2273 951 2302 Romanam
972 2271 1154 2302 Ecclesiam
1172 2281 1231 2310 per

218 2324 349 2363 lapsum
372 2324 463 2362 longi
486 2325 643 2363 temporis
664 2324 852 2354 devolutam
874 2333 1055 2363 usurpans3
1081 2325 1160 2363 quia
1180 2329 1230 2354 ta-

219 2385 295 2406 men
312 2377 350 2407 de
365 2377 451 2406 dicto
469 2377 621 2415 episcopo
637 2376 804 2406 laudabile
821 2376 917 2406 nobis
934 2386 949 2406 a
967 2376 1118 2415 pluribus
1136 2377 1230 2407 testi-

218 2429 368 2459 monium
390 2429 594 2467 perhibetur,
615 2429 813 2459 mandamus
830 2430 1005 2468 quatinus,
1024 2430 1052 2460 si
1073 2430 1111 2460 de
1130 2429 1228 2468 plano

219 2486 250 2511 et
265 2481 388 2520 absque
401 2482 521 2520 judicii
538 2482 678 2521 strepitu
695 2482 826 2519 cognita
841 2483 980 2512 veritate
996 2483 1166 2514 inveneris
1182 2483 1229 2513 ita

219 2542 307 2569 esse,
335 2538 370 2564 tu
398 2534 507 2572 ipsum
537 2534 644 2564 eidem
671 2534 810 2565 ecclesie
839 2535 1002 2565 Lucerine
1032 2536 1228 2566 auctoritate

217 2590 331 2615 nostra
347 2586 385 2615 de
402 2595 485 2615 novo
500 2586 667 2624 preficias‚
681 2587 855 2625 premissis
871 2595 1082 2626 nequaquam
1097 2588 1228 2618 obstan-

216 2638 317 2673 tibus,
345 2638 380 2667 in
404 2643 581 2677 pastorem,
606 2640 734 2670 faciens
760 2640 824 2670 sibi
848 2649 866 2669 a
891 2640 962 2670 suis
985 2639 1128 2671 subditis
1149 2641 1228 2671 obe-

217 2691 378 2721 dientiam
395 2695 425 2721 et
441 2692 663 2722 reverentiam
680 2692 829 2724 exhiberi
845 2692 990 2722 debitam
1009 2697 1040 2723 et
1053 2693 1084 2723 ei
1100 2693 1139 2724 de
1156 2694 1227 2724 suis

211 2743 346 2783 juribus
370 2744 500 2782 integre
525 2745 730 2783 responderi.
759 2745 1038 2776 Contradictores.
1066 2747 1142 2777 Non
1169 2747 1227 2777 ob—

216 2800 324 2827 stante
351 2796 589 2827 constitutione
615 2797 653 2828 de
679 2797 808 2828 duabus
831 2798 930 2828 dietis
953 2798 1060 2828 edicta
1084 2799 1120 2828 in
1147 2808 1227 2829 con-

216 2848 293 2878 cilio
313 2848 473 2887 generali.
494 2849 569 2879 Dat.
591 2849 761 2887 Anagnie,
780 2851 830 2880 III
847 2858 951 2880 nonas
970 2851 1120 2889 augusti,
1139 2860 1226 2881 anno

212 2901 332 2940 primo.
352 2913 365 2928 n

1383 320 1470 350 (385
1910 321 2037 355 Anagni,
2053 320 2069 348 9
2084 321 2153 347 aaut
2169 319 2247 347 ¹255.

1348 382 1486 416 Magistro
1507 381 1636 409 Roberto
1655 381 1690 408 de
1710 381 1878 412 Londoniis‚
1900 381 2004 408 rectori
2026 381 2166 408 ecclesiae
2188 380 2223 408 de
2243 380 2322 407 Her-

1312 431 1383 465 lege,
1410 430 1626 458 VVintoniensis
1649 430 1784 461 diocesis,
1810 430 1950 465 indulget,
1976 434 2006 457 ut
2027 430 2085 456 duo
2106 430 2160 456 alia
2182 429 2320 456 beneficia

1311 480 1509 506 ecclesiastica
1524 479 1646 506 similem
1667 487 1766 506 curam
1782 479 1941 506 animarum
1960 479 2093 505 habentia
2109 479 2138 505 in
2154 486 2242 513 regno
2258 478 2321 505 An-

1312 529 1385 563 gliae
1402 528 1528 563 recipere
1546 528 1645 554 valeat.
1665 527 1747 559 (Bao.
1761 528 1806 561 Ἠ,
1823 535 1850 555 c.
1867 528 1928 558 554.
1945 527 1963 554 ἰ.
1980 527 2037 560 8⁵2.)

1356 642 1368 656 a
1387 630 1531 666 Mayistro
1545 630 1666 659 Roberto
1684 630 1718 658 de
1732 629 1914 663 Londoniis,
1933 630 2045 658 rectori
2060 629 2178 658 ecclesie
2194 629 2228 657 de
2245 629 2323 658 Her-

1314 684 1383 720 leqe,
1414 683 1632 712 Wintoniensis
1657 683 1792 712 diocesis.
1814 682 1885 712 Etsi
1903 686 2034 720 propter
2049 681 2248 712 ambitiones
2269 698 2318 710 —.

1313 737 1387 766 Dat.
1406 736 1568 773 Anagnie,
1586 736 1615 766 V
1630 735 1705 766 idus
1722 735 1867 773 augusti,
1885 744 1972 766 anno
1985 735 2102 774 primo.
2127 747 2140 762 »

1384 927 1472 956 886
1872 927 1996 960 Anagnt,
2014 926 2048 953 30
2061 926 2156 959 juillet
2173 925 2250 954 1255.

1352 989 1526 1022 Adhemaro,
1542 989 1633 1015 electo
1649 988 1861 1021 &vintoniensss
1879 987 2006 1014 nondum
2022 987 2199 1014 tricesimum
2215 996 2324 1015 annum

1315 1038 1478 1071 attingenti,
1491 1037 1631 1071 indulget,
1646 1037 1915 1064 utconsecrationis
1931 1044 2037 1063 munus
2053 1037 2124 1063 infra
2139 1045 2190 1064 sex
2208 1045 2325 1064 menses

1315 1091 1381 1121 post
1395 1086 1563 1113 electionem
1581 1086 1699 1113 minime
1715 1090 1856 1112 teneatur.
1874 1085 1958 1119 (Rea.
1975 1085 2020 1115 24.
2034 1094 2061 1112 e.
2079 1086 2140 1119 555,
2156 1086 2174 1113 f.
2191 1085 2224 1112 82
2239 1085 2248 1120 )

1358 1200 1370 1214 «
1389 1188 1548 1222 Ademaro,
1567 1189 1655 1217 electo
1675 1188 1888 1216 Wintoniensi.
1906 1187 1991 1223 Quia
2006 1186 2143 1225 plurimi
2160 1187 2195 1216 in
2211 1186 2326 1218 cathe-

1316 1239 1459 1269 dralium
1482 1239 1697 1269 ecclesiarum
1719 1238 1840 1269 electos
1859 1239 2021 1277 assumpti
2041 1239 2326 1270 consecrationem

1316 1301 1411 1322 suam
1430 1300 1495 1321 non
1517 1291 1641 1330 absque
1658 1287 1875 1322 ecclesiarum
1894 1300 2030 1321 suarum
2050 1291 2197 1330 periculo
2217 1292 2326 1322 susci-

1316 1353 1392 1382 pere
1416 1344 1573 1374 differunt
1596 1348 1627 1374 et
1648 1344 1828 1382 procelant,
1850 1348 1982 1382 propter
2004 1344 2090 1382 quod
2111 1353 2209 1382 grave
2228 1353 2326 1383 passe

1317 1398 1452 1426 fuerunt
1466 1396 1605 1427 ecclesie
1619 1396 1831 1435 dispendium
1847 1396 1882 1425 in
1894 1396 2056 1435 utrisque,
2072 1405 2143 1431 nos,
2157 1396 2219 1427 sub
2230 1397 2326 1436 cujus

1315 1459 1395 1479 cura
1410 1449 1549 1479 ecclesie
1559 1449 1629 1487 ipse
1639 1449 1838 1484 consistunt,
1854 1448 2003 1479 volentes
2017 1449 2166 1487 ipsarum
2178 1449 2325 1488 indemp-

1316 1502 1478 1532 nitatibus
1497 1510 1669 1532 occurrere
1685 1506 1721 1531 ut
1738 1506 1904 1538 tenemur,
1924 1501 1962 1531 de
1978 1502 2120 1531 fratrum
2137 1506 2327 1532 nostrorum

1315 1555 1467 1590 consilio,
1485 1554 1664 1585 terminum
1676 1563 1732 1584 sex
1745 1554 1912 1584 mensium
1923 1554 2073 1584 omnium
2084 1554 2326 1585 cathedralium

1316 1609 1534 1640 ecclesiarum
1553 1609 1668 1640 electis
1689 1609 1844 1639 duximus
1867 1609 2091 1642 statuendum.
2113 1609 2202 1639 infra
2226 1618 2326 1649 quem

1316 1672 1438 1693 munus
1457 1662 1717 1692 consecrationis
1734 1662 1918 1700 suscipiant
1932 1666 2122 1692 reverenter
2141 1661 2324 1701 :alioquim

1316 1716 1384 1746 nisi
1399 1715 1548 1754 legitimo
1564 1715 1802 1754 impedimento
1813 1715 1938 1745 detenti
1954 1715 2091 1750 fuerint,
2107 1715 2148 1745 ab
2163 1715 2327 1745 adminis-

1316 1769 1459 1798 tratione
1480 1767 1708 1806 spiritualium
1729 1771 1761 1798 et
1778 1767 2010 1806 temporalium
2031 1768 2185 1798 noverint
2200 1776 2235 1798 se
2251 1776 2326 1798 sus-

1314 1830 1455 1860 pensos;
1480 1821 1567 1859 quod
1583 1821 1622 1856 si,
1644 1829 1709 1850 non
1733 1825 1886 1858 suscepto
1903 1821 2164 1851 consecrationis
2187 1829 2326 1851 munere

1315 1873 1403 1903 ultra
1428 1873 1614 1912 predictum
1637 1873 1827 1908 terminum,
1846 1873 2048 1903 retinuerint
2064 1873 2222 1903 ecclesias
2247 1873 2324 1904 aliis

1316 1935 1371 1956 sex
1391 1926 1564 1956 mensibus
1581 1925 1747 1962 viduatas,
1767 1930 1886 1956 extunc
1903 1926 2027 1956 eisdem
2044 1925 2195 1956 ecclesiis
2211 1930 2326 1956 aucto-

1315 1978 1413 2009 ritate
1428 1978 1608 2016 apostolica
1624 1978 1778 2008 noverint
1795 1987 1829 2008 se
1845 1979 1991 2017 privatos
2007 1988 2044 2009 ac
2060 1979 2205 2018 capitula
2216 1983 2247 2010 et
2262 1978 2325 2009 col-

1314 2031 1402 2069 legia
1418 2036 1449 2061 et
1465 2036 1647 2061 conventus
1669 2031 1709 2061 ad
1728 2040 1791 2070 que
1807 2032 1951 2069 pertinet
1967 2031 2084 2061 electio
2100 2031 2326 2070 predictorum

1315 2084 1380 2114 sibi
1408 2084 1603 2122 providendi
1633 2084 1672 2114 de
1705 2083 1781 2114 aliis
1810 2084 1956 2114 habeant
1984 2084 2180 2114 auctoritate
2210 2088 2324 2114 nostra

1314 2137 1454 2167 liberam
1482 2137 1686 2166 facultatem.
1710 2138 1784 2166 Non
1814 2138 1967 2168 obstante
1993 2137 2204 2175 indulgentia
2229 2137 2278 2168 eis
2305 2145 2325 2167 a

1315 2199 1523 2229 quocumque
1548 2194 1577 2219 et
1601 2190 1662 2219 sub
1687 2199 1895 2228 quacumque
1917 2190 2023 2220 forma
2045 2189 2221 2220 verborum
2245 2198 2325 2220 con·

1313 2252 1407 2272 cessa
1426 2251 1484 2281 per
1505 2252 1605 2281 quam
1627 2242 1786 2272 adversus
1803 2246 1964 2272 statutum
1979 2242 2172 2282 hujusmodi
2188 2245 2325 2280 possent

1312 2296 1348 2324 in
1371 2295 1482 2334 aliquo
1505 2304 1540 2325 se
1561 2295 1659 2325 tueri.
1677 2295 1803 2325 Verum
1823 2295 1901 2333 quia
1922 2304 2099 2333 personam
2118 2299 2208 2325 tuam
2226 2294 2323 2325 nobis

1312 2352 1479 2386 acceptam
1495 2347 1648 2377 volumus
1664 2348 1821 2386 prosequi
1837 2348 1992 2385 gratiose,
2012 2348 2074 2377 tibi
2089 2348 2232 2378 maxime
2247 2356 2323 2378 cum

1310 2400 1519 2431 tricesimum
1535 2409 1660 2429 annum
1672 2400 1819 2430 nondum
1834 2400 1986 2438 attigisse
2003 2400 2136 2436 dicaris,
2150 2400 2248 2439 quod,
2266 2409 2322 2430 eo-

1311 2453 1384 2483 dem
1410 2462 1476 2482 non
1503 2453 1654 2483 obstante
1677 2457 1811 2487 statuto,
1838 2452 2030 2492 hujusmodi
2058 2452 2320 2483 consecrationis

1310 2514 1433 2535 munus
1449 2505 1597 2543 recipere
1608 2505 1746 2535 minime
1763 2505 1906 2535 tenearis
1922 2514 2028 2544 usque
2043 2505 2083 2535 ad
2096 2509 2208 2536 nostre
2223 2505 2321 2536 bene-

1310 2558 1468 2598 placitum
1491 2558 1687 2593 voluntatis,
1715 2558 1911 2588 auctoritate
1936 2558 2141 2597 presentium
2166 2557 2321 2595 indulge-

1309 2620 1393 2641 mus.
1412 2611 1506 2641 Nulli
1525 2615 1586 2640 etc.
1606 2614 1718 2641 nostre
1735 2610 1962 2641 concessionis
1983 2614 2044 2640 etc.
2062 2611 2136 2640 Dat.
2153 2609 2318 2648 Anagnie,

1310 2664 1362 2694 III
1376 2663 1538 2694 kalendas
1554 2663 1700 2701 augusti,
1715 2672 1803 2693 anno
1817 2663 1936 2702 primo.
1955 2675 1969 2689 »

1380 2847 1466 2876 68?
1865 2846 1991 2881 Anagni‚
2011 2846 2041 2873 ¹3
2053 2846 2149 2881 juillet
2168 2845 2245 2874 ¹255.

1343 2909 1470 2936 Johanni
1486 2909 1521 2936 de
1537 2909 1661 2943 Soliaco,
1673 2909 1782 2936 decano
1798 2909 1939 2936 ecclesiae
1953 2916 1979 2936 s.
1996 2908 2195 2943 Austregisilii
2210 2907 2318 2935 Bituri-
