2441 3330
203 208 256 237 106
926 205 1164 236 REGISTRES
1186 205 1493 237 D'ALEXANDRE
1517 209 1572 238 IV.

270 272 358 300 348

237 334 321 360 Petro
338 333 414 360 dicto
431 333 561 368 Apalocli
577 333 694 360 feudum
711 333 778 360 olim
798 333 942 361 Johannis
961 334 1076 370 Egyptii
1092 334 1126 361 dc
1145 333 1209 360 Fri-

200 383 303 410 sinone
318 383 346 408 in
361 381 516 416 Campania
531 391 546 408 a
561 381 701 417 Gregorio
715 392 787 418 papa
798 382 841 409 IX
853 383 1033 418 assignatum
1046 383 1206 414 confirmat,

200 431 309 458 litteras
325 431 457 464 Gregorii
475 431 555 458 datas
575 430 695 458 Viterbii
711 431 767 458 xli
784 432 919 459 kalendas
931 432 1065 459 februarii
1078 440 1152 459 anno
1164 431 1205 458 IX

199 480 383 515 pontificatus
399 480 564 507 inserendo.
582 480 666 514 (Rau.
685 481 728 514 24,
746 489 771 508 c.
788 481 851 514 ς292,
870 481 889 508 1“.
907 481 976 514 43’.)

803 271 920 307 Naples,
938 272 953 299 6
969 272 1038 298 avril
1058 272 1134 299 1255.

240 587 253 601 (ι
274 576 359 604 Petro
375 575 455 604 dicto
470 576 616 613 Apalodi,
634 577 792 612 familiari
807 581 920 606 nostro.
942 576 1136 607 Devotionis
1154 580 1207 607 tue

199 629 318 658 merita
333 646 381 657 —.
401 628 484 659 Cum
503 628 616 665 igitur,
635 629 721 658 sicut
736 629 771 658 in
788 633 901 658 nostra
916 629 1117 667 proposuisti
1133 638 1208 668 pre-

198 681 306 711 sentia
328 681 544 715 constitutus,
570 681 677 711 felicis
703 682 941 712 recordationis
964 683 1002 713 G.
1027 692 1110 721 papa
1132 692 1208 721 prc-

197 734 351 763 ‹leccssor
372 738 483 763 noster
504 735 723 764 tenimentum
744 735 830 773 quod
853 736 1018 774 quondam
1036 736 1208 766 Johannes

198 787 360 825 Egyptius
374 787 412 817 dc
428 787 603 817 Frisinone
618 787 658 817 ab
673 787 819 817 Ecclesia
832 789 982 818 Romana
998 789 1146 819 tenuisse
1162 789 1207 819 di-

197 840 345 869 noscitur
357 840 418 869 sub
430 841 567 877 an[n]uo
579 849 681 870 censu
693 840 793 869 unius
807 840 890 870 libre
904 850 977 871 cere
991 841 1207 879 persolvendo

196 892 333 922 Camere
356 897 479 927 nostre,
498 892 558 922 tibi
575 897 605 922 et
622 893 688 922 tuis
706 893 886 924 heredibus
902 894 936 923 in
953 894 1115 925 directum
1135 896 1207 925 feu-

196 944 275 974 dum
291 945 502 980 concesscrit,
516 949 612 982 prout
626 945 659 974 in
677 946 747 984 ejus
764 945 885 975 litteris
902 956 1042 985 quarum
1058 951 1205 977 tenorem

197 997 236 1027 de
250 997 349 1027 verbo
364 998 403 1026 ad
417 998 553 1027 verbum
570 998 781 1036 presentibus
798 998 901 1028 inseri
918 999 1058 1029 fecimus
1075 1000 1207 1038 plenius

195 1050 395 1085 continetur,
414 1059 473 1079 nos
491 1051 556 1080 tuis
573 1051 873 1089 supplicationibus
890 1051 1054 1083 inclinati,
1072 1062 1207 1083 conces-

196 1102 323 1132 sionem
336 1103 474 1132 eandem
487 1107 591 1132 ratam
606 1107 636 1133 ct
649 1104 777 1133 firmam
792 1103 964 1139 habentes,
979 1105 1084 1143 ipsam
1099 1110 1206 1136 aucto-

195 1155 292 1184 ritate
304 1155 483 1193 apostolica
493 1156 729 1185 confirmamus
737 1160 797 1186 etc.
809 1166 915 1196 usque
927 1167 932 1186 :
942 1159 1186 1189 communimus
1198 1169 1204 1188 z

195 1207 234 1236 ad
262 1207 419 1245 majorem
447 1211 557 1237 autem
582 1208 760 1243 cautelam,
780 1209 964 1246 predictum
985 1211 1205 1240 tenimentum

194 1268 269 1289 cum
282 1259 436 1289 omnibus
449 1260 581 1298 juribus
596 1264 627 1289 et
640 1261 853 1298 pertinentiis
870 1262 940 1291 suis
957 1262 1017 1291 tibi
1034 1267 1064 1292 et
1080 1263 1206 1293 eisdem

193 1311 373 1341 heredibus
388 1312 449 1341 sul)
463 1312 576 1341 eodem
591 1322 694 1342 censu
707 1313 741 1342 in
756 1313 918 1343 directum
932 1314 1068 1344 feudum
1085 1316 1119 1345 in
1136 1326 1205 1354 pcr-

192 1368 327 1402 petuum
345 1364 383 1394 de
402 1374 484 1394 novo
501 1365 712 1395 concedimus
729 1374 766 1395 ex
784 1370 873 1395 certa
889 1367 1031 1397 scicntia
1045 1368 1083 1398 de
1100 1369 1206 1405 gratia

193 1417 341 1456 speciali.
357 1419 464 1448 Tenor
477 1422 588 1448 autem
601 1419 825 1457 predictarum
842 1420 1029 1450 litterarum
1043 1421 1119 1452 talis
1134 1426 1183 1452 est
1197 1433 1202 1452 :

730 1498 856 1534 Viterbe,
874 1500 904 1526 *21
923 1500 1038 1533 ‚ianvier
1057 1500 1133 1528 1236.

234 1571 247 1586 «
266 1560 446 1597 Gregorius
463 1560 652 1598 episcopus,
671 1569 786 1591 servus
805 1570 975 1591 servorum
992 1563 1067 1598 Dei,
1086 1563 1205 1593 dilecto

195 1623 207 1637 n
232 1611 300 1641 filio
322 1613 418 1641 Petro
441 1612 527 1642 dicto
550 1612 713 1650 Apalocli,
733 1614 893 1643 servienti
915 1615 1052 1645 Camere
1076 1620 1202 1652 nostre,

194 1676 207 1690 1)
233 1663 374 1694 salutem
397 1668 455 1693 etc.
481 1665 564 1694 Sede
587 1665 767 1703 apostolica,
789 1666 844 1704 pia
867 1684 915 1695 —-.
941 1668 1064 1703 Quare,
1086 1669 1204 1699 dilecte

194 1728 207 1742 »
232 1717 268 1746 in
284 1717 424 1747 Domino
442 1717 499 1751 tili,
517 1722 650 1756 propter
665 1719 818 1748 devotum
841 1724 872 1749 et
888 1720 983 1749 fidele
1007 1720 1204 1760 obsequium

195 1781 207 1795 »
233 1770 319 1808 quod
336 1770 431 1799 nobis
449 1770 640 1808 impendere
663 1771 837 1807 studuisti,
862 1776 891 1802 te
914 1778 1152 1812 prosequentes
1170 1775 1204 1803 in

194 1834 207 1848 »
232 1822 337 1859 gratia
364 1832 462 1861 quam
491 1823 669 1861 apostolice
691 1824 785 1854 Sedis
808 1824 998 1863 benignitas
1026 1827 1107 1856 solet
1133 1828 1203 1866 ejus

194 1886 206 1900 >1
232 1874 358 1904 devotis
376 1884 414 1905 ex
430 1875 603 1906 dulcedine
621 1886 758 1906 suorum
772 1877 912 1907 uberum
932 1879 1117 1917 propinare,
1137 1880 1203 1910 tuis

194 1939 206 1952 »
232 1927 532 1965 supplicationibus
550 1929 719 1963 inclinati,
739 1930 959 1960 tenimentum
975 1932 1061 1970 quod
1076 1932 1203 1962 Johan-

193 1991 206 2005 n
232 1989 290 2009 nes
308 1980 469 2018 Egyptius
491 1981 528 2010 de
546 1981 740 2011 Friscinone
762 1982 801 2012 ab
819 1983 966 2013 Ecclesia
983 1985 1132 2014 Romana
1156 1989 1203 2015 te-

192 2044 205 2058 »
231 2033 345 2063 nuisse
372 2033 567 2069 dinoscitur,
598 2034 658 2063 tibi
684 2035 721 2064 de
750 2036 904 2065 mandato
930 2043 1041 2067 nostro
1070 2047 1087 2067 a
1109 2039 1202 2068 Dono

193 2097 205 2111 »
230 2090 355 2115 rectore
370 2086 550 2124 Campanie
565 2087 783 2123 assignatum,
794 2098 852 2126 pro
867 2098 931 2127 quo
944 2100 1009 2119 una
1027 2090 1112 2120 libra
1128 2100 1201 2122 cere

193 2151 205 2164 1)
230 2139 327 2169 annis
344 2139 486 2177 singulis
504 2145 614 2170 nostre
631 2141 768 2172 Camere
784 2143 1001 2180 persolvatur,
1018 2144 1078 2173 tibi
1093 2149 1123 2174 et
1137 2145 1201 2175 tuis

192 2203 204 2217 »
230 2191 408 2222 heredibus
434 2193 469 2221 in
491 2193 654 2223 directum
678 2194 816 2224 feudum
839 2195 992 2225 duximus
1018 2197 1202 2227 conceden-

191 2256 204 2270 »
229 2245 318 2274 dum.
341 2245 434 2275 Nulli
451 2250 511 2276 etc.
530 2250 641 2276 nostre
659 2248 885 2278 concessionis
902 2252 962 2278 ete.
988 2249 1022 2279 Si
1041 2250 1116 2288 quis
1138 2253 1196 2280 etc.

191 2309 204 2323 2>
229 2299 300 2327 Dat.
320 2298 478 2332 Viterbii,
496 2299 562 2329 XII
578 2299 738 2330 kalendas
754 2300 934 2336 februarii,
953 2311 1039 2331 anno
1060 2311 1158 2331 nono.
1185 2314 1198 2329 »

230 2350 322 2379 Nulli
339 2355 399 2380 etc.
419 2356 529 2381 nostre
551 2352 813 2383 confirmationis
835 2358 865 2383 et
888 2355 1114 2385 concessionis
1137 2359 1198 2385 etc.

189 2403 262 2432 Dal.
282 2403 430 2440 Neapoli.
449 2405 529 2434 VIII
547 2404 622 2434 idus
640 2405 767 2443 aprilis.
786 2415 872 2436 anno
890 2407 1006 2445 primo.
1030 2420 1042 2434 »

261 2561 348 2588 3⁴9
792 2562 908 2598 Naples,
931 2564 946 2590 6
963 2564 1032 2590 avril
1050 2564 1127 2592 1255.

226 2622 324 2648 Eidem
342 2622 531 2650 tenimentum
548 2624 676 2650 Aldanae
693 2626 792 2651 uxoris
806 2625 907 2651 ‹Jacobi
921 2626 1043 2653 Mancini
1060 2627 1095 2653 de
1112 2627 1200 2654 Frisi-

191 2680 264 2698 none
282 2681 296 2697 a
313 2671 454 2705 Gregorio
471 2681 541 2707 papa
558 2672 601 2698 IX
621 2674 801 2707 assignatum
819 2675 984 2708 coufirmat,
1002 2676 1110 2702 litteras
1126 2676 1199 2702 Gre-

188 2721 261 2753 gorii
278 2721 359 2748 datas
376 2720 489 2748 Perusii
506 2721 562 2748 1111
580 2731 670 2749 nonas
687 2724 751 2750 maii
768 2732 841 2750 anno
858 2723 914 2749 1Χο
928 2725 1110 2758 pontificatus
1123 2726 1200 2752 inse-

189 2769 287 2796 reud0.
306 2769 388 2799 (Rae.
405 2769 448 2802 24,
467 2778 492 2797 c.
511 2770 582 2802 992²,
602 2771 619 2796 f.
638 2771 695 2803 llll.)

231 2877 242 2889 κ
264 2865 379 2894 Eidem.
397 2865 590 2894 Devotionis
607 2871 668 2895 etc.
686 2876 791 2905 usque
810 2877 815 2895 :

1892 277 2027 311 l'erouse,
2045 277 2060 304 4
2078 279 2132 304 mai
2151 278 2228 307 1235.
2246 267 2249 270 Ι

1333 347 1345 361 α
1363 335 1597 365 Tenimentum
1611 337 1697 376 quod
1711 337 1876 376 quondam
1888 338 2027 374 Aldana,
2040 348 2122 369 uxor
2134 340 2302 379 quondam

1330 388 1445 418 ι11160111
1468 389 1615 418 Mancini
1640 390 1678 420 de
1700 390 1910 425 Friscinone,
1928 391 1968 421 ab
1986 392 2133 422 Ecclesia
2151 393 2302 424 Romana

1293 453 1305 466 »
1331 441 1479 471 tenuisse
1496 441 1692 474 dinoscitur,
1706 452 1779 472 cum
1793 443 1993 482 quibusdam
2008 443 2084 474 aliis
2098 445 2301 483 excagentiis

1293 505 1306 520 »
1331 494 1392 523 sub
1404 503 1515 524 annuo
1527 504 1629 525 censu
1641 500 1704 525 etc.
1715 505 1820 535 usque
1831 506 1838 525 ε
1849 496 2024 532 cautelam,
2037 497 2259 528 tenimentum
2270 501 2303 529 et

1293 556 1306 571 11
1331 546 1541 583 excagcntias
1562 547 1752 584 supradicta
1767 556 1842 577 cum
1861 548 2016 578 omnibus
2031 548 2164 588 juribus
2181 553 2303 588 611161·-

1293 610 1306 624 »
1331 598 1483 629 tinentiis
1502 600 1691 629 corumdem
1713 600 1771 630 tibi
1788 605 1819 631 et
1836 601 1962 631 eisdem
1978 601 2169 636 heredibus,
2187 606 2249 632 etc.
2265 606 2304 633 ut

1293 663 1306 677 »
1331 651 1365 680 in
1383 651 1448 681 alia
1464 661 1569 690 usque
1590 662 1596 681 :
1614 652 1779 682 inclinati.
1799 653 2033 683 Tenimentum
2053 654 2140 692 quod
2160 653 2300 690 Aldana,

1293 715 1306 729 »
1331 712 1412 733 uxor
1427 704 1541 735 Jacobi
1560 705 1706 735 Mancini
1727 705 1766 735 de
1782 705 1992 740 Friscinone,
2011 705 2052 735 ab
2073 706 2219 736 Ecclesia
2235 707 2304 738 Ro-

1293 767 1306 782 »
1331 765 1429 786 mana
1451 756 1599 786 tenuisse
1616 757 1811 792 dinoscitur,
1833 768 1850 787 a
1868 757 2036 788 nobilibus
2051 758 2134 788 viris
2149 758 2303 790 ,iohanne

1293 820 1306 835 »
1331 809 1369 839 de
1394 809 1511 839 ι11111100
1539 814 1569 839 et
1597 810 1731 841 Oddone
1759 811 1845 841 dicto
1871 810 1964 841 Bello
1990 811 2155 850 quondam
2181 811 2303 843 balivis

1293 873 1305 888 r>
1331 862 1429 891 castri
1452 862 1599 901 ejusdem
1619 863 1680 892 tibi
1696 872 1770 893 cum
1787 863 1987 902 quibusdam
2003 863 2080 893 aliis
2098 864 2302 902 excagentiis

1293 927 1305 941 »
1331 915 1549 951 assignatum.
1566 924 1624 954 pro
1636 916 1757 955 quibus
1770 926 1835 946 una
1853 916 1937 946 libra
1950 926 2023 947 cere
2037 917 2175 948 Camere
2190 922 2303 949 nostre

1292 980 1304 994 n
1331 968 1429 997 annis
1443 968 1592 1005 *singulis
1613 969 1820 1006 persolvatur
1839 969 1873 998 111
1897 969 2058 999 directum
2083 969 2218 1000 seudum
2239 969 2302 1000 tihi

1292 1032 1304 1046 >1
1330 1021 1483 1050 duximus
1498 1021 1756 1051 concedendum.
1769 1022 1863 1052 Nulli
1874 1026 1934 1052 etc.
1949 1026 2060 1052 nostre
2075 1022 2301 1053 concessionis

1292 1085 1304 1099 »
1330 1077 1390 1103 etc.
1412 1073 1446 1103 Si
1463 1074 1537 1112 quis
1554 1078 1614 1103 etc.
1635 1075 1706 1103 Dat.
1727 1075 1873 1110 Perusii,
1892 1075 1960 1105 IIII
1978 1084 2082 1105 nonas
2098 1075 2194 1111 maii,
2212 1083 2300 1106 anno

1292 1137 1304 1152 »
1331 1135 1428 1156 nono.
1452 1138 1463 1152 n

1329 1179 1421 1209 Nulli
1443 1183 1503 1209 etc.
1523 1184 1634 1209 nostre
1656 1180 1919 1211 confirmationis
1940 1184 1971 1210 et
1992 1181 2218 1211 concessionis
2236 1184 2298 1212 610.

1290 1232 1363 1261 Dat.
1382 1231 1532 1270 Neapoli,
1550 1232 1631 1262 VIII
1646 1232 1721 1262 idus
1738 1233 1865 1271 aprilis,
1884 1242 1971 1263 anno
1988 1233 2104 1271 primo.
2124 1246 2137 1260 n

1293 399 1299 413 )

1361 1417 1450 1446 35⁰

1325 1480 1424 1506 Eidem
1455 1479 1607 1506 confirmat
1630 1480 1831 1506 investituram
1857 1484 1885 1506 et
1909 1479 2091 1506 traditionem
2117 1480 2195 1507 feudi
2223 1481 2302 1516 quod

1289 1529 1382 1556 suerat
1395 1528 1544 1555 Benedicti
1557 1529 1720 1555 Gattutiarii
1736 1538 1751 1554 a
1764 1528 1867 1555 ballivo
1882 1529 1979 1555 curiae
1995 1530 2081 1555 castri
2097 1528 2132 1555 de
2147 1527 2300 1557 Frisinone

1289 1578 1334 1605 die
1346 1578 1434 1604 XVII
1445 1578 1581 1604 februarii
1593 1577 1763 1604 MCCXXX
1771 1577 1808 1604 V1
1819 1578 1919 1604 factas.
1932 1577 2015 1611 (Rso.
2028 1577 2073 1612 24,
2084 1585 2109 1604 c.
2123 1577 2197 1612 292³,
2210 1578 2230 1604 s.
2240 1577 2298 1612 44.)

1894 1417 2010 1452 Naples,
2029 1417 2045 1445 6
2061 1418 2131 1445 avril
2149 1418 2228 1447 1255.

1330 1692 1342 1706 «
1367 1681 1453 1709 Petro
1476 1680 1554 1709 dicio
1576 1680 1724 1717 Apoloclo,
1741 1680 1888 1708 servienti
1911 1680 2034 1709 Camere
2056 1685 2166 1709 nostre.
2192 1680 2300 1710 Devo-

1288 1733 1390 1763 tionis
1403 1737 1463 1763 etc.
1479 1742 1586 1771 usque
1600 1742 1605 1761 :
1621 1732 1834 1762 constitutus.
1850 1733 1968 1762 Petrus
1983 1732 2131 1768 Ruheus,
2148 1736 2226 1763 tunc
2240 1732 2300 1762 ha-

1287 1787 1374 1817 livus
1400 1786 1490 1816 curie
1516 1786 1617 1815 castri
1642 1785 1680 1815 de
1705 1785 1916 1820 Friscinone,
1937 1785 1975 1815 de
1992 1785 2129 1823 speciali
2145 1785 2300 1816 mandato

1287 1839 1399 1870 dilecti
1417 1839 1477 1868 filii
1495 1838 1655 1876 Stephani
1673 1837 1836 1876 capellani
1853 1838 1957 1867 nostri
1971 1842 2049 1868 tunc
2062 1838 2201 1868 rectoris
2215 1838 2300 1878 ejus-

1287 1893 1360 1922 dem
1379 1892 1490 1922 castri.
1508 1895 1539 1921 te
1556 1891 1594 1921 de
1610 1895 1676 1920 toto
1698 1895 1729 1920 et
1744 1891 1873 1928 integro
1891 1890 1989 1920 feudo
2006 1891 2093 1929 quod
2107 1891 2217 1921 suerat
2235 1891 2300 1922 Be-

1286 1945 1410 1976 nedicti
1431 1944 1624 1975 Gattutiarii
1646 1944 1814 1973 investirit
1837 1948 1868 1973 et
1890 1944 2135 1981 possessionem
2151 1944 2314 1983 ejusdem-

1286 1999 1347 2028 tibi
1371 1998 1544 2028 tradiderit
1567 1996 1780 2035 corporalem,
1803 2001 1898 2035 prout
1921 1997 1954 2025 in
1977 1996 2199 2027 instrumento
2221 1997 2300 2028 inde

1286 2052 1434 2082 confecto
1447 2051 1541 2089 cujus
1552 2054 1700 2080 tenorem
1717 2050 1755 2079 de
1768 2050 1868 2079 verbo
1881 2050 1920 2079 ad
1934 2049 2072 2079 verbum
2085 2049 2298 2087 presentibus

1285 2104 1390 2134 inseri
1406 2103 1546 2133 fecimus
1563 2102 1694 2141 plenius
1711 2102 1910 2132 continetur.
1929 2111 1988 2131 nos
2006 2102 2071 2131 tuis
2088 2102 2298 2141 supplicatio-

1285 2155 2059 2191 nibusinclinati,investitur-amettraditionem
2068 2155 2200 2185 easdem
2209 2158 2298 2186 ratas

1285 2214 1315 2241 et
1331 2210 1443 2239 firmas
1467 2208 1639 2243 hahentes,
1654 2208 1744 2246 ipsas
1761 2208 1956 2237 auctoritate
1977 2207 2156 2245 apostolica
2175 2208 2298 2238 confir-

1284 2272 1414 2293 mamus
1439 2266 1500 2292 etc.
1518 2270 1625 2300 usque
1641 2271 1646 2290 :
1665 2261 1919 2290 comnmninms.
1939 2261 1990 2290 Ad
2006 2261 2165 2299 maiorem
2187 2264 2299 2291 autem

1284 2316 1459 2350 cautelam,
1483 2315 1666 2353 predictum
1687 2314 1823 2344 seudum
1848 2323 1923 2343 011111
1942 2313 2097 2343 omnibus
2109 2313 2244 2352 juribus
2266 2317 2298 2344 et

1283 2368 1497 2408 pertinentiis
1514 2368 1584 2397 suis
1602 2367 1662 2396 tibi
1676 2371 1705 2397 01,
1722 2367 1789 2396 tuis
1805 2366 1985 2397 heredibus
1999 2366 2033 2395 in
2050 2366 2213 2396 directum
2228 2366 2298 2397 feu-

1285 2423 1363 2452 dum
1377 2422 1411 2451 in
1423 2424 1620 2460 perpetuum
1633 2420 1672 2449 de
1685 2428 1768 2449 novo
1781 2419 1994 2449 concedimus
2008 2428 2045 2453 ex
2057 2423 2144 2449 certa
2157 2418 2299 2449 scientia

1284 2475 1323 2505 de
1351 2474 1457 2512 gratia
1482 2472 1630 2512 speciali.
1654 2473 1761 2502 Tenor
1784 2476 1894 2502 autem
1919 2471 2135 2501 instrumenti
2157 2470 2299 2509 predicti

1283 2527 1360 2557 talis
1377 2531 1427 2557 est
1444 2536 1450 2555 ε

1759 2591 1949 2625 [F1·osinone]‚
1970 2591 2000 2617 17
2018 2590 2124 2617 fevi-ier
2139 2589 2219 2617 1236.

1324 2669 1336 2683 »
1362 2658 1401 2686 In
1428 2656 1563 2686 nomine
1588 2655 1722 2685 Domini
1750 2655 1853 2684 nostri
1878 2654 1984 2685 Jhesu
2016 2652 2160 2688 Christi,
2185 2660 2296 2682 amen.

1283 2722 1296 2736 »
1321 2710 1417 2739 Anno
1433 2708 1619 2738 nativitatis
1634 2708 1704 2746 ejus
1718 2707 2012 2741 310CC0XXX0V10,
2026 2705 2208 2735 indictione
2220 2705 2294 2741 Ix·‚

1283 2775 1295 2789 »
1320 2763 1534 2801 pontificatus
1555 2761 1680 2790 domini
1703 2761 1742 2790 G.
1767 2770 1847 2798 pape
1870 2759 1950 2788 noni
1971 2767 2059 2788 anno
2080 2758 2156 2792 1Χο,
2181 2765 2296 2787 mense

1282 2827 1295 2842 »
1320 2815 1483 2846 februarii
1504 2814 1556 2844 die
1579 2814 1686 2844 XVII.
1712 2814 1748 2843 In
1772 2812 1940 2851 presentia
1963 2811 2028 2841 mei
2050 2809 2219 2840 Ambrosii
2235 2818 2296 2839 no-

1282 2881 1294 2894 »
1320 2867 1396 2897 tarii
1417 2866 1541 2905 publici
1565 2871 1595 2896 et
1613 2866 1746 2896 testium
1764 2865 2038 2903 subscriptorum,
2053 2862 2205 2892 videlicet
2223 2870 2299 2891 lna-
