2441 3330
199 215 254 244 140

195 280 262 309 hiis
289 279 397 309 extitit
425 288 462 309 ex
488 288 526 309 οο
548 280 634 318 quod
658 280 866 310 concessioni
892 281 1031 319 predicti
1059 280 1205 319 episcopi

195 341 292 362 suum
319 331 501 370 capitulum
526 341 590 361 non
615 333 783 362 consensit
807 332 846 362 de
866 332 1074 371 plenitudine
1096 337 1206 371 potes-

194 385 283 414 tatis.
309 384 401 415 Nulli
423 389 483 414 etc.
511 389 622 415 nostre
646 385 909 416 confirmationis
932 390 963 416 et
982 385 1205 424 supplementi

194 441 254 467 etc.
275 438 348 466 Dat.
370 437 520 476 Neapoli,
537 438 566 468 V
582 437 656 467 idus
673 438 764 472 maii,
783 447 870 468 anno
888 438 1004 476 primo.
1025 451 1038 465 ι»

263 622 352 650 472

229 685 366 718 Magistro
381 684 507 712 ι1011311111
523 686 558 712 de
576 685 705 716 Forzate,
724 686 816 712 electo
836 686 981 720 Paduano,
999 688 1133 714 concedit
1151 696 1204 723 po-

191 737 325 760 testatem
342 734 509 768 providendi
526 734 640 761 dnobus
658 743 692 760 ex
716 735 898 762 monasteriis
922 735 1055 762 paduane
1078 737 1205 764 civitatis

796 622 912 658 Naples‚
932 624 958 650 11
981 625 1036 651 mai
1053 624 1131 652 1255.

191 783 234 808 vel
250 782 375 809 diocesis
391 782 589 817 jurisdictioni
608 783 700 818 ipsius
716 784 872 818 subjectis,
897 786 922 811 si
942 785 975 811 ad
1000 794 1138 820 praesens
1154 794 1204 813 va-

191 836 257 858 cant
270 832 311 857 vel
327 832 472 866 quamcito
489 832 666 863 vacaverint,
686 833 738 859 hac
755 833 816 859 vice
832 833 980 860 dumtaxat
1000 834 1034 860 de
1051 834 1204 861 abbatibus

191 881 235 907 vel
252 880 416 915 pastoribus
433 880 543 907 idoneis
559 885 587 907 ct
605 880 750 908 Ecclesiae
765 882 911 909 Romanae
924 883 1046 910 devotis.
1060 883 1144 917 (Rea.
1157 883 1202 915 24,

191 937 217 956 c.
235 929 296 963 389,
314 930 332 955 f.
351 929 422 962 562¹.)

232 1044 245 1058 α
263 1032 406 1069 Mayistro
420 1032 557 1061 Johanni
567 1033 601 1061 de
611 1033 748 1068 Forzczte7
761 1034 849 1063 electo
862 1034 1018 1063 Paduam.
1036 1033 1133 1065 Clara
1147 1039 1201 1065 tue

191 1084 377 1114 devotionis
392 1102 438 1113 —.
459 1085 532 1114 Dat.
551 1090 586 1115 ut
604 1094 714 1124 supra.
735 1098 748 1112 »

261 1268 349 1296 4⁸23

225 1329 387 1364 willelmo,
404 1331 541 1365 episcopo
563 1331 784 1363 Saresbiriensi,
804 1332 943 1367 indulget,
963 1338 1002 1368 ut,
1022 1343 1071 1369 per
1091 1335 1201 1362 litteras

803 1269 926 1306 Naples,
943 1272 957 1298 7
975 1272 1031 1298 mai
1050 1272 1127 1300 1‘255.

189 1380 362 1414 apostolicas
377 1388 450 1414 quae
466 1380 500 1406 de
517 1380 717 1415 praesentibus
734 1382 845 1416 plenam
861 1386 888 1408 et
903 1391 1071 1417 expressam
1091 1392 1146 1410 non
1160 1384 1200 1411 fe-

188 1429 281 1455 cerint
297 1429 488 1459 mentionem,
508 1429 580 1455 ultra
596 1438 681 1456 unam
701 1429 805 1456 dietam
824 1439 838 1456 a
856 1431 912 1458 fine
928 1431 1053 1459 diocesis
1070 1435 1134 1468 ejus
1149 1441 1200 1460 su-

189 1485 239 1512 per
265 1478 348 1503 bonis
370 1485 442 1512 quae
465 1477 538 1504 infra
562 1478 653 1512 ipsam
677 1479 787 1506 obtinet
813 1488 904 1514 usque
930 1481 962 1507 ad
990 1482 1143 1509 triennium
1171 1483 1199 1509 in

187 1533 304 1552 causam
321 1526 394 1552 trahi
410 1534 465 1552 non
483 1527 583 1560 possit.
602 1527 684 1557 (Rea.
702 1527 745 1559 ⁶24.
760 1536 786 1555 c.
803 1529 865 1563 390,
879 1530 896 1556 1“.
915 1530 984 1563 56v.)

229 1639 242 1654 (ι
262 1628 418 1663 ll'illelmo,
433 1629 567 1666 episcopo
580 1630 809 1659 Sareshirt'ensi.
823 1631 893 1667 Que
908 1636 984 1661 sunt
1000 1631 1137 1662 honoris
1148 1650 1197 1662 —.

187 1681 260 1711 Dat.
281 1680 431 1719 Neapoli,
450 1682 548 1712 nonis
564 1682 655 1717 maii,
674 1691 761 1712 anno
777 1684 894 1722 primo.
913 1697 926 1710 »

259 1872 350 1900 424

224 1933 314 1960 Alaun
335 1934 369 1960 de
386 1934 548 1969 Watsand‚
568 1936 686 1962 obtentu
709 1937 785 1971 regis
803 1937 925 1971 Angliae
946 1939 995 1972 qui
1013 1943 1127 1974 proptor
1144 1940 1198 1966 hoc

185 1983 369 2016 apostolicam
392 1985 513 2017 gratiam
532 1993 582 2019 per
597 1985 739 2019 speciales
759 1986 868 2012 litteras
891 1987 1062 2022 imploravit,
1079 1989 1196 2024 dispen-

184 2036 239 2063 sat,
257 2036 286 2057 ut
305 2040 369 2058 cum
395 2033 542 2059 beneficiis
562 2033 625 2060 suis
648 2034 839 2068 praebendam
862 2036 1003 2062 ecclesiae
1021 2036 1197 2072 Riponensis

185 2081 275 2106 valeat
292 2082 424 2107 retinere.
441 2081 524 2115 (Rm.
540 2082 584 2116 24,
601 2090 626 2109 0.
644 2082 704 2114 391,
725 2083 743 2109 s.
762 2084 830 2115 56¹⁷.)

784 1874 906 1910 Names,
925 1877 952 1902 11
974 1877 1028 1903 mai
1050 1877 1123 1903 12:35.

226 2195 239 2209 «
256 2184 353 2212 ,llario
372 2183 405 2212 du
427 2184 581 2219 immund,
604 2186 752 2214 canonico
773 2187 891 2215 ecclesie
908 2188 1103 2224 Riponensis,
1122 2189 1197 2218 Ebo-

183 2238 318 2265 racem-is
341 2237 474 2265 diocesis.
501 2236 599 2267 Clara
614 2237 734 2267 merita
749 2238 915 2268 carissimi
931 2239 966 2268 in
985 2239 1118 2270 Christo
1134 2241 1197 2270 filii

184 2289 289 2318 nostri
309 2312 341 2324 ..,
360 2289 501 2319 illustris
524 2290 612 2327 regis
633 2290 769 2328 Anglie‚
788 2292 883 2330 cujus
905 2293 1020 2323 existis
1042 2293 1194 2330 clericus,

184 2350 243 2371 nos
266 2341 427 2371 inducunt
445 2347 498 2377 ut,
517 2342 552 2371 in
568 2342 635 2373 hiis
652 2352 715 2382 que
734 2344 833 2381 digne
852 2354 1043 2382 possumus,
1065 2356 1141 2377 eum
1161 2348 1197 2377 in

184 2395 254 2424 suis
266 2399 374 2432 optata
388 2395 493 2431 grz‘itia
506 2396 686 2426 foveamus.
707 2397 793 2426 Hinc
811 2402 859 2427 est
876 2399 962 2437 quod
978 2408 1048 2430 nos.
1060 2400 1197 2431 obtentu

183 2446 290 2484 ipsius
313 2447 401 2482 ref-'is
418 2448 474 2486 qui
499 2453 631 2486 propter
655 2449 717 2478 1100
740 2450 953 2488 apostolicam
975 2453 1115 2489 gratiam
1140 2462 1198 2492 per

184 2499 345 2537 speciales
363 2499 490 2530 litteras
511 2500 717 2539 imploravit,
739 2503 804 2531 tuis
826 2503 1125 2542 supplicationibus
1144 2507 1197 2536 in-

184 2551 315 2586 clinati„
340 2556 376 2581 ut
397 2552 597 2590 prebendam
621 2563 719 2592 quam
743 2555 815 2585 sine
841 2556 1028 2587 animarum
1055 2567 1134 2588 cura
1161 2559 1196 2589 in

184 2606 324 2636 ecclesia
341 2607 526 2645 Riponensi
547 2609 705 2639 canonice
724 2614 752 2639 te
769 2611 925 2649 proponis
943 2612 1112 2651 adeptum,
1130 2624 1198 2645 una

184 2668 259 2688 cum
273 2660 445 2690 beneficiis
458 2661 524 2690 tuis
539 2661 640 2691 etiam
654 2671 766 2692 0013111
780 2662 981 2694 habentibus
996 2666 1193 2704 animarum,

184 2773 259 2793 cum
279 2764 508 2803 dispensatum
525 2766 653 2802 existit,
671 2768 773 2805 priori
790 2769 1037 2807 dispensatione
1054 2772 1197 2803 nichilo-

184 2817 295 2846 minus
315 2818 349 2846 in
372 2827 431 2847 suo
454 2818 571 2849 robore
590 2819 766 2855 duratura,
789 2821 879 2851 licite
900 2832 937 2852 ac
958 2823 1062 2854 libere
1085 2825 1196 2856 valeas

184 2869 340 2905 retinere,
357 2875 465 2900 tecum
482 2872 677 2903 auctoritate
695 2874 873 2912 apostolica
888 2875 1132 2914 dispensamus.
1146 2880 1196 2909 Ita

1246 698 1249 713 i

924 214 1164 245 REGISTRES
1186 214 1493 246 D'ALEXANDRE
1518 217 1570 247 IV.

1288 285 1398 311 tamen
1425 283 1512 321 quod
1538 284 1704 322 prebenda
1733 290 1764 315 et
1792 286 1955 317 beneficia
1983 287 2056 325 ipsa
2085 287 2206 319 debitis
2233 297 2299 320 non

1287 334 1484 365 fraudentur
1508 336 1679 376 obsequiis
1697 342 1728 368 et
1747 338 1935 369 animarum
1953 348 2031 369 cura
2054 340 2089 369 in
2108 340 2157 371 eis
2177 341 2298 380 quibus

1287 385 1344 416 illa
1366 387 1518 418 imminet
1539 389 1731 420 nullatenus
1755 391 1955 430 negligatur.
1979 392 2072 422 Nulli
2097 397 2158 423 etc.
2187 397 2299 424 nostre

1287 439 1548 478 dispensationis
1573 447 1634 472 etc.
1658 443 1732 473 Dat.
1758 443 1909 482 Neapoli,
1935 445 1965 474 V
1986 444 2062 475 idus
2088 445 2184 480 maii,
2211 454 2299 476 anno

1287 501 1404 531 prlmo.
1425 505 1438 519 ι»

1359 665 1450 693 4⁸⁷5
1890 667 2009 702 Names,
2026 669 2055 695 11
2074 669 2130 695 mai
2148 669 2228 697 1255.

1323 726 1448 753 Henrico
1462 727 1496 753 de
1514 726 1664 754 Winhano
1687 728 1883 759 subdiacono.
1905 730 2053 764 capellano
2073 739 2127 757 suo
2146 735 2175 757 et
2194 731 2299 758 clerico

1287 777 1364 811 regis
1381 776 1514 810 Angtiae,
1539 777 1679 810 indulget,
1701 780 1730 804 ut
1753 786 1842 812 super
1860 778 1948 804 altare
1970 780 2094 813 portatili
2111 788 2161 814 per
2174 780 2300 814 aliquem

1286 826 1487 861 presbyterum
1503 825 1599 852 divina
1620 825 1704 852 saciat
1724 826 1874 854 celebrari.
1893 827 1978 860 (Rae.
1994 827 2042 858 24,
2065 836 2092 855 c.
2115 828 2188 862 3912,
2206 828 2225 856 1“.
2242 828 2296 860 57.)

1327 938 1340 954 α
1360 927 1491 956 Hem-ico
1510 927 1544 956 de
1572 928 1732 962 Winhano,
1752 928 1936 958 subdiacono
1958 934 1984 958 et
2005 930 2162 967 capellano
2183 935 2297 966 nostro,

1283 980 1502 1009 Londoniensis
1518 980 1652 1010 diocesin.
1670 980 1767 1011 Clara
1785 984 1846 1010 etc.
1864 989 1969 1020 usque
1988 991 1994 1010 :
2012 981 2177 1017 inclinati,
2194 986 2230 1013 ut
2245 982 2299 1012 in-

1285 1033 1407 1063 sistens
1430 1033 1600 1072 obscquiis
1619 1033 1767 1072 ejusdem
1785 1034 1874 1071 regis
1898 1043 1998 1072 super
2013 1034 2116 1064 altare
2133 1034 2295 1073 portatili,

1284 1095 1359 1116 cum
1382 1086 1484 1117 fuerit
1506 1090 1720 1124 oportunum,
1745 1096 1803 1125 per
1825 1086 1970 1126 aliquem
1990 1087 2212 1126 presbiterum
2230 1096 2297 1118 non

1283 1138 1498 1168 interdictum
1524 1139 1575 1169 vel
1598 1139 1920 1169 excommunicatum
1942 1144 2134 1170 reverenter
2155 1144 2186 1170 et
2211 1140 2298 1170 sicut

1283 1191 1376 1221 decet
1392 1191 1453 1221 tibi
1469 1200 1506 1221 ac
1522 1191 1747 1222 familiaribus
1764 1192 1841 1227 tuis,
1862 1192 2049 1222 interdictis
2067 1197 2177 1223 tamen
2193 1197 2225 1223 et
2241 1201 2297 1223 ex-

1283 1244 1537 1274 communicatis
1557 1243 1717 1279 exclusis,
1742 1244 1855 1274 divina
1874 1245 1978 1275 facias
2001 1245 2179 1281 celebrari,
2197 1246 2296 1276 devo-

1282 1297 1367 1326 tioni
1392 1301 1446 1327 tue
1471 1297 1668 1327 auctoritate
1692 1298 1897 1336 presentium
1919 1298 2131 1329 concedimus
2155 1298 2297 1329 faculta-

1283 1353 1361 1379 tem*
1379 1349 1472 1380 Nulli
1488 1354 1549 1380 etc.
1566 1354 1677 1380 nostre
1694 1351 1920 1380 concessionis
1937 1354 1998 1380 etc.
2014 1351 2085 1380 Dat.
2103 1355 2137 1380 ut
2152 1360 2262 1390 supra.
2280 1363 2293 1378 ι)

1354 1523 1442 1551 476
1886 1523 2005 1559 Names,
2024 1523 2055 1550 14
2072 1524 2127 1550 mai
2145 1523 2224 1551 1255.

1320 1585 1426 1612 Abbati
1443 1593 1468 1612 s.
1490 1585 1629 1612 Leonardi
1646 1585 1680 1612 de
1701 1584 1808 1612 Calmis
1822 1585 2027 1613 Cisterciensis
2044 1586 2154 1613 ordinis
2171 1585 2296 1620 mandat,

1283 1638 1314 1662 ut
1341 1638 1421 1661 extra
1448 1634 1684 1661 Xanctonensem
1711 1635 1851 1661 diocesim
1877 1634 1910 1661 ad
1931 1635 2075 1669 judicium
2101 1635 2215 1662 evocari
2240 1642 2296 1662 non

1282 1685 1428 1719 permittat
1444 1685 1580 1718 maj0rem
1597 1687 1625 1710 et
1641 1684 1837 1710 communiam
1853 1684 1888 1710 de
1904 1684 2024 1719 Rupella
2037 1706 2043 1718 ,
2060 1684 2126 1719 qui,
2143 1683 2297 1711 occasione

1282 1733 1426 1759 discordie
1443 1734 1516 1759 inter
1533 1741 1630 1767 regem
1648 1733 1771 1767 Angliae
1787 1737 1814 1759 et
1830 1734 1965 1760 comitem
1984 1732 2128 1760 pictaviae
2146 1733 2294 1759 dominum

1282 1783 1411 1816 ipsorum
1428 1786 1536 1814 exorta,
1554 1791 1590 1808 cx
1605 1782 1713 1808 diocesi
1731 1782 1875 1816 praedicta
1890 1783 1969 1809 exire
1989 1782 2130 1809 dubitant.
2149 1781 2232 1816 (Rea.
2249 1781 2295 1813 24,

1281 1839 1306 1858 c.
1320 1830 1381 1864 392,
1399 1830 1418 1858 f.
1436 1831 1490 1862 57.)

1322 1945 1334 1958 «
1407 1932 1508 1961 abbati
1521 1934 1621 1961 sancti
1637 1933 1786 1961 Leonarcli
1799 1933 1832 1962 (le
1851 1933 1964 1962 Calmis
1983 1933 2190 1962 cisterciensis
2209 1933 2294 1962 ordi-

1279 1986 1345 2020 nis,
1367 1986 1586 2014 imezonem-ts
1610 1986 1745 2015 diocesis.
1770 1986 1814 2016 Ut
1837 1994 1915 2023 erga
1937 1985 2055 2015 Sedcm
2081 1985 2295 2024 apostolicam

1280 2038 1418 2068 affectus
1443 2037 1628 2068 devotionis
1656 2037 1852 2067 dilectorum
1873 2037 2017 2067 filiorum
2043 2061 2075 2073 ..,
2100 2038 2236 2077 10310115
2263 2042 2295 2068 et

1279 2091 1467 2121 communie
1486 2091 1524 2120 de
1546 2090 1697 2129 Rupella,
1715 2091 1965 2121 Xanctonensis
1989 2091 2147 2126 diocesis,
2165 2091 2294 2121 animo-

1279 2144 1350 2173 sius
1366 2144 1562 2178 incitemus7
1585 2152 1698 2173 eorum
1715 2144 1933 2182 petitionibus
1951 2143 2095 2174 libenter
2113 2143 2294 2174 annuimus

1244 2200 1249 2205 “
1278 2196 1354 2226 11135
1373 2196 1528 2235 precipue
1545 2196 1585 2226 ad
1601 2196 1824 2226 exauditionis
1843 2196 1985 2234 gratiam
2001 2196 2214 2227 admittentes
2229 2205 2294 2236 que

1280 2251 1414 2289 sapiunt
1443 2250 1623 2288 equitatem
1653 2255 1683 2279 et
1714 2250 1862 2288 ipsorum
1892 2250 2099 2280 commodum
2128 2250 2294 2288 respicere

1280 2303 1507 2333 dinoscuntur.
1528 2303 1614 2333 Sane
1635 2311 1729 2337 cum,
1751 2303 1837 2333 sicut
1858 2312 1895 2333 ex
1916 2307 2008 2341 parte
2029 2303 2177 2341 ipsorum
2197 2302 2294 2333 nobis

1280 2355 1429 2386 exhibita
1448 2356 1563 2393 petitio
1582 2355 1790 2391 continebat,
1813 2356 1916 2386 iidem
1936 2355 2109 2385 occasione
2129 2355 2294 2386 discordie

1239 2401 1241 2437 l
1281 2417 1344 2447 que
1360 2409 1448 2438 inter
1464 2409 1675 2438 carissimum
1694 2409 1729 2438 in
1745 2408 1880 2439 Christo
1896 2408 2003 2438 filium
2022 2412 2172 2438 nostrum
2190 2431 2223 2443 ··=
2241 2416 2295 2438 re-

1281 2470 1355 2499 gem
1376 2460 1497 2499 Anglie
1519 2461 1695 2496 illustrem,
1719 2465 1749 2491 et
1766 2460 1923 2490 dilectum
1948 2460 2055 2490 filium
2076 2460 2222 2491 nobilem
2243 2460 2294 2490 vi-

1280 2523 1354 2544 rum
1372 2537 1404 2549 ..,
1425 2514 1579 2544 comitem
1596 2514 1759 2549 Pictavie,
1781 2514 1842 2543 suh
1863 2513 1957 2553 cujus
1974 2518 2050 2543 sunt
2069 2513 2228 2548 dominio,
2245 2517 2295 2544 est

1280 2571 1406 2603 exorta,
1425 2567 1514 2597 exire
1530 2567 1682 2597 dubitent
1703 2567 1862 2597 diocesim
1885 2566 2120 2605 supradictam,
2138 2575 2213 2596 cum
2229 2565 2295 2596 sihi

1281 2620 1420 2650 timeant
1445 2620 1582 2650 eandem
1599 2620 1798 2650 exeuntibus
1814 2628 1926 2649 rerum
1945 2624 1975 2650 et
1991 2628 2210 2658 personarum
2225 2619 2294 2650 dis-

1238 2658 1241 2692 3
1279 2673 1422 2703 crimina
1442 2672 1636 2707 imminere⁷
1662 2681 1721 2702 nos
1744 2673 1801 2711 qui
1823 2672 2049 2702 sollicitudine
2073 2671 2178 2702 nostri
2193 2670 2294 2701 officii

185 2721 283 2750 super
300 2712 422 2751 quibus
440 2717 537 2751 prout
557 2715 680 2744 asseris
703 2724 760 2753 per
780 2716 898 2746 Sedem
916 2718 1130 2755 apostolicam
1150 2725 1197 2750 te-
1238 2732 1239 2750 ς

1278 2726 1428 2755 omnium
1446 2734 1559 2755 curam
1576 2725 1734 2763 gerimus,
1752 2725 1787 2754 in
1804 2725 1864 2754 hoc
1881 2725 1929 2754 eis
1941 2733 2117 2762 precavere
2131 2723 2291 2758 volentes,

1279 2787 1393 2808 eorum
1409 2778 1593 2808 devotionis
1609 2778 1764 2816 precibus
1780 2777 1951 2813 inclinati,
1969 2777 2166 2807 mandamus
2183 2775 2292 2815 quati-

1278 2839 1341 2860 nus
1364 2831 1453 2869 ipsos
1476 2830 1527 2861 vel
1550 2839 1663 2860 eorum
1683 2830 1812 2869 aliquos
1837 2839 1901 2860 non
1924 2829 2098 2868 permittas
2115 2833 2205 2859 extra
2221 2828 2292 2858 dic-

1278 2887 1345 2913 tam
1370 2883 1529 2913 diocesim
1549 2875 1607 2922 p'er
1631 2883 1759 2914 litteras
1781 2883 1876 2914 Sedis
1897 2882 2076 2922 apostolice
2094 2881 2147 2911 vel
2166 2881 2292 2920 legato-
