2498 3325
232 228 289 257 480
956 225 1194 255 REGISTRES
1217 224 1524 254 D‘ALEXANDRE
1547 225 1601 254 IV.

306 295 420 323 1555
760 293 886 326 anagni,
905 292 934 318 31
954 292 1070 318 octobre
1090 292 1165 319 1250.

268 355 406 388 Magistro
421 354 534 387 ltogcro
546 354 580 380 «le
598 354 763 387 llcslerton,
776 355 880 381 clerico
892 354 1085 380 Ebot-ocensis
1100 354 1235 384 diocesis,

233 403 371 436 indulget,
391 406 429 433 ut,
449 407 560 436 praetor
578 403 716 429 beneficia
732 404 928 429 ecclesiastica
943 412 1015 437 quae
1032 403 1151 434 obtinet,
1167 412 1238 437 quo-

232 460 294 478 rum
314 460 400 477 unuin
419 452 522 477 retinet
537 451 780 482 commendatum,
799 452 889 485 possit
903 452 997 477 adbuc
1016 452 1130 477 unirtnn
1147 451 1238 477 bene-

232 500 328 526 ficium
355 500 583 525 ecclesiasticum
611 500 744 527 retinere.
771 500 854 533 (Rieu.
881 500 924 533 ²24,
956 502 974 527 s.
1005 502 1080 532 ¹208&
1107 510 1172 526 ann.
1200 500 1236 532 ll,

232 556 256 574 c.
276 548 360 579 475³.)

272 662 284 675 α
309 650 452 686 Mayiscro
469 650 577 686 Itoyero
595 650 629 679 [le
644 650 824 686 Ile-§lerionaeg
845 652 953 680 clerico
966 651 1160 680 Eborarensis
1177 652 1238 680 clio-

231 702 313 729 cesis.
333 700 423 730 Licet
440 709 480 729 ne
497 700 572 739 quis
593 718 641 729 ——.
665 702 736 731 Dat.
761 702 924 740 Anagnie,
948 704 980 732 II
1002 702 1160 732 kalendas
1181 712 1238 732 no-

231 753 386 789 vembris,
405 762 492 783 anno
509 754 663 783 secundo.
690 767 702 781 »

306 934 421 961 155ss

265 995 403 1028 Jobanni,
421 996 497 1022 dicto
515 1001 579 1022 nato
597 996 672 1023 Petri
689 997 819 1031 magistri
834 997 918 1028 Luce,
936 999 991 1024 civi
1010 998 1157 1030 ltemensi,
1170 1007 1239 1025 con-

230 1044 306 1070 eedit
322 1044 449 1070 officium
467 1044 677 1071 tabellionatus.
695 1045 778 1077 (Rue.
796 1046 839 1079 24,
857 1046 875 1072 f.
894 1046 968 1078 2082
985 1055 1051 1074 ann.
1069 1046 1146 1080 1[,c.
1165 1047 1239 1080 476.)

827 934 945 970 Naplcs,
963 936 976 962 7
995 944 1070 961 mars
1091 936 1166 962 1‘255.

270 1158 283 1172 «
307 1146 454 1180 Jolzanni,
472 1147 552 1175 dicto
566 1151 637 1175 nato
652 1147 736 1175 Petri
754 1149 895 1185 magistri
907 1149 991 1183 Luce,
1010 1149 1072 1177 0ῐυί
1089 1150 1235 1178 liemensi.

229 1200 311 1230 Cum
328 1199 437 1229 emula
452 1199 538 1238 juris
554 1199 656 1230 alieni
679 1200 843 1238 cupiditas
864 1210 964 1231 novas
988 1202 1108 1232 cotidie
1131 1202 1238 1240 pariat

229 1253 433 1291 questiones,
448 1262 487 1281 nc
505 1253 710 1283 immmortales
723 1253 866 1284 existant
879 1258 909 1284 et
919 1255 1021 1284 vitani
1032 1255 1237 1293 litigantium

229 1309 434 1343 superarent,
468 1306 604 1344 provida
630 1307 695 1336 fuit
727 1307 966 1338 deliberatione
994 1308 1175 1346 provisum,
1202 1312 1238 1337 ut

229 1363 315 1388 certe
332 1368 471 1397 persone
490 1359 530 1388 ad
542 1359 711 1398 judicatus
728 1365 979 1390 assumerentur
999 1361 1155 1397 officium,
1180 1371 1238 1400 per

229 1421 310 1450 quos
327 1416 396 1441 orte
414 1412 488 1442 lites
505 1412 577 1442 sine
590 1412 699 1443 debito
717 1413 916 1451 sopirentur.
933 1415 1090 1450 Rursum,
1106 1424 1145 1444 ne
1160 1424 1238 1444 con-

229 1469 391 1494 tractuum
413 1465 572 1495 memoria
588 1465 763 1504 deperiret,
783 1466 956 1496 inventum
973 1472 1023 1496 est
1041 1467 1238 1498 tabelliona-

229 1523 281 1548 tus
320 1518 464 1547 officium
479 1541 485 1553 ,
518 1528 582 1557 quo
609 1523 797 1549 contractus
827 1519 969 1557 legitimi
1004 1521 1043 1550 ad
1074 1520 1238 1551 cautelam

228 1571 434 1609 presentium
471 1575 502 1600 ct
528 1572 721 1601 memoriam
753 1573 942 1603 futurorum
972 1583 1072 1603 manu
1105 1575 1238 1612 publica

229 1628 433 1654 notarentur.
449 1624 533 1654 Hinc
548 1629 596 1654 est
615 1625 701 1663 quod
716 1626 864 1663 predicta
875 1627 993 1662 officia,
1011 1627 1051 1657 ad
1067 1638 1130 1666 que
1143 1628 1238 1658 fuisti

228 1681 378 1715 repertus
396 1677 556 1716 ydoneus,
576 1687 649 1707 cum
676 1683 837 1716 potestate
856 1679 955 1709 dandi
977 1684 1101 1710 tutores
1124 1685 1155 1711 et
1180 1690 1238 1710 cu-

229 1734 355 1759 ratores
372 1730 619 1768 emancipandi,
642 1731 772 1761 decreta
800 1731 1050 1770 interponendi,
1079 1733 1238 1764 alimenta

230 1783 440 1818 decernendi,
472 1783 697 1813 instrumenta
729 1784 936 1823 exemplandi
967 1790 998 1816 et
1021 1786 1234 1824 prothocolla,

232 1840 330 1866 testes
340 1836 522 1874 recipiendi
536 1836 765 1875 etpublicandi
777 1838 836 1867 tibi
851 1838 1005 1869 duximus
1015 1839 1235 1875 concedenda,

229 1893 265 1919 ut
281 1898 318 1919 ea
336 1889 515 1927 prudenter
532 1893 562 1919 et
578 1889 720 1920 fideliter
738 1891 912 1929 exequaris
930 1896 959 1921 et
977 1892 1015 1921 ad
1034 1897 1074 1927 te,
1093 1902 1166 1922 cum
1185 1902 1239 1923 ne-

228 1951 319 1972 cesse
336 1942 446 1977 fuerit,
470 1942 502 1970 in
520 1942 674 1972 omnibus
692 1952 755 1981 que
781 1943 821 1972 ad
838 1944 987 1982 predicta
1005 1945 1113 1974 otiicia
1135 1946 1238 1984 perti-

228 1999 307 2025 nent
336 1999 537 2024 reeurratur.
567 1995 660 2024 Nulli
688 1999 748 2025 etc.
779 2000 890 2026 nostre
922 1997 1148 2028 concessionis
1174 2003 1236 2028 etc.

228 2049 301 2078 Dat.
321 2047 471 2085 Neapoli,
488 2047 586 2077 nonis
603 2048 726 2084 martii,
745 2058 832 2079 anno
847 2050 966 2088 primo.
983 2063 995 2077 »

301 2234 413 2262 1557

268 2295 417 2329 [Futeonffi
436 2296 599 2322 Gneznensi
614 2297 843 2332 archiepiscopo,
860 2297 1045 2326 cracoviensi
1061 2303 1089 2326 et.
1106 2299 1236 2327 Wtadis-

229 2344 349 2370 laviensi
375 2345 522 2380 episcopis
546 2345 671 2377 mandat,
697 2350 832 2372 moneant
853 2350 881 2374 et
906 2347 1044 2374 inducant
1069 2347 1235 2376 Boleslaum

229 2392 333 2418 ducem
356 2392 477 2422 sicsine.
500 2394 548 2427 qui
574 2394 742 2428 [Thomam],
764 2395 934 2430 episcopum
949 2395 1233 2431 wratislaviensem,

228 2440 263 2467 ad
279 2441 484 2468 monasterium
501 2442 535 2468 de
552 2442 676 2474 Gorkau,
690 2451 760 2469 suae
776 2443 914 2482 diocesis,
931 2450 1167 2473 consecraturum
1180 2447 1234 2474 ibi-

228 2488 292 2515 dem
309 2489 451 2524 quandam
469 2490 621 2516 ecclesiam
634 2490 823 2518 divertentem
837 2496 978 2519 nocturno
990 2498 1118 2529 tempore
1130 2495 1159 2521 in
1171 2495 1235 2530 ipso

230 2538 403 2564 monasterio
418 2546 483 2564 cum
499 2538 685 2573 [Boguplialol
703 2541 868 2575 praeposito
884 2546 912 2568 et
926 2541 1047 2578 neat-do,
1065 2544 1234 2579 presbytero

228 2586 367 2612 canonico
383 2587 407 2620 ej
415 2586 515 2613 usdem
533 2587 682 2620 ecclesiae,
701 2596 810 2615 necnon
823 2593 850 2615 et
861 2590 924 2616 aliis
936 2590 1030 2625 ipsius
1045 2591 1234 2619 familiaribus

229 2638 353 2668 ceperat,
370 2638 399 2661 ut
415 2635 523 2661 dictum
540 2636 709 2670 episcopum
726 2640 754 2662 et
770 2637 841 2664 alios
861 2642 962 2673 captos
986 2640 1124 2674 pristinae
1148 2641 1235 2668 liber-

229 2682 279 2708 tati
297 2682 444 2716 restituat;
463 2683 487 2710 si
508 2683 566 2710 dux
587 2692 685 2710 eorum
708 2685 824 2712 monitis
840 2688 1025 2721 acquiescere
1042 2697 1098 2715 non
1115 2690 1233 2724 curarit,

228 2730 324 2765 ipsum
354 2735 382 2757 et
406 2732 532 2758 fautores
556 2733 621 2766 ejus
648 2734 914 2762 excommunicatos
943 2736 1056 2770 publice
1085 2738 1232 2766 nuncient.

233 2779 312 2812 (Rae.
329 2780 374 2812 24,
391 2780 410 2808 f.
427 2781 488 2812 209,
506 2789 572 2807 ann.
591 2781 628 2816 ΙΙ,
644 2790 669 2808 c.
689 2782 757 2814 477;
779 2783 922 2811 Porrfflsr
940 2785 1046 2821 10619.)

737 2234 852 2269 Latran,
870 2236 901 2262 13
918 2236 1071 2263 decembre
1089 2237 1164 2264 1‘256.

271 2894 283 2908 t<
311 2904 342 2917 ..,
363 2883 532 2913 Gm’zneusi
547 2885 781 2923 archiepiscopo,
802 2908 833 2921 ..,
853 2887 1048 2918 Cracoeiensi
1062 2895 1088 2919 et
1102 2913 1135 2926 ..,
1158 2892 1233 2921 Wla-

1321 291 1502 320 dislavicnsi
1517 293 1671 329 episcopis.
1694 291 1835 321 Gravem
1852 292 1891 321 ad
1916 301 1975 322 nos
1994 292 2107 323 dilecti
2123 293 2185 322 filii
2201 293 2329 332 capitu-

1321 343 1834 374 lumecclesiewratislaviensis
1851 345 2093 384 querimoniam
2106 346 2326 382 destinarunt,

1322 397 1424 435 quod,
1452 406 1524 426 cuin
1557 397 1758 427 venerabilis
1797 398 1899 427 frater
1930 403 2042 428 noster
2155 399 2329 438 episcopus

1321 449 1624 485 W'ratislaviensis,
1644 450 1683 479 ad
1701 451 1939 480 monasterium
1955 451 1993 481 de
2012 452 2128 486 Gorca,
2143 461 2201 482 sue
2220 452 2330 482 dioce-

1322 502 1379 537 sis,
1407 507 1662 532 consecraturus
1685 503 1807 532 ibidem
1832 503 1997 542 quandam
2025 503 2198 534 ecclesiam
2220 505 2330 535 diver-

1323 554 1427 589 tisset,
1446 555 1568 585 nobilis
1587 555 1637 584 vir
1652 555 1835 589 boleslaus,
1853 556 1916 585 dux
1936 557 2053 592 Slusie,
2074 557 2248 588 associatis
2264 558 2329 587 sibi

1322 607 1520 645 quibusdam
1552 608 1742 647 iniquitatis
1775 609 1865 644 liliis,
1898 609 1931 638 in
1959 610 2067 647 ipsum
2091 611 2330 640 monasterium

1323 664 1483 689 nocturno
1507 665 1651 699 tempore
1674 662 1783 691 subito
1806 662 1950 697 irruens,
1973 663 2113 692 eundem
2139 663 2330 701 episcopum

1322 712 1355 741 in
1373 712 1632 752 lectojacentem
1651 714 1826 753 nullasque
1843 719 1920 744 tunc
1940 715 2173 745 formidantem
2190 716 2331 746 insidias

1322 775 1395 795 cum
1414 790 1447 802 ..,
1466 767 1643 805 preposito,
1662 772 1693 797 et
1712 768 1836 798 Ecardo
1852 769 2047 807 presbitero,
2066 769 2225 799 canonico
2241 769 2330 808 ejus-

1322 819 1395 849 dem
1412 819 1562 855 ecclesie,
1581 830 1708 850 necnon
1729 826 1760 851 et
1784 821 1983 860 quibusdam
2005 822 2080 851 aliis
2100 822 2207 860 ipsius
2231 822 2330 852 farni-

1322 872 1462 903 liaribus=
1489 874 1709 912 personaliter
1741 884 1857 912 capere
1883 874 2076 913 ipsumque,
2110 875 2143 904 in
2172 875 2330 914 majorem

1322 926 1522 964 pontificalis
1540 927 1713 964 dignitatis
1736 927 1906 966 injuriam,
1931 927 1970 957 ad
1996 927 2160 966 quoddam
2185 932 2331 957 castrum

1323 979 1440 1017 ipsius,
1455 980 1705 1017 degustaturum
1719 981 1842 1010 ibidem
1859 981 2043 1011 carcerales
2057 981 2240 1019 angustias,
2255 980 2331 1011 nul-

1322 1032 1390 1062 lum
1407 1033 1446 1062 ad
1471 1034 1587 1068 Deum,
1610 1034 1704 1072 cujus
1726 1034 1812 1063 idem
1834 1034 2008 1072 episcopus
2034 1034 2200 1071 legatione
2218 1033 2332 1072 fungi-

1324 1091 1386 1121 tur,
1415 1086 1566 1116 habendo
1585 1092 1787 1124 respectum,
1817 1088 1885 1117 fere
1907 1087 2031 1117 nudum
2060 1087 2222 1117 adducere
2247 1095 2332 1117 ausu

1323 1139 1483 1177 sacrilego
1501 1149 1566 1169 non
1586 1140 1726 1178 expavit,
1747 1140 1845 1170 rebus
1863 1141 1933 1170 suis
1951 1149 2032 1179 quas
2049 1140 2120 1179 ipse
2136 1150 2172 1170 ac
2189 1139 2331 1170 familia-

1322 1201 1375 1222 res
1403 1192 1543 1230 predicti
1572 1202 1683 1222 secum
1711 1192 1876 1222 habebant
1904 1193 2057 1231 nequiter
2080 1193 2268 1231 asportatis,
2291 1192 2331 1223 de

1322 1253 1386 1283 quo
1404 1254 1440 1274 eo
1460 1245 1598 1274 acrioris
1619 1254 1775 1283 urgemur
1793 1245 1916 1274 doloris
1941 1245 2065 1275 aculeis
2089 1249 2120 1275 et
2146 1245 2330 1280 turbamur,

1323 1306 1387 1336 quo
1403 1297 1562 1336 injuriam
1588 1297 1779 1336 hujusmodi
1804 1306 1868 1327 non
1895 1298 2006 1327 minus
2028 1297 2123 1327 nobis
2144 1306 2243 1336 quam
2266 1297 2332 1336 ipsi

1323 1351 1475 1389 episcopo
1492 1351 1618 1380 illatam
1636 1352 1739 1381 fuisse
1754 1351 1932 1390 specialius
1946 1355 2146 1389 reputamus.
2163 1350 2330 1386 Ceterum,

1323 1405 1351 1435 si
1367 1405 1451 1434 forte
1468 1405 1659 1434 nominatus
1676 1405 1740 1434 dux
1763 1404 1891 1443 aliquid
1909 1410 2023 1435 contra
2046 1413 2120 1434 eum
2145 1403 2331 1443 questionis

1322 1459 1470 1492 haberet,
1490 1459 1652 1497 quomodo
1675 1463 1783 1488 tamen
1800 1459 1835 1488 in
1853 1462 1918 1488 tam
1938 1458 2098 1488 furiosam
2121 1462 2253 1496 tamque
2274 1457 2332 1487 de-

1324 1511 1510 1542 testabilem
1527 1511 1695 1541 insaniam
1712 1520 1927 1550 prorumpere
1948 1511 2064 1549 potuit,
2088 1514 2124 1540 ut
2146 1510 2180 1540 in
2204 1509 2332 1548 episco-

1322 1574 1399 1604 pum
1419 1565 1552 1595 Domini
1570 1574 1689 1594 manus
1707 1564 1868 1594 violentas
1886 1564 2039 1603 injiceret
2057 1564 2233 1602 ipsumque
2255 1571 2332 1601 cap-

1323 1619 1426 1648 tivum
1441 1618 1590 1648 detinere
1603 1622 1819 1656 presumeret,
1835 1617 1892 1656 qui
1910 1626 1946 1647 ex
1965 1626 2023 1647 sue
2039 1616 2213 1655 dignitatis
2224 1615 2333 1646 officio

1322 1680 1426 1701 nexus
1443 1675 1549 1709 potest
1564 1671 1690 1701 solvere
1710 1670 1916 1700 delictorum.
1936 1671 1986 1699 An
2005 1675 2083 1708 puta
2102 1669 2190 1699 idem
2213 1669 2277 1698 dux
2297 1672 2334 1698 ut

1322 1724 1469 1754 Ecclesie
1486 1732 1598 1753 mucro
1614 1724 1648 1753 in
1665 1723 1787 1761 vagina
1804 1728 1974 1761 tepescens
1994 1722 2096 1753 ferire
2119 1721 2246 1752 nesciat
2266 1726 2333 1751 tam

1322 1777 1467 1815 graviter
1484 1776 1733 1814 delinquentem
1754 1780 1784 1805 et
1807 1780 1842 1805 ut
1861 1775 2053 1805 abbreviata
2069 1775 2112 1805 sit
2134 1783 2252 1804 manus
2270 1774 2333 1804 Ec-

1322 1829 1422 1859 clesie
1447 1829 1499 1859 vel
1525 1829 1596 1868 ejus
1621 1833 1766 1867 potestas
1788 1829 1821 1857 in
1844 1828 1955 1866 aliquo
1978 1827 2153 1862 diminuta,
2182 1826 2269 1866 quod
2292 1826 2331 1856 de

1322 1887 1387 1912 tam
1405 1882 1497 1920 gravi
1509 1883 1576 1912 Deo
1590 1882 1680 1911 illata
1695 1881 1820 1920 injuria
1832 1881 2030 1918 condignam
2046 1889 2177 1910 sumere
2189 1884 2332 1918 nequeat

1320 1936 1494 1966 ultionem.

1363 2002 1376 2016 «ι
1393 1990 1494 2019 Porro
1507 1989 1540 2018 in
1555 1993 1682 2018 tantum
1696 1988 1854 2018 suadente
1867 1987 2011 2027 justitia,
2030 1995 2129 2025 super
2140 1985 2202 2016 hoc
2213 1993 2333 2016 accen-

1321 2042 1410 2071 ditur
1428 2041 1516 2071 zelus
1534 2045 1646 2071 noster
1662 2040 1760 2080 quod,
1780 2040 1846 2070 nisi
1865 2049 1923 2078 per
1944 2039 2062 2070 celeris
2088 2038 2331 2069 satisfactionis

1320 2095 1504 2125 remedium
1527 2094 1615 2124 idem
1636 2094 1700 2124 dux
1722 2093 1902 2132 prudenter
1924 2092 1989 2122 sibi
2008 2091 2138 2122 duxerit
2157 2091 2330 2130 providen-

1321 2148 1409 2183 dum,
1426 2147 1537 2177 taliter
1553 2147 1728 2185 procedere
1745 2146 1936 2176 curabimus
1955 2149 2070 2175 contra
2085 2145 2207 2183 ipsum,
2230 2144 2329 2183 quod,

1319 2210 1405 2239 pena
1420 2200 1568 2236 docente,
1581 2204 1756 2240 cognoscet
1768 2203 1930 2238 quantum
1947 2197 2137 2234 excesserit,
2154 2197 2256 2227 immo
2272 2197 2329 2227 de-

1318 2253 1456 2293 liquerit
1470 2253 1505 2282 in
1522 2253 1707 2291 premissis.
1727 2253 1851 2283 Verum
1871 2252 1950 2291 quia
1973 2251 2112 2281 monitio
2134 2250 2231 2281 debet
2255 2258 2331 2281 esse

1317 2316 1402 2346 pene
1429 2306 1623 2345 preambula
1648 2311 1679 2336 et
1703 2306 1901 2344 priusquam
1926 2304 2124 2335 adhibeatur
2150 2303 2330 2334 incisionis

1318 2360 1459 2399 gladius,
1486 2359 1629 2389 linitivis
1655 2359 1813 2389 remediis
1843 2363 1892 2389 est
1919 2357 2094 2394 utendum,
2124 2356 2329 2387 fraternitati

1317 2417 1425 2444 vestre
1445 2422 1503 2451 per
1523 2412 1704 2450 apostolica
1720 2412 1843 2450 scripta
1856 2411 1891 2440 in
1912 2411 2035 2441 virtute
2050 2410 2239 2441 obedientie
2259 2409 2329 2440 dis-

1316 2466 1411 2496 tricte
1430 2465 1642 2503 precipiendo
1661 2464 1869 2499 mandamus,
1894 2467 2059 2502 quatenus
2084 2463 2251 2501 prefatum
2266 2462 2331 2492 du-

1317 2528 1399 2554 cem,
1425 2518 1511 2557 quod
1534 2518 1736 2556 episcopum,
1764 2516 1969 2555 prepositum
1993 2520 2024 2546 et
2046 2515 2244 2546 canonicum
2271 2524 2328 2545 su-

1315 2571 1481 2610 pradictos
1518 2579 1555 2600 ac
1590 2570 1690 2600 etiam
1728 2569 1811 2600 alios
1848 2578 1923 2599 cum
1956 2569 2004 2599 eis
2037 2572 2164 2607 captos,
2201 2568 2327 2607 absque

1316 2624 1509 2654 difficultate
1531 2623 1679 2663 qualibet
1703 2623 1845 2662 pristine
1870 2622 2019 2653 libertati
2043 2622 2245 2658 restituens,
2270 2629 2326 2652 eos

1314 2678 1419 2708 libere
1435 2677 1527 2708 abire
1543 2677 1713 2716 permittat
1739 2680 1770 2707 et
1787 2676 1826 2706 de
1848 2675 1968 2706 ablatis
1988 2675 2089 2706 rebus
2115 2679 2146 2706 et
2168 2674 2326 2713 irrogatis

1314 2731 1450 2771 injuriis
1469 2731 1575 2761 eidem
1595 2730 1748 2769 episcopo
1767 2733 1798 2760 et
1816 2729 1955 2759 ecclesie
1967 2737 2067 2767 quam
2082 2728 2118 2758 in
2133 2727 2196 2758 hoc
2211 2731 2333 2758 contra.

1316 2794 1350 2816 se
1365 2784 1506 2814 nimium
1520 2792 1715 2822 provocasse
1730 2782 1929 2817 dinoscitur,
1946 2781 2131 2820 plenariam
2142 2780 2325 2812 restitutio·
2358 2777 2361 2779 ’

1315 2847 1391 2868 nem
1405 2842 1436 2868 et
1452 2837 1716 2867 satisfactionem
1736 2835 1915 2874 impendat,
1939 2843 1976 2865 ex
1997 2838 2089 2873 parte
2114 2837 2226 2864 nostra
2252 2841 2323 2862 mo-

1315 2900 1394 2921 nere
1410 2899 1447 2920 ac
1461 2890 1638 2920 efficaciter
1653 2889 1811 2919 inducere
1827 2887 2023 2926 procuretis.
2045 2887 2120 2923 Qui,
2141 2886 2170 2916 si
2188 2886 2328 2918 vestris.
