2441 3330
969 219 1192 256 PREMIERE
1214 220 1374 257 ANNEE.

164 295 315 325 versitati
338 298 445 324 vestre
467 297 582 323 notum
605 293 747 323 facimus
769 296 800 322 et
822 292 965 329 singulis
987 295 1134 321 vestrum

165 352 280 378 notum
296 355 368 377 esse
384 346 548 381 volumus,
566 345 654 384 quod
667 354 737 375 nos.
756 349 952 382 congregato
969 349 999 374 et
1016 344 1055 373 ad
1073 344 1134 373 hoc

166 400 355 439 specialiter
377 403 511 429 evocato
533 398 676 436 capitulo
691 397 828 427 ecclesie
850 401 960 426 nostre
976 396 1132 434 predicte,

165 457 297 491 propter
309 451 478 482 evidentes
488 451 668 481 utilitatem
680 454 709 479 et
722 449 985 479 meliorationem
997 448 1135 478 ecclesie

166 510 277 536 nostre
288 505 415 543 prefate
429 513 511 543 quas
528 503 708 533 utilitatem
727 507 757 532 et
775 502 1039 531 meliorationem
1058 510 1135 530 con-

167 558 252 589 sulte
271 561 301 588 et
320 566 395 587 cum
417 556 655 586 deliberatione
678 554 803 592 singuli
820 559 969 583 nostrum
991 553 1135 582 vidimus

167 614 197 641 et
208 609 345 640 meliora
358 609 392 638 in
406 609 467 638 hae
481 613 572 646 parte
583 608 811 646 perspeximus
824 607 951 645 liquido
965 610 995 635 et
1013 610 1134 643 aperte,

166 662 388 697 vendidimus,
420 661 570 691 dedimus
603 665 633 691 et
662 660 860 690 tradidimus
891 668 948 697 pro
981 658 1136 687 trecentis

166 715 263 744 libris
281 714 498 744 artisinorum
520 713 652 743 domum
675 717 703 742 et
726 712 838 742 decem
858 720 1032 741 mensuras
1051 715 1136 740 terre

167 768 333 797 immunes
356 771 386 797 et
409 767 532 796 liberas
553 766 592 795 ab
609 765 699 795 omni
719 765 904 800 exactione,
922 764 1135 802 prestatione,

168 821 326 851 servitute
343 826 374 850 et
392 829 509 855 onere,
528 828 609 858 quas
627 818 760 848 nomine
777 818 915 847 ecclesie
938 821 1046 847 nostre
1063 826 1137 855 pre-

168 874 252 903 dicte
278 873 425 911 possedit
447 872 606 909 magister
628 870 829 900 Eustachius
857 870 1000 899 decanus
1026 873 1138 898 noster

168 925 351 956 Fui-nensis
381 934 485 963 nuper
515 924 602 953 viam
629 923 785 953 universe
811 922 920 951 carnis
952 915 1135 959 ingressus,

166 979 325 1017 magistro
342 977 509 1016 Stephano
523 975 681 1006 Anibaldi
695 975 917 1005 concanonico
932 978 1043 1004 nostro
1060 975 1137 1003 Fur-

168 1032 276 1062 nensi.
295 1032 334 1061 Et
345 1030 555 1060 vendidimus
570 1029 677 1059 eidem
691 1028 849 1065 magistro
862 1027 1138 1066 quemadmodum

168 1089 216 1115 est
232 1084 412 1122 predictam
425 1083 557 1112 domum
574 1086 603 1111 et
616 1090 789 1111 mensuras
801 1080 977 1119 predictas.
991 1081 1039 1110 Ita
1052 1080 1139 1118 quod

168 1138 206 1167 de
223 1137 305 1175 ipsis
320 1137 414 1166 domo
429 1140 459 1166 et
477 1135 642 1165 mensuris
659 1134 766 1163 dictus
780 1134 938 1171 magister
950 1133 1138 1171 Stephanus

169 1194 199 1220 et
231 1197 439 1219 successores
468 1188 521 1218 5111
552 1188 586 1217 10
617 1191 811 1226 perpetuum
838 1187 947 1216 facere
974 1185 1081 1215 valeat
1108 1189 1138 1215 et

167 1242 299 1272 valeant
315 1250 447 1271 omnem
461 1240 665 1270 voluntatem
681 1249 775 1269 suam
792 1248 889 1278 quam
906 1239 1015 1268 facere
1033 1242 1139 1276 potest

170 1295 278 1324 dictus
302 1294 461 1331 magister
484 1293 523 1323 de
552 1292 628 1322 aliis
648 1292 748 1322 rebus
771 1292 841 1321 suis
866 1291 1052 1327 vendendo,
1082 1291 1138 1321 do-

170 1348 290 1382 nando,
307 1347 438 1385 pignori
454 1346 641 1384 obligando,
658 1345 875 1383 permutando
891 1338 976 1375 dotis
992 1345 1137 1379 nomine,

170 1400 294 1435 dando,
313 1399 418 1430 aliove
439 1398 667 1438 quoquomodo
685 1398 860 1427 alienando
883 1402 914 1428 et
931 1398 1083 1427 faciendo
1099 1398 1137 1427 de

169 1453 251 1492 ipsis
268 1452 427 1492 quicquid
451 1452 556 1482 eidem
580 1451 739 1489 magistro
756 1451 923 1488 Stephano
938 1450 991 1480 vel
1006 1459 1138 1480 succes-

168 1506 300 1536 soribus
317 1505 387 1535 suis
400 1504 574 1543 placuerit.
591 1504 812 1534 Vendidimus
829 1508 939 1533 autem
955 1503 1050 1533 modo
1064 1512 1138 1541 pre-

166 1559 252 1588 dicto
278 1558 384 1588 eidem
402 1557 562 1595 magistro
581 1556 747 1595 Stephano
764 1557 897 1586 domum
917 1560 947 1586 et
963 1565 1138 1586 mensuras

166 1612 331 1651 predictas
351 1611 448 1649 paulo
466 1610 540 1649 plus
560 1610 612 1640 vel
633 1610 730 1649 paulo
746 1610 857 1640 minus
874 1619 948 1640 6001
964 1610 1091 1639 vivario
1108 1614 1139 1639 et

167 1665 321 1695 omnibus
349 1663 561 1702 pertinentiis
592 1667 622 1693 et
649 1663 849 1701 appenditiis
877 1662 964 1698 suis,
990 1663 1138 1701 jacentes

165 1717 257 1756 juxta
273 1717 387 1746 villam
403 1717 610 1746 Furnensem
627 1716 722 1755 quasi
739 1715 779 1745 ad
795 1720 936 1745 tractum
952 1715 1071 1745 baliste
1085 1726 1090 1751 3
1109 1720 1139 1745 et

169 1770 198 1800 si
225 1769 383 1800 defecerit
410 1769 545 1808 aliquod
574 1769 612 1799 de
639 1769 752 1799 decem
779 1769 946 1799 mensuris
969 1769 1137 1807 predictis,

168 1823 393 1862 promittimus
403 1822 560 1852 bonafide
575 1826 606 1852 et
619 1822 805 1860 obligamus
815 1831 875 1852 nos
889 1826 920 1852 et
933 1822 1019 1852 bona
1027 1826 1141 1852 nostra

170 1875 361 1915 hujusmodi
369 1875 500 1905 defectu
510 1875 674 1913 supplere.
684 1875 914 1905 Promittinms
924 1875 1024 1904 etiam
1034 1874 1141 1904 eidem

170 1929 329 1966 magistro
342 1928 509 1966 Stephano
518 1927 606 1957 bona
617 1927 679 1957 fide
691 1931 721 1957 et
731 1927 917 1965 obligamus
935 1936 994 1957 nos
1009 1932 1040 1958 et
1056 1928 1142 1957 bona

172 1986 285 2011 nostra
301 1981 478 2011 defendere
497 1981 537 2010 ab
556 1980 647 2010 omni
662 1980 797 2010 homine
814 1980 921 2010 eidem
937 1981 1096 2017 magistro
1113 1985 1144 2010 61

173 2033 422 2064 511666550111105
440 2033 510 2063 51115
535 2033 668 2063 domum
684 2036 715 2062 et
735 2041 910 2063 mensuras
932 2033 1096 2071 predictas
1113 2037 1144 2063 et

172 2087 316 2117 liberare
333 2087 372 2116 ab
386 2087 476 2116 omni
492 2086 673 2122 exactione,
688 2086 914 2122 infestatione,
929 2086 1142 2124 prestatione,

175 2141 334 2172 servitute
348 2144 379 2170 61
395 2149 495 2170 00616
509 2144 539 2170 61
555 2140 664 2178 ipsum
680 2140 877 2177 magistrum
894 2140 1097 2178 Stephanum
1115 2144 1145 2169 et

175 2202 384 2225 successores
401 2202 477 2223 suos
494 2202 593 2231 super
607 2193 765 2231 predictis
782 2193 936 2222 omnibus
953 2197 984 2223 et
1003 2193 1144 2231 singulis

174 2247 370 2285 indempnes
388 2246 424 2275 in
439 2250 637 2284 perpetuum
650 2246 784 2284 penitus
800 2245 1025 2284 promittimus
1043 2250 1073 2275 et
1089 2254 1145 2274 vo-

174 2299 285 2343 lumus
301 2308 517 2333 conservare,
535 2302 566 2328 et
589 2307 688 2336 5111161
708 2297 767 2327 1106
792 2307 851 2327 005
875 2302 906 2328 61
926 2298 1011 2328 hona
1034 2302 1146 2327 nostra

174 2352 361 2390 obligamus
378 2355 409 2381 et
425 2351 655 2386 concedimus,
675 2355 704 2380 et
721 2351 838 2380 damus
854 2355 885 2380 et
905 2351 1096 2388 guerpimus
1116 2354 1146 2379 et

175 2405 323 2435 cedimus
353 2404 459 2434 eidem
489 2404 648 2441 magistro
681 2408 710 2433 et
737 2403 986 2433 successorihus
1014 2403 1084 2433 51115
1112 2403 1145 2431 in

175 2461 370 2496 perpetuum
390 2466 448 2495 pro
470 2457 611 2494 pecunia
633 2456 780 2494 predicta
798 2465 894 2486 omne
909 2456 964 2495 jus
983 2456 1069 2495 quod
1088 2456 1147 2484 ha-

176 2511 292 2541 bemus
308 2510 342 2539 in
360 2510 517 2548 predictis
532 2510 626 2540 domo
642 2513 672 2539 et
689 2505 856 2539 mensuris
871 2513 956 2539 16116
973 2518 1048 2538 cum
1062 2509 1148 2538 viva-

177 2563 226 2593 rio
254 2567 285 2593 et
313 2563 468 2593 omnibus
495 2562 696 2600 appenditiis
719 2566 749 2591 et
772 2562 1095 2600 circumadjacentiis
1118 2565 1148 2591 61

177 2616 391 2655 pertinentiis
412 2616 499 2645 suis:
524 2615 732 2645 condiximus
754 2619 863 2643 autem
883 2619 912 2644 et
936 2615 1149 2652 promisimus

179 2669 219 2699 ad
242 2669 384 2698 invicem
408 2676 468 2698 nos
488 2671 518 2697 et
535 2668 642 2697 (lictus
659 2667 817 2703 iitagister
834 2667 1021 2704 Stephanus
1038 2667 1150 2696 obser—

180 2730 256 2751 vare
273 2721 394 2751 dietam
411 2719 637 2750 venditionem
654 2720 930 2758 quemadmodum
954 2723 1003 2749 est
1022 2719 1151 2757 predic-

182 2778 262 2808 tum,
285 2778 316 2803 et
336 2773 376 2803 ab
400 2782 437 2803 ea
458 2772 649 2802 nullatenus
672 2772 803 2802 resilire
830 2772 891 2801 sul»
913 2780 997 2809 pena
1020 2775 1150 2801 66010111

182 2835 369 2855 marcarum
392 2825 520 2863 argenti
543 2824 774 2854 solvendarum
796 2834 812 2853 a
836 2828 927 2862 parte
944 2823 1113 2853 resiliente
1135 2832 1149 2851 a

183 2879 373 2909 venditione
391 2878 537 2917 predicta
553 2878 637 2916 parti
658 2877 847 2907 observanti
862 2876 1086 2907 venditionem
1104 2876 1152 2913 ip-

1218 303 1231 318 ))

1219 356 1231 370 ))

1220 408 1231 421 ))

2181 230 2220 259 87

1257 301 1338 321 sam.
1363 293 1402 322 Et
1427 293 1467 322 ad
1488 293 1573 323 111106
1593 302 1711 332 penam
1736 293 1925 324 solvendam
1945 295 2219 332 quemadmodum

1257 348 1305 374 est
1330 345 1523 382 predictum,
1552 355 1610 376 nos
1639 350 1669 375 et
1699 346 1783 375 hona
1811 351 1921 375 0051111
1948 347 2141 384 obligamus.
2169 348 2219 377 Ita

1257 397 1343 434 quod
1358 406 1442 434 pena
1458 398 1604 434 predicta
1627 398 1732 427 soluta
1752 399 1896 427 venditio
1916 404 2092 429 memorata
2112 399 2220 429 nichi-

1256 447 1401 478 lominus
1416 453 1485 478 rata
1500 454 1529 479 61
1542 449 1649 479 valida
1666 454 1796 479 maneat
1813 455 1842 479 ct
1856 450 2051 480 101101111016
2065 456 2220 489 perpetue

1258 500 1424 529 firmitatis
1439 506 1468 530 et
1483 502 1592 530 onmia
1610 502 1755 539 predicta
1769 506 1797 531 61
1813 502 1944 539 singula
1956 504 2219 540 recognoscimus

1258 561 1366 581 coram
1390 553 1482 582 vobis
1503 553 1656 582 omnibus
1678 558 1709 583 et
1734 553 1875 590 singulis
1902 558 1929 583 61
1952 555 2090 584 maxime
2112 564 2220 584 coram

1258 604 1380 633 ballivo
1401 609 1430 634 et
1452 605 1597 634 scabinis
1614 606 1841 634 Furnensibus
1869 616 1874 633 2
1900 611 1928 635 et
1953 607 2169 643 approbamus
2190 612 2220 636 et

1259 656 1432 686 laudamus
1445 662 1473 685 61
1490 661 1558 686 rata
1574 661 1604 686 et
1620 657 1714 686 firma
1727 657 1761 686 iu
1776 662 2054 695 1161116111111116556
2071 658 2220 687 volumus

1260 713 1288 739 61
1312 710 1535 747 promittimus
1562 710 1645 738 bona
1674 710 1735 739 side
1759 714 1870 739 contra
1892 710 2036 747 predicta
2059 711 2169 739 omnia
2191 716 2222 740 et

1260 762 1392 799 singula
1416 763 1509 792 modo
1537 763 1647 801 aliquo
1676 772 1739 792 non
1761 763 1884 792 venire.
1914 764 1958 793 Ut
1981 768 2091 792 antem
2112 763 2223 793 omnia

1259 815 1403 852 predicta
1427 819 1455 844 et
1474 815 1604 851 singula
1623 819 1813 853 perpetuam
1829 815 1971 844 habeant
1988 816 2175 845 firmitatem
2192 820 2221 845 et

1260 868 1370 897 1011111.
1386 872 1572 905 presentem
1587 868 1740 905 paginam
1752 867 1937 905 sigillorum
1954 872 2139 897 0051101001
2155 878 2222 898 mu<

1260 920 1385 949 nimine
1413 920 1589 949 statuimus
1615 920 1843 949 roborandam.
1871 921 1943 949 Dat.
1977 929 2062 949 1111110
2090 920 2223 949 Domini

1261 972 1522 1002 M⁰CC⁰XIN110.
1549 981 1660 1001 mense
1680 972 1839 1009 Augusti.
1860 972 1912 1001 die
1929 972 2043 1001 Martis
2066 976 2135 1009 post
2159 974 2223 1001 ses-

1260 1029 1330 1054 tum
1346 1025 1593 1062 Assumptionis
1610 1025 1710 1054 Beate
1725 1025 1885 1062 Virginis,

1788 1110 1907 1144 Fui-nes,
1923 1111 1952 1136 15
1965 1111 2059 1144 juillet
2076 1110 2153 1137 1950.

1264 1185 1276 1198 »
1294 1173 1456 1203 Omnibus
1473 1172 1599 1203 Christi
1620 1172 1772 1201 fidelibus
1787 1177 1971 1209 presentem
1986 1173 2139 1209 paginam
2155 1173 2224 1202 ins-

1261 1226 1406 1264 pecturis
1415 1225 1638 1255 velaudituris
1649 1235 1666 1253 z.
1675 1248 1680 1252 .
1689 1248 1695 1259 ,
1705 1225 1847 1254 decanus
1860 1230 1888 1253 vt
1899 1225 2078 1262 capitulum
2088 1224 2224 1254 ecclesie

1262 1282 1374 1308 sancte
1401 1277 1595 1314 W'alburgis
1624 1277 1805 1306 1ῖο111611515
1837 1278 2035 1307 Mor-iriensis
2064 1277 2220 1306 ‹lim-osis.

1262 1331 1403 1361 salutem
1419 1332 1453 1360 in
1467 1331 1607 1360 Domino
1624 1331 1868 1368 sempiternam.
1887 1331 1987 1360 Vobis
2010 1331 2174 1359 universis
2193 1335 2224 1360 61-

1262 1384 1404 1422 singulis
1427 1388 1539 1413 tenore
1563 1387 1716 1421 presente
1736 1392 1808 1413 6556
1832 1383 1982 1412 volumus
2010 1383 2220 1412 manifestum

1261 1437 1348 1476 quod
1372 1446 1431 1466 nos
1454 1436 1690 1474 guerpivimus,
1717 1435 1953 1465 festucavimus
1977 1440 2006 1465 et
2028 1435 2223 1464 tradidimus

1261 1499 1370 1519 coram
1386 1489 1555 1519 VVillelmo
1576 1489 1656 1523 Mor,
1676 1488 1812 1518 Nicolao
1835 1488 1923 1518 Scot,
1943 1487 2142 1517 Theoderico
2158 1487 2224 1516 Da-

1261 1543 1461 1576 nihondere,
1491 1541 1628 1572 Nicolao
1650 1543 1716 1571 Vos
1746 1545 1777 1571 et
1798 1541 1949 1571 ‚Iohanne
1972 1540 2052 1571 Mol.
2078 1539 2223 1569 scabinis

1261 1596 1502 1630 Furnensibus,
1516 1594 1698 1624 secundum
1706 1594 1812 1631 legem
1825 1598 1855 1623 et
1867 1593 2137 1623 consuetudinem
2146 1592 2224 1622 ville

1262 1649 1455 1683 Fui-nensis,
1470 1647 1629 1685 magistro
1646 1646 1811 1684 Stephano
1828 1645 1990 1675 Anibaldo
2006 1644 2226 1674 concanonico

1262 1706 1374 1731 nostro
1399 1700 1564 1730 Furnensi
1592 1699 1724 1729 domum
1751 1703 1781 1728 et
1808 1699 1919 1728 (1666111
1943 1706 2115 1727 mensuras
2141 1700 2227 1726 terre

1225 1767 1237 1781 1)
1259 1755 1352 1794 juxta
1368 1754 1482 1783 villam
1496 1754 1703 1783 Furnensem
1720 1752 1815 1790 quasi
1832 1751 1872 1780 ad
1886 1754 2024 1780 tractum
2041 1749 2159 1779 baliste
2175 1757 2227 1787 po-

1225 1819 1238 1833 ))

1226 1872 1238 1886 ))

1227 1925 1239 1939 >)

1229 1978 1240 1992 ))

1228 2031 1241 2045 ))

1229 2084 1241 2098 ))

1229 2136 1241 2150 ))

1229 2189 1241 2203 ))

1229 2241 1241 2255 ))

1230 2294 1242 2308 ))

1230 2348 1242 2361 >7

1264 1807 1356 1842 sitas,
1382 1815 1398 1835 a
1416 1806 1510 1835 nohis
1532 1805 1639 1834 eidem
1654 1804 1813 1841 magistro
1828 1803 1978 1832 venditas
1996 1811 2052 1840 pro
2073 1800 2227 1831 trecentis

1263 1859 1358 1889 libris
1385 1858 1618 1891 artisinorum,
1643 1860 1739 1894 prout
1763 1857 1797 1885 in
1823 1856 1943 1885 litteris
1968 1855 2044 1884 inde
2068 1853 2225 1883 confectis

1265 1916 1376 1941 nostro
1398 1910 1508 1948 sigillo
1532 1909 1672 1947 signatis
1693 1908 1824 1946 plenius
1845 1907 2046 1942 continetur3
2071 1915 2152 1945 quas
2173 1906 2229 1935 do-

1265 1974 1355 1995 mum
1372 1969 1403 1994 et
1417 1968 1501 1993 terre
1517 1971 1690 1992 mensuras
1706 1961 1790 1991 bone
1807 1961 1962 1990 memorie
1979 1959 2135 1997 magister
2151 1959 2230 1988 Eus-

1267 2018 1396 2048 tachius
1410 2016 1489 2046 olim
1503 2016 1646 2045 decanus
1661 2018 1772 2044 noster
1788 2013 1969 2043 Furnensis
1983 2012 2114 2041 nomine
2131 2010 2230 2040 eccle-

1267 2071 1315 2101 sie
1333 2074 1443 2099 nostre
1460 2067 1604 2106 predicte
1621 2067 1655 2095 in
1674 2066 1741 2095 vita
1762 2075 1819 2095 sua
1836 2065 1950 2094 habuit
1969 2069 1999 2094 61
2020 2063 2173 2102 possedit.
2192 2063 2230 2092 Et

1267 2124 1301 2153 in
1328 2121 1554 2152 testimonium
1575 2123 1606 2149 et
1629 2119 1730 2148 robur
1752 2118 1898 2147 omnium
1921 2117 2139 2154 predictorum
2157 2124 2231 2153 pre-

1268 2180 1395 2206 sentem
1424 2173 1579 2211 paginam
1613 2170 1715 2208 sigilli
1745 2169 1945 2200 venerabilis
1975 2169 2037 2197 viri
2073 2167 2230 2206 prepositi

1267 2227 1372 2258 nostri
1400 2224 1582 2256 Furnensis
1610 2223 1796 2252 munimine
1823 2222 1975 2251 duximus
2002 2220 2228 2250 roborandam.

1267 2283 1340 2311 Dat.
1376 2278 1495 2312 Furni,
1530 2285 1616 2306 anno
1652 2275 1786 2305 Domini
1820 2274 1974 2309 M⁰CG⁰L,
2010 2273 2063 2303 die
2091 2272 2230 2302 Veneris

1268 2338 1343 2364 ante
1363 2334 1484 2362 festum
1501 2331 1600 2360 Beate
1617 2329 1720 2359 Marie
1737 2327 1939 2365 Magdalene.

1268 2386 1360 2417 Nulli
1384 2389 1444 2415 616.
1470 2387 1579 2413 005116
1601 2380 1860 2411 confirmationis
1881 2384 1911 2410 et
1929 2378 2147 2417 supplementi
2170 2381 2231 2407 etc.

1229 2441 1302 2470 Dat.
1323 2437 1472 2475 Neapoli,
1494 2437 1543 2466 III
1562 2435 1636 2464 idus
1653 2433 1764 2463 martii
1780 2442 1866 2462 anno
1885 2432 2000 2470 primo.
2021 2443 2033 2457 »

1303 2608 1389 2637 319
1810 2602 1926 2636 Naples,
1945 2601 1977 2628 ‘20
1994 2609 2069 2627 mars
2089 2600 2161 2626 1255.

1268 2671 1367 2697 Eidem
1385 2669 1546 2695 facultatem
1563 2666 1686 2693 testandi
1702 2665 1736 2691 de
1757 2665 1898 2691 universis
1915 2663 1997 2689 benis
2013 2663 2077 2696 eJ‘us
2092 2659 2232 2687 concedit.

1233 2719 1316 2752 (111-α.
1334 2719 1377 2748 11,
1393 2726 1418 2743 c.
1435 2717 1511 2749 271¹,
1528 2716 1546 2741 f.
1565 2716 1620 2747 35.)

1276 2832 1287 2845 «
1307 2819 1449 2855 illaslist1'0
1464 2817 1614 2854 Stephano
1630 2814 1784 2847 sinibaldi,
1800 2813 1945 2842 canonico
1961 2810 2121 2842 vawzss,
2137 2808 2236 2845 116ροιί

1236 2873 1338 2902 dilecti
1351 2872 1411 2908 lilii
1429 2870 1526 2898 nostri
1541 2870 1572 2897 It.
1593 2868 1693 2896 sancti
1705 2867 1811 2903 :inyeli
1827 2864 1949 2893 diaconi
1966 2861 2145 2892 cardinalis.
2163 2860 2236 2889 Per-
