2498 3325
212 211 270 241 264
939 211 1179 242 REGISTRES
1201 210 1508 240 D'ALEXANDRE
1530 211 1586 241 1v.

285 277 372 306 886
729 278 854 312 Αητιςιιί,
872 278 887 304 5
903 277 1055 304 decembre
1072 278 1148 304 1‘255.

250 338 389 371 Landoni,
406 339 545 365 canonico
561 339 726 374 Anagnino,
744 340 840 375 nepoti
855 348 919 372 suo,
932 340 1065 367 concedit
1078 338 1134 366 XV
1147 347 1222 366 mar-

214 396 265 415 cas
279 388 484 422 sterlingorum
501 387 535 414 de
552 388 741 422 proventibus
755 396 830 423 quos
847 389 932 415 habet
949 389 1079 415 Romana
1093 387 1223 414 Ecclesia

214 437 243 463 in
260 436 375 463 civitate
391 435 578 464 Feri-ariensi.
595 436 678 469 (Rae.
695 437 740 469 Ἡ,
757 445 783 464 c.
801 437 862 472 716,
880 438 899 464 f.
919 438 988 469 104.)

257 550 269 564 «
288 538 436 572 Landoni,
451 539 598 567 canonico
608 539 784 576 Anagnino,
801 539 1025 576 nepotinostro.
1038 538 1121 568 Cum
1131 546 1222 576 apos-

218 590 313 620 tolica
336 590 437 620 Sedes
459 590 652 629 frequenter
670 591 704 620 in
722 591 827 628 gratia
846 590 1001 621 exuberet
1019 599 1096 628 erga
1115 595 1222 620 extra-

215 651 294 673 neos
317 646 353 672 ut
372 643 503 680 ignotos
523 643 880 681 irreprehensibiliter,
905 643 958 681 agi
975 652 1040 673 non
1056 643 1223 673 immerito

216 698 393 733 credimus,
417 698 445 728 si
467 702 577 728 nostre
603 698 671 728 illis
694 698 912 728 beneticentie
928 698 1094 728 dexteram
1115 698 1223 737 aperi-

214 760 300 786 mus,
319 751 375 790 qui
400 751 495 781 nobis
519 751 820 789 consanguinitatis
844 751 939 781 titulo
963 752 1220 790 conjunguntur,

214 804 389 842 presertim
414 803 535 841 quibus
554 803 593 833 ad
611 803 671 834 hoc
690 803 865 842 probitatis
887 813 945 834 sue
968 804 1087 834 merita
1103 804 1223 834 suffra-

215 860 346 894 gantur.
362 856 447 892 Quia
466 856 568 893 igitur
586 860 616 886 te
632 856 775 886 libenter
799 856 958 886 virtutum
981 857 1091 886 studio
1107 866 1223 887 vacare

215 909 441 946 cognovimus,
459 913 495 939 ut
513 909 546 938 in
563 909 624 939 hoc
640 909 842 947 provisionis
861 909 1038 948 apostolice
1055 910 1160 947 gratia
1174 910 1224 940 so-

214 962 336 997 vearis,
349 962 410 992 XV
422 971 550 991 marcas
562 962 810 1000 sterlingorum,
826 962 865 993 de
881 962 1096 1001 proventibus
1109 967 1140 992 et
1155 962 1223 992 red-

217 1015 341 1045 ditibus
356 1024 437 1054 quos
452 1015 551 1045 habet
568 1019 599 1045 et
615 1015 737 1046 habere
752 1016 848 1045 debet
862 1017 1011 1046 Romana
1025 1015 1173 1046 Ecclesia
1188 1016 1223 1045 in

217 1068 351 1098 civitate
371 1068 577 1098 Ferrariensi
597 1069 734 1108 ejusque
755 1068 923 1104 districtu,
939 1069 1143 1106 presentium
1163 1068 1224 1098 tibi

217 1121 412 1151 auctoritate
430 1121 652 1157 concedimus,
672 1120 846 1151 solvendas
861 1121 921 1150 tibi
937 1131 952 1150 a
969 1121 1224 1160 quibuscunque

216 1174 306 1212 ipsos
322 1173 560 1212 recipientibus
577 1173 627 1203 vel
644 1174 841 1204 debentibus
863 1183 899 1203 ac
914 1173 1145 1212 percipiendas
1163 1178 1225 1204 ate

217 1227 314 1256 annis
329 1226 471 1264 singulis
483 1236 588 1265 usque
602 1227 642 1256 ad
657 1231 768 1256 nostre
785 1226 1029 1265 beneplacitum
1044 1227 1225 1258 voluntatis

217 1289 299 1318 quas
309 1279 369 1308 tibi
381 1279 431 1308 vel
443 1284 496 1308 tuo
506 1279 710 1317 procuratori
722 1288 780 1309 seu
792 1284 880 1309 certo
892 1280 1014 1309 nuncio
1027 1283 1080 1309 tuo
1091 1280 1225 1310 nomine

215 1333 250 1362 in
267 1333 351 1362 festo
369 1332 498 1362 Natalis
514 1332 648 1362 Domini
663 1333 734 1362 sine
747 1332 968 1362 diminutione
982 1342 1019 1362 ac
1032 1332 1225 1363 difficultate

217 1387 364 1426 qualibet
393 1387 546 1417 volumus
576 1387 736 1417 exhiberi.
766 1388 840 1417 Non
866 1387 1076 1418 obstantibus
1103 1388 1226 1427 aliqui-

216 1441 277 1470 bus
296 1440 569 1471 concessionibus
586 1441 905 1479 apredecessoribus
923 1441 1045 1471 nostris
1064 1442 1225 1472 Romanis

215 1494 429 1532 pontificibus
445 1493 496 1523 vel
513 1503 625 1524 eorum
643 1494 838 1524 auctoritate
854 1495 1005 1532 personis
1020 1495 1226 1533 quibuslibet

216 1547 255 1577 de
272 1547 486 1585 proventibus
503 1551 531 1576 et
548 1547 732 1577 redditibus
749 1547 831 1585 ipsis
846 1547 953 1583 factis,
971 1547 1092 1586 quibus
1107 1557 1171 1587 quo
1185 1548 1226 1578 ad

216 1599 387 1630 residuum
400 1600 588 1629 reddituum
600 1600 779 1629 eorundem
791 1609 848 1638 per
864 1600 949 1630 hanc
963 1601 1223 1636 concessionem,

215 1653 243 1682 si
262 1652 322 1681 tibi
341 1661 405 1682 non
422 1652 576 1681 duxerint
592 1652 815 1690 opponendos,
831 1652 986 1682 nolumus
1004 1653 1224 1692 prejudicium

215 1705 379 1743 generari.
402 1706 625 1734 Deeernvntes
642 1704 881 1734 nichilominus
900 1705 1032 1735 irritum
1059 1710 1089 1735 et
1111 1706 1222 1742 inane,

215 1759 244 1788 si
260 1758 339 1797 quid
359 1767 458 1796 super
475 1758 536 1787 hoc
553 1762 666 1787 contra
682 1758 931 1788 concessionem
949 1759 1054 1796 ipsam
1075 1759 1110 1788 in
1131 1764 1223 1789 tuum

214 1811 425 1850 dispendium
440 1820 457 1840 a
470 1820 636 1850 quoquam
650 1811 825 1849 contigerit
841 1811 1041 1849 attemptari.
1056 1812 1148 1841 Nulli
1162 1816 1223 1842 etc.

215 1868 325 1894 nostre
340 1864 565 1894 concessionis
577 1868 638 1893 etc.
651 1865 724 1894 Dat.
738 1864 900 1902 Anagnie,
912 1864 1009 1894 nonis
1022 1865 1222 1901 novembris,

214 1926 300 1947 anno
316 1917 434 1955 primo.
452 1929 464 1943 »

283 2100 368 2129 882
739 2100 870 2135 Anagui,
887 2101 921 2128 ‘26
937 2102 1054 2128 octobre
1072 2103 1150 2129 1255.

248 2163 354 2189 Abbati
371 2163 536 2189 monasterii
553 2171 578 2190 s.
595 2162 729 2190 Audoeni
755 2163 999 2199 Rothomagensis
1013 2166 1137 2199 ejusque
1153 2173 1222 2192 suc-

211 2211 379 2238 cessoribus
395 2212 422 2238 in
443 2216 613 2247 perpetuum
631 2212 730 2238 utendi
747 2213 844 2243 mitra,
863 2213 963 2246 anulo,
982 2214 1095 2246 tunica,
1112 2214 1222 2240 dalma-

211 2259 283 2291 tica,
307 2260 461 2287 cirothecis
481 2265 509 2286 et
529 2260 667 2287 sandaliis
687 2270 720 2287 ac
744 2261 933 2287 benedicendi
962 2262 1050 2296 pallas
1077 2263 1174 2288 altaris
1194 2266 1222 2289 et

210 2309 264 2335 alia
287 2312 453 2335 ornamenta
475 2309 672 2336 ecclesiastica
695 2314 890 2341 sacramenta,
909 2310 1074 2337 conferendi
1101 2312 1220 2346 primam

209 2362 357 2386 tonsuram
388 2367 421 2386 ac
446 2360 572 2386 minores
596 2359 722 2392 ordines,
749 2360 861 2394 plenam
887 2361 1020 2388 concedit
1044 2362 1220 2389 facultatem.

212 2408 295 2440 (Rae.
311 2408 355 2442 ⁴24,
374 2416 400 2435 c.
417 2409 477 2439 717,
494 2409 513 2435 f.
533 2408 596 2440 104,
617 2408 761 2436 Porruxsr
781 2409 886 2441 16076.)

255 2522 267 2535 α
287 2533 318 2544 ..,
331 2510 442 2545 abbati,
458 2515 483 2539 et
497 2512 660 2539 conventui
671 2512 851 2540 monasterii
863 2513 1105 2542 sanctiAodoerzi
1116 2514 1221 2543 Romo-

213 2564 375 2600 mayensis,
394 2563 513 2591 ordinis
533 2565 633 2593 sancti
651 2564 815 2592 Benedicti.
834 2565 878 2595 Ut
896 2564 1010 2602 pulcra
1027 2570 1059 2596 et
1079 2584 1127 2595 —.
1144 2567 1218 2596 Dat.

213 2615 376 2653 Anagnie,
394 2616 457 2645 VII
473 2615 632 2646 kalendas
651 2617 851 2652 novembris,
870 2627 956 2648 anno
974 2619 1091 2657 primo.
1112 2632 1124 2646 »

283 2808 370 2836 888
739 2808 869 2842 Anagni.
886 2809 918 2835 ‘27
936 2810 1053 2836 octobre
1069 2810 1147 2837 1255.

249 2868 363 2895 Eisdem
379 2868 475 2895 abbati
489 2872 517 2895 et
532 2869 686 2896 couventui
703 2869 842 2904 indulget,
861 2874 889 2897 ut
906 2870 1009 2905 aliquis
1026 2872 1059 2898 de
1080 2872 1218 2898 fratribus

1304 275 1392 302 altare
1423 277 1598 310 parrochiale
1629 276 1795 304 monasterii
1820 276 1974 304 deserviat.
2002 276 2084 305 tRso.
2109 276 2160 308 24,
2183 285 2209 304 c.
2231 277 2311 310 7¹72,

1303 324 1323 350 f.
1343 323 1427 357 104'.)

1347 453 1359 467 α
1386 441 1516 470 Eisdem.
1543 441 1724 472 Consuevit
1751 440 1836 471 sedit
1863 440 1926 480 (sic)
1952 440 2131 480 apostolica
2154 441 2311 480 precibus

1305 496 1366 523 etc.
1379 502 1484 532 usque
1497 503 1503 522 ε
1518 493 1692 532 impertiri.
1708 494 1896 532 Eapropter,
1909 492 2065 523 dilectiin
2078 494 2218 525 Domino
2234 494 2307 532 filii,

1304 544 1424 574 vestris
1449 544 1748 582 supplicationibus
1770 543 1936 580 inclinati,
1961 548 1997 574 ut
2019 544 2053 574 in
2077 544 2173 575 altari
2196 555 2311 585 parro-

1304 597 1416 632 chiali,
1437 597 1525 636 quod
1545 597 1580 627 in
1602 597 1802 627 monasterio
1818 601 1928 627 vestro
1945 597 2112 633 consistit,
2132 598 2238 637 ipsius
2257 608 2312 630 ce-

1304 651 1401 681 dente
1423 650 1474 681 vel
1497 650 1675 680 decedente
1696 654 1834 686 rectore,
1856 650 2017 680 deserviri
2038 660 2095 689 per
2111 650 2256 689 aliquem
2271 651 2312 682 de

1304 703 1424 734 vestris
1440 703 1600 734 fratribus
1617 703 1760 739 faciatis,
1778 712 1838 734 nec
1853 704 2035 734 teneamini
2052 704 2092 734 ad
2104 704 2191 734 idem
2208 704 2312 736 altare

1304 757 1343 787 dc
1368 760 1476 786 cetero
1499 756 1682 787 secularem
1705 756 1862 787 clericum
1882 760 2090 796 presentare,
2115 757 2311 789 auctoritate

1305 809 1398 839 vobis
1409 809 1615 848 presentium
1630 809 1854 847 indulgemus.
1874 809 1967 840 Nulli
1982 813 2043 840 etc.
2057 814 2167 841 nostre
2182 819 2312 841 conces-

1305 863 1410 893 sionis
1427 867 1488 893 etc.
1503 863 1577 892 Dat.
1592 862 1755 900 Anagnie,
1768 863 1814 892 VI
1829 861 1988 893 kalendas
2005 862 2206 899 novembris,
2223 872 2312 894 anno

1305 916 1422 954 primo.
1445 928 1457 942 u

1375 1112 1462 1142 889
1838 1111 1964 1146 Anagni.
1981 1111 2015 1138 27
2031 1111 2148 1138 octobre
2163 1111 2242 1139 1255.

1341 1173 1457 1202 Eisdem
1473 1175 1619 1210 exemptio
1634 1174 1821 1201 decimarum.
1839 1174 1923 1208 (Res.
1944 1174 1990 1208 24,
2008 1182 2034 1200 c.
2053 1174 2127 1207 7¹7³,
2143 1174 2163 1201 f.
2181 1173 2267 1208 lov.)

1347 1304 1359 1318 α
1377 1291 1508 1320 Eisdem.
1526 1290 1743 1328 Exigentibus
1757 1294 1865 1320 vestre
1881 1289 2067 1320 devotionis
2082 1290 2211 1320 meritis
2228 1290 2312 1321 votis

1305 1344 1426 1374 vestris
1441 1343 1584 1374 libenter
1600 1347 1661 1373 cte.
1685 1352 1809 1381 usque:
1828 1343 2035 1373 exaudimus.
2051 1343 2182 1373 Vestris
2200 1343 2313 1382 itaque

1307 1396 1606 1435 supplicationibus
1624 1396 1806 1434 benignum
1819 1395 2048 1434 impertientes
2065 1404 2249 1432 assensum,
2265 1399 2312 1432 ut,

1307 1450 1345 1480 de
1362 1449 1532 1480 laboribus
1550 1449 1671 1479 vestris
1687 1458 1769 1488 quos
1787 1448 1930 1487 propriis
1948 1448 2103 1479 manibus
2124 1453 2180 1479 aut
2200 1457 2315 1488 sump-

1308 1504 1396 1533 tibus
1411 1503 1519 1533 eolitis
1536 1503 1605 1533 sive
1621 1502 1660 1532 de
1676 1502 1757 1532 ortis
1774 1506 1805 1532 et
1820 1501 1974 1540 virgultir
1989 1501 2110 1532 vestris
2124 1506 2180 1532 aut
2191 1506 2313 1532 vestro-

1307 1565 1381 1586 rum
1403 1555 1599 1586 animalium
1624 1555 1850 1590 nutrimentis,
1876 1554 1989 1584 nullus
2013 1564 2031 1584 a
2053 1554 2146 1585 vobis
2167 1554 2314 1585 decimas

1307 1609 1437 1647 exigere
1453 1608 1506 1639 vel
1519 1612 1713 1647 extorquere
1725 1607 1842 1644 valeat,
1859 1607 1953 1638 vobis
1969 1607 2165 1638 auctoritate
2181 1616 2314 1646 presen-

1307 1663 1390 1693 tium
1414 1662 1636 1700 indulgemus.
1661 1660 1755 1691 Nulli
1780 1664 1841 1691 etc.
1865 1663 1977 1690 nostre
2003 1660 2229 1691 concessionis
2249 1664 2311 1692 etc.

1306 1717 1380 1746 Dat.
1400 1716 1487 1746 utin
1504 1715 1580 1746 alia.
1601 1727 1613 1741 n

1376 1915 1464 1943 890
1840 1912 1966 1947 Anagni,
1981 1912 2016 1940 ‘26
2030 1912 2147 1939 octobre
2164 1912 2242 1939 1255.

1342 1977 1457 2003 Eisdem
1474 1976 1624 2003 concessio
1642 1975 1795 2002 novalium.
1813 1974 1896 2009 (Rau.
1913 1974 1961 2008 24,
1978 1982 2005 2002 e.
2022 1973 2096 2008 717¹,
2112 1974 2130 2000 f.
2150 1973 2235 2007 toln.)

1348 2105 1360 2119 κ
1379 2093 1509 2122 Eisdem.
1532 2090 1749 2129 Exigentibus
1773 2094 1834 2120 etc.
1857 2098 1963 2128 usque
1983 2099 1989 2118 :
2011 2098 2196 2125 assensum,
2222 2093 2258 2119 ut
2278 2089 2313 2119 in

1296 2145 1489 2184 „parrochiis
1499 2145 1532 2173 in
1546 2143 1668 2182 quibus
1679 2147 1806 2173 veteres
1822 2142 1967 2173 decimas
1980 2141 2102 2172 habere
2118 2141 2312 2178 noscimini,

1304 2208 1362 2237 pro
1375 2208 1412 2228 en
1429 2198 1577 2236 portione
1592 2205 1673 2235 quas
1687 2196 1776 2234 ipsas
1790 2195 2009 2234 ibidemjuste
2019 2194 2201 2233 percipitis,
2214 2203 2314 2225 nova-

1305 2251 1387 2281 lium
1404 2259 1534 2289 quoque
1552 2249 1591 2279 de
1608 2248 1729 2287 quibus
1747 2247 1869 2286 aliquis
1885 2247 2047 2277 hactenus
2068 2256 2133 2277 non
2153 2247 2311 2286 percepit,

1305 2304 1473 2343 percipere
1489 2303 1592 2333 libere
1613 2301 1762 2337 valeatis,
1782 2300 1874 2330 vobis
1893 2300 2088 2330 auctoritate
2105 2299 2311 2338 presentium

1304 2357 1528 2394 indulgemus.
1549 2354 1641 2385 Nulli
1665 2358 1726 2384 etc.
1751 2357 1862 2383 nostre
1887 2353 2123 2383 concessionis.
2150 2356 2209 2382 etc.
2235 2353 2311 2382 Dat.

1303 2409 1467 2447 Anagnie,
1484 2408 1548 2439 VII
1565 2407 1724 2437 kalendas
1741 2406 1942 2442 novembris,
1961 2414 2048 2436 anno
2063 2405 2181 2444 primo.
2203 2417 2217 2432 r>

1373 2615 1457 2644 831
1813 2612 1939 2646 Anagni,
1957 2612 1971 2640 3
1988 2612 2142 2638 novembre
2159 2611 2238 2638 1‘255.

1337 2676 1518 2711 WVlillelmol,
1533 2676 1592 2709 regi
1605 2674 1811 2706 Romanorum,
1826 2675 1937 2700 nuntiat
1951 2682 1994 2707 se,
2011 2672 2150 2707 [Jacob0],
2163 2673 2316 2708 quondam-

1301 2728 1438 2761 episcopo
1453 2725 1638 2756 virdunensi,
1651 2723 1684 2749 ad
1697 2723 1918 2758 patriarchatum
1930 2722 2205 2757 Jerosolymitanum
2216 2725 2310 2748 trans-

1301 2775 1366 2805 late,
1386 2774 1554 2808 magistrum
1573 2772 1740 2803 Rubor-tum,
1758 2776 1827 2798 tunc
1843 2771 2030 2798 camerarium
2043 2771 2204 2805 J1ohannis1
2219 2779 2244 2798 s.
2257 2770 2311 2798 Ni—

1300 2824 1371 2850 colai
1398 2824 1424 2850 iu
1451 2822 1571 2849 Gai-cere
1594 2821 1725 2848 Tulliano
1748 2821 1859 2847 diaconi
1883 2820 2050 2851 cardinalis,
2075 2819 2214 2847 ecclesiae
2239 2819 2307 2846 Vir·

1300 2872 1423 2899 dunensi
1455 2872 1481 2897 in
1511 2871 1679 2906 episcopum
1710 2869 1884 2905 praefecisse
1911 2879 1917 2895 z
1946 2872 2043 2904 rogat,
2072 2872 2114 2900 ut,
2138 2877 2204 2895 cum
2228 2868 2307 2895 idem
