2498 3325
225 266 284 295 3903
951 255 1190 286 REGISTRES
1213 253 1519 283 D‘ALEXANDRE
1543 254 1596 283 lv.

230 330 431 361 exhibitione
450 326 637 366 liujusx‘nodi
655 325 861 364 postmodum
879 323 994 353 lialwri
1011 322 1118 352 valeat
1134 321 1233 351 certi-

231 383 317 413 tudo.
338 382 490 411 Ceterum
508 379 699 408 inhibemus
717 387 756 407 ne
774 378 813 406 ali
830 376 905 406 aliis
923 385 1019 415 quam
1039 374 1159 404 abillis
1177 382 1233 412 per

229 444 366 476 quorum
393 433 549 463 diocesim
577 430 787 465 transierint,
813 428 1062 468 procurationes
1091 426 1141 457 vel
1168 426 1234 456 alia

228 488 399 526 recipiant.
422 485 486 515 nisi
506 494 560 514 eos
580 494 616 514 ex
638 492 736 512 causa
754 481 942 511 necessaria
961 480 1090 510 trahere
1108 488 1233 509 moram

230 540 350 570 alicubi
369 539 585 575 contingeret,
604 536 653 565 vel
672 535 781 573 aliqua
798 534 940 564 diocesis
957 533 1096 563 forsitan
1116 540 1234 562 secun-

229 595 305 623 ‹lum
324 598 450 630 tempus
468 600 556 619 more
575 590 657 619 facte
676 588 759 617 inibi
779 588 878 617 nimis
897 587 929 616 in
945 585 1234 625 procurationibus

229 650 432 683 gravaretur.
454 643 546 680 Quod
565 643 593 671 si
610 647 723 671 contra
740 640 930 679 hujusmodi
948 644 1092 668 nostram
1111 637 1235 667 consti-

231 700 390 729 tutionem
408 702 461 726 aut
483 695 719 725 inhibitionem
738 694 844 723 facere
865 691 1139 730 presui‘i‘tpseriut,
1159 699 1235 720 sen-

231 752 344 782 tentia.
362 751 388 779 si
406 758 481 788 qua,
500 748 672 778 occas-itum
693 746 894 785 hujusmodi,
914 756 929 774 a
950 744 1236 783 presiin‘tlittoribus

230 805 312 844 ipsis
330 804 395 833 lata
412 802 522 837 suerit,
545 810 608 831 non
627 804 751 834 teneat,
777 808 882 838 neque
902 798 992 835 liget.
1014 799 1114 827 Porro
1131 805 1236 835 quan-

230 863 298 888 tum
319 857 358 886 ad
377 856 512 893 legatos.
533 854 654 892 quihus
671 853 704 882 in
723 853 833 890 aliqua
852 851 1021 890 provincia
1041 850 1135 888 plene
1151 849 1237 886 lega-

233 911 332 940 tionis
349 909 492 939 officium
513 916 577 937 non
597 906 829 940 committitur,
843 903 1004 933 servanda
1018 902 1238 938 ii‘itelliJ-'imus

231 972 294 1002 que
312 962 465 1000 superius
483 966 560 990 sunt
576 968 741 998 expressa„
757 957 847 988 Nulli
868 962 927 987 etc.
949 960 1058 986 nostre
1077 955 1238 985 constitu-

233 1016 333 1045 tionis
351 1019 380 1045 et
397 1013 622 1044 inliil‘1itit‘inis.
638 1014 711 1042 Dat.
728 1011 893 1042 Laterani,
909 1011 955 1040 III
971 1009 1131 1039 kalendas
1146 1008 1236 1043 maii,

233 1078 319 1098 anno
338 1066 492 1097 secundo.
515 1080 525 1091 ›·
623 1059 628 1064 ’

305 1227 324 1254 1
333 1226 420 1254 :324

269 1288 404 1314 Decernit
420 1286 495 1322 quod
519 1285 667 1312 diocesani
693 1284 853 1311 sententias
877 1283 1078 1317 religiosorum
1101 1282 1241 1317 praelato—

816 1221 928 1251 Latran,
946 1220 980 1247 ‘26
996 1228 1072 1246 mars
1092 1220 1167 1246 1256.

232 1346 293 1364 rum
312 1339 337 1364 iu
357 1336 596 1363 monasteriorum
614 1333 751 1360 Franciae
769 1341 908 1367 personas
924 1336 951 1358 et
967 1331 1100 1358 subditos
1117 1331 1242 1366 prolatas

233 1387 344 1413 valeant
362 1394 505 1412 revocare.
525 1384 609 1416 (Rae.
626 1383 670 1417 24,
693 1383 713 1408 s.
733 1382 792 1408 167.
810 1390 876 1408 ann.
899 1380 977 1412 11‚c.
995 1380 1078 1411 268⁶.)

276 1502 287 1514 ι(
311 1488 353 1517 ,td
370 1491 547 1524 perpetuam
576 1486 621 1513 rei
644 1485 834 1513 memoriam.
863 1483 910 1512 Ad
935 1482 1139 1512 audientiam
1166 1490 1242 1511 nos-

236 1546 317 1571 tram
337 1539 498 1578 pervenit,
521 1538 606 1576 quod
626 1536 779 1567 nonnulli
806 1536 941 1566 abbates
963 1540 993 1565 et
1018 1535 1075 1565 alii
1093 1535 1243 1573 religiosi

233 1592 428 1632 prelationis
445 1595 596 1629 gerentes
614 1590 758 1619 officium
773 1589 811 1619 de
829 1598 929 1627 regno
946 1588 1085 1618 Francie
1100 1588 1243 1618 subditis

235 1646 305 1676 suis
323 1645 487 1679 inhibent,
506 1653 546 1673 ne
564 1647 686 1673 statum
706 1642 983 1672 monasteriorum
1004 1651 1150 1676 suorum,
1169 1650 1244 1680 per-

236 1707 393 1729 sonarum
417 1703 447 1727 et
466 1706 575 1727 rerum
598 1696 777 1726 eorundem
800 1695 986 1725 diocesanis
1004 1695 1074 1725 suis
1094 1695 1145 1725 vel
1169 1695 1245 1724 aliis

236 1762 293 1790 per
310 1760 392 1790 quos
414 1750 453 1779 ad
477 1749 634 1779 noticiam
654 1757 766 1778 eorum
786 1747 975 1786 perveniat,
1002 1747 1176 1777 insinuent
1194 1747 1244 1777 vel

237 1807 400 1842 exponant
419 1803 452 1832 in
477 1803 583 1840 ipsos;
607 1802 634 1831 si
652 1810 748 1831 secus
766 1801 913 1838 egerint,
932 1800 1245 1830 exconmiunicatio-

239 1858 291 1888 nis
311 1857 510 1887 sententiam
536 1855 740 1894 proferentes
760 1865 765 1883 :
788 1863 824 1883 ex
845 1863 909 1892 quo
928 1854 1038 1883 evenit
1057 1853 1153 1892 quod,
1172 1862 1247 1883 cum

239 1910 302 1949 ipsi
320 1909 489 1940 diocesani
506 1909 618 1938 eadem
636 1907 839 1937 monasteria
859 1907 1011 1941 visitant,
1029 1906 1162 1936 illorum
1180 1910 1247 1935 sta—

238 1969 307 1993 tum
323 1963 407 1992 scire
425 1972 489 1991 non
506 1965 655 2000 possunt.
675 1965 807 1998 propter
825 1959 911 1998 quod
930 1959 1034 1989 multa
1047 1959 1081 1988 in
1102 1959 1164 1994 eis,
1182 1963 1247 1988 tam

238 2017 273 2045 in
290 2016 395 2053 capite
413 2024 510 2053 quam
528 2014 562 2042 in
579 2013 755 2048 membris,
776 2022 839 2051 que
861 2012 1064 2042 correctione
1087 2021 1123 2041 ac
1142 2013 1247 2041 resor-

240 2069 384 2098 matione
408 2067 611 2103 indigerent,
633 2070 805 2095 remanent
827 2065 1020 2095 incorrecta.
1045 2065 1166 2095 Contra
1185 2064 1248 2094 hu—

236 2121 381 2161 jusmodi
400 2129 475 2157 ergo
492 2118 705 2149 detestabiles
727 2128 761 2148 ac
786 2118 989 2156 periculosas
1013 2118 1152 2147 astutias
1174 2126 1248 2155 pro-

240 2175 351 2204 videre
367 2173 524 2203 volentes.
538 2172 759 2202 decerniums.
775 2171 888 2201 habito
901 2171 1042 2201 fratrum
1060 2175 1248 2201 nostrorum

241 2227 395 2261 consilio,
417 2226 502 2264 quod
529 2225 593 2263 ipsi
617 2225 784 2254 diocesani
808 2224 1007 2254 sententias.
1026 2233 1107 2263 quas
1131 2224 1249 2263 hujus-

241 2280 328 2309 modi
350 2279 499 2315 religiosi
520 2277 638 2316 prelati
664 2278 699 2306 in
721 2286 856 2307 suorum
880 2277 1158 2307 monasteriorum
1175 2286 1249 2315 per-

241 2342 339 2363 sonas
356 2337 386 2362 et
404 2331 563 2361 subditos.
584 2331 617 2359 in
635 2330 757 2368 quihus
773 2330 874 2359 iidem
899 2330 1067 2360 diocesani
1085 2329 1250 2359 visit-atio—

243 2394 317 2414 nem
336 2384 467 2419 liabent,
493 2383 553 2412 hac
578 2383 750 2412 occasione
771 2382 991 2420 protulerunt,
1011 2382 1141 2412 valeant
1161 2391 1249 2412 revo-

243 2446 326 2467 care.
347 2436 439 2466 Nulli
453 2440 512 2465 ete.
528 2439 639 2465 nostre
654 2435 903 2464 constitutionis
918 2440 978 2465 etc.
992 2436 1064 2464 Dat.
1081 2435 1248 2468 Laterani,

242 2490 305 2519 Vll
322 2488 479 2518 kalendas
497 2487 623 2526 aprilis,
645 2496 730 2516 anno
750 2487 905 2517 secundo.
927 2500 938 2513 »

318 2646 432 2675 1325

282 2707 442 2734 Declaratio
460 2707 494 2733 de
508 2714 646 2741 processu
661 2710 759 2733 contra
774 2707 929 2742 pontificali
941 2708 1079 2742 dignitate
1095 2707 1248 2742 praeditos.

245 2756 326 2791 (Rea.
344 2755 386 2790 -24,
406 2756 423 2782 f.
446 2756 503 2789 167,
521 2764 587 2781 ann.
607 2755 642 2788 ΙΙ,
659 2764 684 2783 c.
697 2756 782 2788 ⁶2(387.)

831 2645 942 2677 Lati-an,
959 2646 992 2672 ‘24
1009 2654 1084 2672 mars
1102 2646 1178 2673 1956.

288 2870 299 2883 (ι
325 2858 368 2886 All
382 2861 557 2894 perpetuam
576 2858 621 2885 rei
638 2858 828 2885 memoriam.
848 2857 932 2893 Quia
948 2857 1129 2895 pontificali
1147 2857 1251 2895 digni-

248 2914 311 2939 tate
335 2909 488 2947 preditis,
517 2909 556 2937 ol)
579 2909 800 2939 reverentiam
824 2910 908 2939 sacri
932 2910 1030 2939 officii
1052 2910 1135 2948 quod
1159 2918 1250 2939 exer-

1316 323 1407 354 cent,
1440 318 1619 357 plurimum
1653 318 1778 348 differri
1812 318 1966 348 convenit
1999 322 2028 348 et
2059 326 2114 348 eos
2138 317 2213 356 plus
2248 316 2325 347 aliis

1317 371 1484 405 honorari,
1504 371 1593 401 decet
1612 371 1726 410 utique
1744 375 1789 406 ut,
1808 380 1882 400 cum
1899 380 1917 400 a
1931 370 2102 410 judicibus
2122 370 2172 401 vel
2191 379 2325 401 conser-

1317 424 1487 453 vatoribus
1515 433 1533 453 a
1555 424 1638 454 Sede
1665 423 1845 462 apostolica
1869 423 2035 462 deputatis
2061 428 2174 453 contra
2201 431 2256 453 eos
2285 421 2326 452 ad

1316 477 1503 506 coactiones
1534 476 1663 515 aliquas
1694 476 1764 506 sive
1796 484 1898 514 penas
1930 476 2031 506 fuerit
2067 476 2323 514 procedendum,

1318 530 1439 566 gradus
1460 534 1491 559 et
1511 529 1671 559 modestia
1695 529 1727 558 in
1753 528 1945 568 hujusmodi
1968 537 2124 567 processu
2148 532 2323 559 servetur:

1319 583 1363 612 ita
1386 583 1471 622 quod
1493 583 1540 612 eis
1567 582 1708 622 quadam
1732 582 1896 620 condigna
1917 582 2103 612 reverentia
2125 580 2327 620 supportalis

1318 635 1491 673 ingressus
1507 635 1613 674 primo
1627 635 1731 673 ipsius
1748 634 1887 664 ecclesie
1903 634 1953 664 vel
1968 634 2170 664 sacerdotale
2185 633 2327 664 interdi-

1321 692 1413 718 catur
1430 688 1667 722 ministerium,
1686 698 1721 717 ae
1741 687 1859 718 deinde
1879 687 1919 717 ab
1940 688 2047 718 officio
2067 687 2323 726 suspendantur,

1321 746 1351 771 et
1366 742 1608 781 subsequenter
1624 746 1823 779 aggravetur
1840 750 1979 770 censura
1999 740 2226 771 ecclesiastica
2249 747 2327 770 con-

1322 802 1371 826 tra
1393 804 1458 825 eos.
1486 795 1550 824 nisi
1575 794 1672 824 aliter
1702 793 1774 823 fieri
1798 793 1942 823 suaserit
1970 793 2074 823 nimia
2103 792 2327 828 contumatia,

1321 848 1517 887 protervitas
1539 848 1609 877 sive
1627 846 1734 885 culpa.
1762 847 1834 875 Dat.
1860 845 2027 881 Laterani,
2045 846 2145 876 VIIII
2167 845 2328 876 kalendas

1321 901 1449 940 aprilis,
1468 910 1554 930 anno
1571 900 1727 930 secundo.
1749 913 1760 925 ›1

1397 1066 1511 1095 ¹32ss

1360 1128 1492 1155 Declarat
1512 1127 1587 1162 quod
1609 1127 1636 1154 in
1661 1127 1784 1162 singulis
1803 1127 1902 1161 primis
1918 1127 2021 1153 edictis
2037 1126 2177 1153 citatoriis
2195 1127 2333 1161 impetra-

1323 1181 1368 1204 tor
1392 1176 1534 1211 exprimat
1560 1177 1674 1202 nomina
1699 1176 1862 1202 citatorum.
1885 1175 1968 1209 (lieo.
1993 1175 2037 1205 24,
2064 1175 2084 1202 s.
2112 1175 2172 1209 167,
2199 1182 2267 1201 ann.
2293 1173 2332 1206 ΙΙ,

1323 1234 1349 1252 e.
1366 1225 1452 1257 268⁸.)

1908 1065 2021 1097 Lati-an,
2037 1064 2070 1090 24
2089 1072 2164 1090 mars
2181 1063 2260 1091 1256.

1367 1339 1379 1353 <‹
1404 1327 1448 1355 :td
1462 1331 1639 1364 perpetuam
1656 1327 1702 1354 rei
1728 1326 1921 1354 memoriam.
1940 1325 2023 1356 Cum
2043 1334 2101 1364 per
2123 1325 2215 1355 illam
2233 1334 2335 1364 gene-

1325 1378 1428 1409 ralem
1445 1378 1629 1408 clausulam
1649 1391 1661 1405 «
1681 1378 1815 1417 quidam
1834 1378 1891 1408 alii
1912 1390 1936 1414 υ,
1955 1387 2018 1417 que
2034 1379 2228 1418 frequenter
2242 1387 2334 1418 apos-

1326 1431 1435 1462 tolicis
1452 1431 1614 1461 inseritur
1630 1431 1763 1467 litteris,
1782 1431 1869 1461 ultra
1885 1436 1952 1461 tres
1969 1431 2019 1462 vel
2036 1436 2178 1471 quatuor
2196 1432 2232 1462 in
2244 1431 2336 1472 judi-

1326 1485 1376 1515 cio
1408 1484 1494 1515 trahi
1532 1494 1596 1515 non
1634 1485 1776 1523 possint,
1816 1494 1957 1524 quorum
1992 1485 2129 1515 nomina
2159 1485 2194 1515 in
2229 1485 2336 1524 primo

1327 1538 1479 1569 citatorio
1490 1538 1585 1568 debet
1600 1538 1782 1576 exprimere
1799 1538 2003 1576 impetrator,
2018 1547 2089 1574 nos,
2103 1543 2140 1568 ut
2151 1538 2287 1568 omnino
2299 1538 2336 1568 in

1326 1593 1388 1622 hac
1410 1596 1503 1630 parte
1528 1592 1581 1621 via
1605 1591 1779 1621 fraudibus
1799 1590 2023 1630 precludatur,
2051 1591 2206 1622 duximus
2226 1591 2336 1622 decla-

1327 1646 1479 1680 randum,
1499 1645 1585 1684 quod
1598 1645 1632 1674 in
1650 1644 1792 1681 singulis
1804 1644 1922 1682 primis
1938 1644 2055 1674 edictis
2072 1644 2246 1680 citatoriis,
2263 1644 2338 1683 ipsa

1328 1699 1442 1729 eadem
1473 1698 1608 1727 nomina
1638 1697 1832 1736 impetrator
1862 1697 2023 1736 exprimat
2061 1702 2093 1728 et
2128 1697 2334 1734 conscribat,

1329 1751 1429 1782 etiam
1453 1751 1481 1781 si
1505 1760 1569 1781 non
1594 1750 1660 1780 nisi
1681 1759 1786 1780 unum
1814 1751 1963 1788 ipsorum
1992 1750 2092 1780 trium
2119 1750 2171 1781 vel
2196 1754 2338 1790 quatuor

1328 1813 1386 1842 per
1402 1803 1593 1842 hujusmodi
1611 1803 1754 1841 primum
1771 1802 1915 1832 edictum
1934 1803 2030 1832 citari
2047 1802 2228 1841 contingat,
2253 1807 2284 1834 et
2309 1803 2339 1834 si

1330 1857 1474 1886 scienter
1489 1855 1600 1894 plures
1616 1856 1655 1885 ad
1667 1855 1832 1894 judicium
1846 1855 1976 1885 evocari
1995 1855 2123 1891 fecerit,
2143 1859 2174 1886 et
2193 1855 2265 1894 ipse
2280 1856 2340 1886 LX

1329 1909 1453 1939 solidos
1471 1908 1600 1939 usualis
1617 1913 1758 1944 monete,
1777 1913 1807 1938 et
1821 1908 1921 1948 Judex
1938 1908 2049 1944 etiam,
2069 1909 2126 1948 qui
2142 1909 2178 1938 in
2194 1908 2256 1939 hoc
2272 1908 2339 1939 cul-

1329 1962 1451 2001 pabilis
1470 1962 1582 1998 fuerit,
1609 1962 1755 1996 totidem,
1778 1961 1829 1991 vel
1853 1962 1881 1991 si
1903 1966 1976 2000 post
2002 1962 2123 1992 factam
2145 1962 2339 1993 citationem

1330 2015 1364 2045 in
1388 2024 1486 2045 cause
1506 2024 1663 2053 processu
1681 2014 1713 2044 id
1732 2014 1902 2049 sciverint,
1924 2019 1953 2044 et
1977 2015 2066 2044 infra
2087 2018 2160 2046 octo
2179 2015 2251 2046 dies
2273 2023 2340 2046 non

1330 2068 1516 2098 destiterint
1542 2067 1581 2097 ab
1603 2068 1744 2106 incepto,
1767 2072 1797 2097 et
1820 2067 1903 2097 illud
1927 2076 1992 2097 non
2012 2068 2252 2104 revocaverint,
2274 2067 2340 2107 ipsi

1331 2121 1431 2151 citato
1447 2120 1498 2150 vel
1515 2129 1570 2151 reo
1590 2121 1678 2150 infra
1695 2129 1800 2151 unum
1819 2129 1967 2150 mensem
1983 2120 2140 2151 exhihere
2159 2129 2196 2151 ac
2212 2120 2340 2152 solvere

1331 2178 1523 2209 teneantur;
1542 2182 1634 2212 quos,
1651 2174 1680 2204 si
1696 2174 1785 2204 infra
1801 2173 1993 2213 hujusmodi
2009 2178 2139 2212 tempus
2153 2182 2220 2204 non
2235 2173 2340 2204 solve-

1331 2227 1410 2262 rint,
1429 2236 1465 2257 eo
1479 2228 1550 2265 ipso
1567 2226 1833 2257 maledictionem
1846 2227 2031 2262 incurrant,
2043 2235 2062 2256 a
2073 2235 2138 2266 qua
2153 2235 2338 2266 nunquam,

1332 2280 1399 2310 nisi
1415 2280 1508 2319 prius
1524 2279 1599 2309 illos
1615 2279 1847 2318 persolverint,
1868 2279 2073 2315 liberentur;
2092 2283 2123 2309 et
2139 2287 2199 2310 nos
2216 2278 2341 2309 nichil-

1332 2333 1465 2363 ominus
1482 2332 1569 2372 quod
1584 2332 1623 2362 ad
1636 2332 1710 2362 illos
1727 2341 1918 2371 processum
1933 2341 2108 2362 censemus
2117 2331 2250 2371 penitus
2267 2339 2340 2362 esse

1332 2385 1472 2415 nullum.
1492 2384 1585 2415 Nulli
1605 2389 1665 2415 etc.
1689 2389 1799 2415 nostre
1819 2371 2056 2415 declarationis
2073 2388 2105 2415 et
2127 2383 2340 2415 constitutio-

1334 2438 1398 2468 nis.
1421 2438 1495 2467 Dat.
1517 2437 1690 2473 Laterani,
1714 2438 1813 2468 VIIII
1834 2437 1994 2468 kalendas
2016 2436 2150 2476 aprilis,
2175 2445 2262 2466 anno
2287 2444 2341 2467 se-

1334 2491 1452 2521 cundo.
1476 2503 1487 2516 υ

1409 2649 1526 2677 13ῧῖ
1911 2648 2030 2681 Latran,
2047 2647 2081 2674 30
2097 2655 2173 2674 mars
2191 2647 2269 2674 1256.

1370 2709 1498 2736 Revocat
1527 2710 1683 2746 apostolica
1714 2710 1822 2737 indulta
1852 2709 1998 2736 nonnullis
2029 2708 2161 2744 personis
2189 2716 2340 2742 concessa,

1334 2758 1410 2793 quod
1440 2758 1586 2792 interdici,
1618 2758 1758 2794 suspendi
1784 2759 1827 2785 vel
1853 2757 2099 2785 excommunicari
2129 2765 2184 2784 non
2214 2756 2341 2792 possint.

1335 2806 1419 2841 (Rea.
1437 2807 1481 2838 24,
1500 2808 1518 2834 s.
1538 2808 1597 2839 167,
1615 2807 1782 2840 ann.11,c.
1800 2807 1888 2840 268⁹.)

1376 2920 1388 2933 «
1414 2909 1457 2937 ΑιΙ
1477 2915 1654 2946 perpetuam
1680 2910 1724 2938 rei
1746 2909 1939 2937 memoriam.
1964 2906 2048 2943 Quia
2074 2905 2245 2936 nonnullis
2266 2914 2342 2944 per-

2483 2908 2498 2983 ·'l—ti
2489 2894 2496 2902 ·
