2441 3330
164 180 223 210 134
892 181 1132 213 REGISTRES
1154 176 1462 211 D'ALEXANDRE
1486 182 1542 212 IV.

167 246 379 280 impensorum,
402 245 544 271 licentiam
569 246 728 273 concedant
750 247 938 274 contrahendi
962 248 1176 274 matrimonium

165 293 199 320 ad
221 293 343 320 invicem
355 314 361 325 ,
381 294 445 320 licet
463 294 548 320 iidem
565 295 647 321 tertia
665 296 926 329 consanguinitatis
942 296 1016 323 linea
1032 297 1091 323 sint
1104 304 1177 322 con-

163 342 267 376 Juncti.
286 341 367 375 (Rieu.
386 342 436 374 ²24,
455 351 480 370 c.
499 343 564 372 369.
583 343 601 371 f.
618 344 678 374 54v;
705 343 850 371 Ponam
866 345 969 372 115840:
995 345 1176 376 R'onsxssno,

165 394 186 418 t.
204 390 256 423 111,
274 398 303 416 n⁰
320 390 393 423 399.)

207 496 220 511 «
305 486 405 515 abbati
426 487 457 515 in
475 487 626 522 Lcmmin,
653 487 859 518 cisterciensis
879 489 1014 524 ordinis,
1040 489 1177 518 Brunde-

166 538 323 575 buryensis
341 539 480 575 diocesis,
502 545 527 569 et
548 563 580 573 ..,
596 542 698 578 priori
711 543 902 579 provinciali
916 543 1053 577 fratrum
1070 542 1177 580 predi-

166 596 302 620 catorum
340 593 536 622 Alamannie.
574 594 618 622 Ex
656 598 748 632 parte
780 594 976 625 dilectorum
1015 589 1063 624 —'.
1100 596 1172 625 Dat.

165 644 316 682 Neapoli.
334 645 431 674 nonis
448 645 537 681 maii,
557 655 643 675 anno
658 646 775 685 primo.
792 660 805 674 n

237 814 321 842 45¹
787 818 904 853 Naples,
921 819 934 845 5
952 819 1006 845 mai
1024 819 1102 846 4255.

203 875 293 902 Fratri
312 876 481 911 Raymundo
498 877 532 904 de
550 877 714 905 Pennaforti
732 880 860 914 mandat,
879 884 909 907 ut
925 881 1088 907 cessionem
1105 880 1176 907 Iler—

167 923 266 950 densis
283 925 410 960 episcopi
428 926 545 961 recipiat
560 927 644 962 eique
661 928 853 962 provisionem
869 937 1025 964 congruam
1042 929 1077 956 de
1093 930 1177 956 bonis

168 974 382 1008 episcopalibus
405 983 456 1009 pro
480 977 691 1003 sustentatione
717 978 857 1012 assignet.
887 978 969 1010 (ltro.
995 978 1037 1010 24,
1064 987 1089 1006 c.
1114 978 1175 1010 370,

168 1022 188 1048 f.
206 1022 253 1056 553
274 1021 419 1050 POTTHAST
436 1024 541 1058 15838.)

212 1129 224 1143 «
244 1118 350 1147 Fratri
370 1119 551 1156 Raymundo
571 1120 604 1149 de
627 1121 822 1158 Pennaforti,
849 1123 969 1152 ordinis
985 1123 1179 1160 praedicato-

169 1179 252 1205 rum,
271 1172 427 1208 capellano
442 1177 554 1201 nostro.
574 1173 688 1212 Usque
704 1174 739 1203 in
755 1178 922 1204 senectam
939 1192 988 1204 —.
1006 1175 1077 1205 Dat.
1095 1176 1178 1206 Nea-

168 1221 246 1260 poli,
267 1223 318 1252 111
336 1232 440 1253 nonas
458 1224 550 1259 maii,
568 1234 654 1255 anno
669 1226 787 1264 primo.
807 1239 820 1254 ))

241 1381 328 1409 452
791 1384 906 1419 Naples,
925 1385 940 1412 9
957 1387 1011 1412 mai
1029 1386 1106 1414 1255.

210 1441 416 1479 Bonoliomjni,
434 1444 564 1470 familiari
581 1444 602 1471 Ι.
619 1453 642 1472 s.
662 1445 771 1473 Nicolai
794 1447 821 1473 in
843 1455 958 1474 carcere
973 1447 1102 1475 Tulliana
1116 1450 1180 1477 dia-

171 1491 235 1517 coni
251 1491 414 1525 cardinalis,
432 1496 459 1518 et
476 1492 560 1520 Petro
577 1493 679 1528 Fabi-o,
697 1495 753 1522 civi
769 1504 897 1530 romano⁷
915 1496 1060 1531 fratribus,
1077 1506 1179 1525 conce-

171 1539 212 1566 dit
235 1540 269 1566 de
295 1540 376 1566 bonis
398 1540 577 1568 Cataniensis
602 1543 741 1570 ecclesiae
765 1544 907 1571 redditum
932 1545 1085 1582 frumenti⁷
1109 1547 1178 1580 vini,

172 1589 226 1615 olei
242 1592 270 1615 et
286 1590 402 1615 aliarum
420 1598 514 1617 rernm
534 1590 641 1618 dudum
660 1600 709 1626 per
730 1593 757 1619 b.
782 1601 818 1619 m.
840 1592 1040 1621 cataniensem
1065 1597 1180 1631 episeo-

173 1645 238 1670 pum
259 1637 383 1671 Rogcrio
400 1637 630 1674 Benetevengiae
648 1640 704 1666 civi
720 1644 748 1667 et
765 1643 915 1668 mercatori
933 1651 1061 1677 romano,
1078 1652 1179 1672 socero

171 1694 285 1727 eorum,
310 1687 373 1712 sine
395 1688 511 1722 capituli
534 1687 715 1716 Cataniensis
732 1698 854 1716 assensu
878 1699 1051 1719 concessum
1069 1693 1096 1720 in
1115 1694 1179 1720 feu-

171 1735 248 1762 dum.
265 1735 346 1769 (Res.
365 1736 411 1766 34,
430 1744 456 1763 c.
473 1736 539 1767 371,
562 1737 580 1763 f.
599 1738 655 1770 55.)

212 1843 223 1856 «
243 1831 455 1866 Bonohomini,
475 1833 634 1867 familiari
651 1833 754 1863 dilecti
769 1834 831 1871 filii·
853 1837 951 1864 nostri·
966 1837 991 1865 I.
1008 1838 1109 1866 sancti
1123 1839 1179 1867 Ni-

169 1884 247 1912 colaz'
267 1884 298 1912 in
316 1892 434 1913 carcere
454 1885 600 1914 Tulliana
623 1885 747 1915 diaconi
767 1887 950 1924 cardinalis,
975 1894 1001 1918 et
1017 1890 1103 1919 Petro
1119 1891 1179 1920 Fa-‘

168 1936 229 1970 bro,
248 1937 310 1965 civi
326 1945 464 1971 romano,
481 1938 643 1973 fratribus.
661 1937 768 1968 Officii
786 1940 892 1969 nostri
913 1941 1061 1971 debitum
1077 1943 1179 1981 exigit-

168 1992 198 2018 et
216 1988 322 2026 pietas
340 1989 516 2026 persuadet
531 1994 566 2020 ut
583 1990 806 2022 benemeritos
822 1997 853 2022 et
872 1993 1006 2024 devotos
1023 1995 1178 2033 specialis

166 2040 290 2070 favoris
307 2041 413 2078 gratia
430 2051 681 2081 prosequamur.
694 2044 852 2076 Volentes
867 2046 970 2083 igitur
982 2047 1085 2083 vohis,
1100 2057 1178 2079 con-

166 2093 379 2132 templatione
406 2094 518 2136 dilecti
543 2096 605 2125 filii
630 2098 735 2127 nostri
761 2092 787 2128 1}
818 2100 925 2129 sancti
947 2101 1120 2131 Laurentii
1142 2102 1177 2132 in

166 2156 297 2177 carcere
310 2148 463 2178 Tulliana
477 2149 608 2179 diaconi
622 2142 813 2186 cardinalis,
829 2153 922 2191 cujus
937 2157 971 2183 tu
985 2154 1178 2186 Bonehomo

164 2200 295 2230 insistis
313 2201 493 2239 obsequiis,
512 2202 652 2239 gratiam
670 2203 779 2234 facere
799 2205 988 2242 specialem,
1011 2207 1177 2237 redditum

164 2253 336 2289 frumenti,
357 2253 438 2289 vini,
457 2254 521 2284 olei
538 2258 569 2285 et
585 2256 803 2293 quarumdam
821 2257 962 2287 aliarum
982 2268 1094 2289 rerum
1116 2260 1177 2290 du-

165 2306 242 2335 dum
250 2315 308 2344 per
317 2306 401 2336 bone
415 2307 573 2338 memorie
585 2331 617 2342 ..‚
629 2308 891 2340 Cathaniensem
900 2311 1101 2350 episcopum,
1114 2313 1175 2344 Ro-

164 2358 254 2396 gerio
284 2359 529 2397 Behetevengie
558 2361 624 2390 civi
645 2365 677 2391 et
703 2363 878 2393 mercatori
898 2373 1035 2395 romano
1062 2374 1175 2396 socero

162 2415 272 2441 vestro
300 2411 373 2441 sine
397 2412 534 2450 capituli
557 2413 794 2445 Cathaniensis
815 2424 956 2446 assensu
981 2426 1174 2448 concessum

162 2463 197 2493 in
212 2464 359 2499 feudum,
377 2469 473 2502 prout
490 2465 525 2494 in
543 2466 674 2503 publico
691 2467 914 2499 instrumento
929 2469 1006 2500 inde
1025 2472 1174 2502 confecto

161 2515 293 2554 plenius
311 2517 509 2553 continetur,
527 2518 621 2548 vobis
638 2524 669 2549 et
684 2519 864 2552 heredibus
889 2523 1010 2553 vestris
1032 2524 1071 2554 de
1090 2533 1174 2555 novo

162 2569 374 2599 concedimus
386 2570 424 2600 de
440 2570 537 2600 bonis
548 2571 785 2603 Cathaniensis
797 2574 948 2611 ecclesie,
963 2577 1091 2606 tamdiu
1102 2586 1174 2616 per-

161 2622 351 2661 cipiendum
368 2632 386 2653 a
404 2623 497 2653 vobis
513 2624 616 2654 donec
632 2625 869 2657 Cathaniensis
890 2629 1063 2667 episcopus
1079 2630 1173 2661 vobis

161 2683 219 2704 seu
236 2675 355 2705 vestris
372 2675 551 2706 heredibus
567 2677 602 2706 in
619 2676 840 2716 equivalentis
856 2680 1005 2712 redditus
1022 2682 1120 2712 feudo
1134 2683 1173 2713 de

160 2726 256 2757 bonis
277 2728 384 2766 ipsius
405 2728 543 2759 ecclesie
569 2729 698 2760 duxerit
718 2732 969 2769 providendum.
995 2735 1089 2764 Nulli
1109 2739 1168 2766 etc.

161 2783 271 2810 nostre
288 2781 514 2812 concessionis
533 2786 594 2812 etc.
612 2783 686 2812 Dat.
705 2784 861 2823 Neapoli.
887 2786 950 2816 VII
976 2786 1050 2818 idus
1073 2788 1169 2824 maii,

160 2841 246 2862 anno
262 2833 378 2870 primo.
396 2846 409 2859 n

1331 247 1420 275 453
1849 247 1965 283 Naples,
1982 248 2016 276 ΞΕ)
2031 249 2100 275 avril
2119 249 2195 276 ¹255.

1298 307 1444 342 Raynaldo
1469 314 1497 334 et
1518 308 1674 335 Tliolomeo
1694 308 1812 340 Jacobi,
1833 309 2034 344 campsoribus
2054 311 2132 344 suis,
2153 309 2269 338 Tavene
2316 320 2318 322 ·

1219 355 1223 386 ,ἱ
1259 356 1407 383 Tholomei
1423 361 1494 391 etc.,
1513 357 1626 384 civibus
1642 357 1823 384 senensibus
1834 379 1840 391 ,
1859 358 1894 384 de
1917 358 2066 392 parrochia
2085 358 2226 385 ecclesiae
2241 366 2266 386 s.

1260 404 1429 432 christofori
1445 406 1479 432 ad
1496 406 1597 433 domos
1613 414 1711 433 eorum
1724 406 1752 433 in
1769 406 1899 433 diversas
1913 406 2039 433 civitatis
2053 406 2193 433 Senensis
2204 415 2270 442 par·

1218 457 1222 469 ·“
1261 455 1376 481 rochias
1398 455 1479 488 ipsos
1504 455 1763 489 transferentibus,
1789 456 1922 482 concedit
1947 455 2109 482 facultatem
2133 455 2268 483 audiendi

1260 503 1466 530 nichilominus
1482 503 1577 529 divina
1592 503 1682 530 officia
1696 504 1721 530 in
1736 504 1858 531 ecclesia
1869 511 1894 531 S.
1911 503 2081 531 christofori
2093 508 2122 531 et
2137 504 2268 540 ejusdem

1260 551 1430 586 presbytero
1447 556 1563 586 peccata
1583 552 1748 579 confitendi.
1765 552 1848 586 (Rue.
1867 552 1912 584 24,
1929 560 1954 580 c·
1973 552 2034 584 372.
2051 553 2069 579 f.
2087 554 2141 584 55.)

1302 664 1314 679 «
1340 653 1495 682 Nobilibus
1517 654 1596 683 viris
1612 654 1768 692 Baynaldo
1787 659 1813 683 et
1832 655 1986 686 Tholomeo
2000 655 2113 688 Jacobs,
2131 663 2269 692 campso-

1259 706 1345 735 ribus
1364 707 1486 741 nostris,
1506 707 1621 736 Tavene
1639 707 1790 736 Tholomei
1810 712 1837 736 et
1854 708 2010 737 universis
2025 707 2270 738 descendentibus

1259 767 1278 787 a
1302 759 1456 796 quondam
1478 759 1584 789 Jacobo
1606 764 1632 788 ee
1658 760 1813 789 Tltolomeo
1834 760 1868 789 de
1889 761 2005 796 Platea,
2023 761 2270 798 proyenz'toribus

1259 813 1380 852 cestris,
1405 813 1523 841 civibus
1541 813 1733 842 Senensibus.
1757 813 1857 848 Cum,
1879 813 1964 843 sicut
1985 822 2023 843 ex
2046 817 2139 852 parte
2160 817 2270 844 vestra

1259 864 1323 894 fuit
1349 865 1553 903 propositum
1581 874 1691 896 coram
1716 866 1829 902 nobis,
1858 866 1897 896 de
1924 866 2098 905 parrochia
2130 858 2270 897 ecclesie

1260 917 1367 947 sancti
1395 917 1596 949 Christofori
1620 919 1653 948 in
1685 928 1750 958 qua
1776 927 1902 949 moram
1927 919 2060 950 trahitis
2090 919 2131 950 ad
2157 919 2271 950 domos

1261 978 1342 1008 quas
1360 970 1393 999 in
1410 970 1552 1001 diversis
1571 971 1716 1001 civitatis
1733 971 1892 1002 Senensis
1909 971 2095 1010 parrochiis
2112 971 2271 1003 obtinetis

1260 1023 1451 1061 proponatis
1467 1033 1523 1054 vos
1542 1023 1715 1054 habitandi
1734 1033 1833 1055 causa
1849 1025 2047 1060 transferre,
2069 1033 2128 1055 nos
2149 1023 2271 1056 vestris

1261 1075 1560 1114 supplicationibus
1583 1077 1754 1113 inclinati,
1778 1077 1872 1108 vohis
1895 1082 1926 1108 et
1948 1077 2116 1108 universis
2139 1086 2176 1108 ac
2199 1076 2272 1108 sin-

1261 1128 1404 1166 gulis‘de
1420 1130 1559 1160 familiis
1576 1130 1695 1160 vestris
1714 1130 1889 1169 utriusque
1905 1138 2014 1167 sexus,
2031 1134 2067 1160 ut
2086 1138 2142 1160 vos
2158 1134 2190 1160 et
2205 1129 2272 1169 ipsi

1262 1190 1298 1211 ac
1324 1181 1426 1211 vestri
1453 1190 1490 1211 ac
1512 1190 1625 1212 eorum
1650 1182 1790 1212 heredes
1817 1182 1931 1212 audire
1955 1182 2195 1212 nichilominus
2220 1181 2271 1212 di·-

1261 1234 1340 1263 vina
1370 1234 1477 1264 officia
1503 1235 1539 1264 in
1568 1235 1682 1265 eadem
1713 1235 1853 1265 ecclesia
1877 1235 1984 1265 sancti
2012 1234 2213 1266 christofori
2239 1238 2272 1265 et

1261 1287 1410 1326 ejusdem
1439 1287 1577 1318 ecclesie
1607 1288 1791 1326 presbitero
1817 1288 1954 1326 possitis
1984 1292 2095 1318 vestra
2120 1287 2272 1318 confiteri

1260 1343 1410 1378 peccata,
1439 1339 1579 1370 liberam
1606 1339 1818 1370 concedimus
1845 1340 2040 1370 auctoritate
2065 1340 2273 1378 presentium

1261 1392 1465 1422 facultatem.
1497 1392 1590 1423 Nulli
1620 1396 1679 1423 etc.
1711 1397 1822 1423 nostre
1853 1393 2080 1424 concessionis
2107 1397 2168 1424 etc.
2195 1393 2270 1424 Dat.
2310 1415 2338 1425 ψ.

1261 1444 1412 1483 Neapoli,
1434 1446 1484 1475 111
1502 1445 1663 1475 kalendas
1679 1445 1771 1480 maii,
1790 1454 1876 1475 anno
1892 1445 2010 1484 primo.
2033 1458 2046 1473 s>

1331 1616 1422 1644 454

1297 1677 1429 1712 Capitulo
1445 1679 1584 1705 ecclesiae
1600 1687 1624 1706 s.
1643 1679 1776 1705 Andreae
1791 1678 2072 1713 Gratianopolitanae
2087 1678 2228 1713 indulget,
2241 1682 2273 1706 ut

1262 1727 1288 1753 in
1306 1727 1446 1753 cimiterio
1462 1727 1555 1762 ipsius
1575 1735 1626 1753 eos
1647 1727 1695 1761 qui
1711 1728 1850 1762 elegerint
1866 1727 1970 1754 ibidem
1986 1727 2165 1762 sepulturam
2181 1734 2270 1762 sepe-

1262 1776 1312 1802 lire
1329 1776 1430 1803 valeat.
1445 1776 1529 1809 (Rau.
1546 1776 1590 1807 ⁴24,
1608 1784 1634 1803 c.
1652 1776 1717 1808 373,
1734 1777 1753 1803 f.
1771 1777 1827 1809 55.)

1850 1616 1968 1652 Naples.
1984 1617 2018 1643 27
2034 1617 2104 1644 avril
2124 1617 2200 1644 1255.

1303 1889 1316 1904 <‹
1335 1900 1369 1912 ..,
1385 1879 1537 1916 preposito
1555 1883 1580 1907 et
1588 1879 1730 1916 -capitulo
1748 1879 1866 1907 ecclesie
1885 1879 1986 1908 sancti
2009 1878 2126 1907 Andr-ee
2149 1878 2272 1908 Gratio-

1260 1930 1446 1967 nopolicane.
1472 1930 1591 1960 Vestre
1609 1930 1795 1960 devotionis
1815 1930 1935 1960 merita
1953 1938 2013 1960 nos
2037 1929 2200 1960 inducunt
2221 1933 2268 1965 ut,

1260 1991 1317 2012 vos
1337 1983 1450 2013 favore
1471 1983 1624 2013 benivolo
1642 1987 1893 2022 prosequentes,
1911 1992 1975 2022 que
1992 1983 2082 2022 juste
2101 1983 2214 2021 petitis
2230 1982 2272 2014 ad

1261 2025 1484 2068 exauditionis
1512 2038 1651 2075 gratiam
1683 2038 1908 2068 admittamus.
1933 2038 2063 2068 Vestris
2084 2037 2188 2075 igitur
2213 2037 2271 2068 de-

1259 2091 1344 2121 votis
1362 2091 1516 2130 precibus
1542 2091 1706 2127 inclinati,
1726 2095 1762 2121 ut
1784 2100 1840 2121 eos
1863 2091 1921 2130 qui
1939 2090 1980 2120 ad
2000 2090 2174 2121 ecclesiam
2194 2098 2271 2121 ves·-

1259 2147 1343 2173 tram
1360 2144 1566 2182 sepulturam
1582 2144 1754 2182 elegerint,
1769 2153 1836 2174 non
1853 2144 2006 2174 obstante
2019 2143 2131 2183 aliquo
2147 2146 2273 2174 statuto

1259 2206 1318 2227 seu
1341 2197 1549 2227 ordinatione
1570 2198 1746 2228 contrariis
1763 2207 1781 2228 a
1799 2206 2008 2237 quocumque
2026 2196 2159 2232 edictis,
2175 2196 2270 2236 jura.-

1258 2254 1369 2280 mento
1383 2250 1434 2280 vel
1446 2259 1654 2290 quacumque
1671 2250 1736 2280 alia
1751 2250 1939 2281 firmatione
1954 2249 2098 2285 vallatis,
2111 2249 2270 2280 ecclesia·
2307 2286 2311 2288 ῃ
2338 2280 2342 2284 ,

1257 2312 1332 2332 rum
1342 2302 1477 2333 illarum
1488 2312 1506 2333 a
1517 2303 1638 2342 quibus
1651 2307 1868 2333 assumuntur
1877 2312 2013 2342 corpora
2023 2303 2266 2337 defunctorum,

1258 2354 1349 2385 salva
1361 2355 1511 2394 portione
1525 2355 1762 2391 ecclesiastiea,
1771 2355 1806 2385 in
1817 2359 1926 2386 vestro
1938 2355 2102 2386 cimiterio
2113 2354 2266 2394 sepelire,

1258 2408 1453 2438 auctoritate
1478 2408 1572 2438 vobis
1596 2408 1804 2446 presentium
1832 2407 2057 2446 indulgemus.
2085 2407 2180 2438 Nulli
2203 2412 2265 2438 etc.

1256 2465 1368 2490 nostre
1391 2461 1628 2491 concessionis.
1654 2462 1728 2490 Dat.
1755 2461 1910 2499 Neapoli,
1935 2462 1964 2491 V
1983 2460 2143 2491 kalendas
2167 2459 2266 2494 maii,

1256 2522 1342 2544 anno
1356 2514 1475 2552 primo.
1496 2526 1508 2540 »

1325 2685 1417 2714 455

1294 2746 1409 2773 Uecano
1425 2747 1564 2774 ecclesiae
1586 2746 1753 2774 Briocensis
1773 2750 1801 2773 et
1819 2745 2042 2774 successoribus
2056 2746 2121 2780 ejus
2137 2746 2166 2772 in
2181 2745 2263 2773 futu-

1256 2806 1318 2824 rum
1336 2798 1485 2824 confirmat
1501 2798 1709 2832 praerogativa,
1723 2801 1879 2833 proventus
1890 2797 2065 2823 decimarum
2078 2796 2112 2823 ab
2123 2797 2266 2832 episcopo

1255 2844 1416 2877 Briocensi,
1433 2846 1468 2872 de
1484 2854 1628 2872 consensu
1646 2846 1763 2882 capituli
1774 2845 1904 2880 ejusdem
1916 2845 2054 2872 ecclesiae
2069 2849 2097 2871 et
2111 2845 2263 2872 confirma-

1875 2684 1992 2720 Naples,
2010 2686 2024 2711 7
2041 2685 2097 2722 mai
2111 2685 2191 2712 1255.
