2498 3325
222 257 281 288 254
947 262 1186 293 REGISTRES
1208 261 1515 293 D'ALEXANDRE
1537 265 1594 294 IV.

224 323 312 353 dinis
329 323 483 359 existant,
500 333 558 362 per
568 325 656 355 viam
668 326 787 366 judicii
797 328 929 368 justitie
941 328 1230 367 complementum,

225 385 279 407 eos
305 377 344 406 ad
365 377 413 412 id,
441 377 469 407 si
492 386 627 409 necesse
648 380 765 417 suerit,
792 381 976 412 monitione
997 381 1159 420 premissa
1174 390 1232 420 per

223 437 399 459 censuram
415 429 676 461 ecclesiasticam
695 432 916 472 appellatione
938 434 1121 472 postposita
1142 443 1232 464 com-

222 481 397 520 pescendo.
423 482 497 512 Non
522 483 673 515 obstante
701 485 730 515 si
751 485 919 525 aliquibus
939 487 1160 517 communiter
1179 487 1232 517 vel

223 534 355 564 divisim
374 543 392 564 a
408 535 490 565 Sede
507 536 687 574 apostolica
703 538 747 569 sit
768 538 935 569 indultum
950 557 1002 575 —,
1022 544 1053 570 et
1069 540 1231 570 constitu-

223 587 312 616 tione
328 586 366 616 de
385 587 513 618 duabus
529 588 627 619 dietis
646 590 734 620 edita
750 591 784 620 in
799 591 939 622 concilio
958 592 1116 630 generali,
1135 593 1231 622 dum-

222 639 317 669 modo
333 639 421 669 ultra
444 641 574 671 tertiam
598 642 649 673 vel
671 648 823 682 quartam
840 648 899 675 etc.
919 646 1137 676 Presentibus
1158 650 1231 684 post

223 692 405 721 triennium
430 696 490 723 etc.
514 695 587 724 Dat.
614 696 782 734 Anagnia,
811 698 892 728 VIII
916 698 992 728 idus
1015 699 1228 737 septembris,

223 752 309 780 anno
324 754 442 783 primo.
462 757 475 773 ι»

292 915 380 944 844
769 920 895 954 Anagni,
911 920 926 947 6
942 921 1060 948 octobre
1080 921 1156 948 1‘255.

257 977 444 1014 Infrascripto
467 979 632 1015 dispensat,
660 985 705 1015 ut,
730 986 842 1016 praeter
866 983 1004 1010 beneficia
1029 984 1228 1011 ecclesiastica

217 1026 276 1059 jam
294 1026 425 1061 obtenta,
444 1030 560 1056 unicum
576 1030 652 1057 aliud
668 1030 839 1057 beneficium
855 1031 1086 1058 ecclesiasticum
1103 1033 1227 1060 similem

221 1082 318 1101 curam
341 1077 499 1104 animarum
526 1078 635 1105 habens
661 1080 789 1114 recipcre
812 1080 913 1106 valeat.
940 1080 1021 1113 (Rae.
1045 1081 1095 1115 24,
1115 1089 1141 1108 e.
1158 1081 1226 1116 673,

219 1122 239 1148 s.
257 1123 323 1154 99v.t

262 1236 275 1249 «
292 1225 412 1254 Albrico
427 1225 460 1255 de
476 1227 655 1265 Fascampo,
674 1229 831 1258 carissimi
849 1231 883 1258 in
902 1230 1021 1260 Christo
1043 1232 1106 1268 filii
1129 1233 1228 1261 nostri

218 1276 352 1306 illustris
367 1279 447 1314 repis
461 1279 480 1307 Α
488 1279 569 1315 nylie
584 1280 701 1309 clerico.
726 1280 796 1310 Etsi
814 1286 946 1320 propter
962 1282 1160 1314 ambitiones
1176 1301 1225 1313 -,

219 1328 292 1357 Dat.
310 1329 472 1366 Anagnie,
493 1331 525 1360 ΙΙ
541 1340 645 1361 nonas
664 1332 818 1369 octobris,
838 1343 924 1364 anno
940 1335 1059 1373 primo.
1077 1348 1089 1363 ι,

289 1500 376 1528 845

255 1561 347 1588 Priori
366 1565 395 1588 ct
414 1564 569 1590 conventui
585 1565 725 1591 ecclesiae
741 1566 775 1592 de
793 1565 997 1603 Hunfingdon,
1014 1569 1226 1598 Lincolniensis

218 1608 354 1642 diocesis,
371 1611 420 1645 qui
436 1611 583 1646 hospitum
599 1616 627 1639 et
643 1622 801 1648 pauperum
816 1615 855 1642 ibi
871 1616 1078 1645 confluentium
1095 1620 1225 1646 multitu-

218 1657 294 1684 dinis
311 1666 398 1685 causa
420 1668 508 1686 onera
531 1662 629 1695 gravia
646 1670 839 1697 expensarum
855 1665 954 1692 subire
979 1671 1141 1701 coguntur,
1159 1669 1226 1695 reti-

217 1706 304 1732 nendi
321 1711 436 1742 propter
451 1709 505 1735 hoc
521 1710 673 1737 ecclesiam
688 1711 723 1737 de
740 1711 922 1748 Herefordia‚
941 1715 1072 1749 ejusdem
1087 1716 1224 1752 diocesis,

218 1753 276 1780 XV
293 1763 403 1782 mareas
416 1758 563 1784 annuatim
579 1759 731 1793 valentem,
748 1760 776 1787 in
795 1770 866 1788 usus
883 1764 1027 1798 proprios,
1045 1764 1165 1792 cedente
1180 1766 1225 1792 vel

218 1802 374 1830 decedente
391 1809 510 1840 rectore,
524 1807 658 1834 concedit
670 1808 844 1836 facultatem.
856 1811 940 1843 (Res.
953 1812 997 1842 24,
1009 1821 1035 1839 c.
1048 1813 1110 1847 674,
1122 1815 1141 1840 t'.
1155 1814 1222 1847 99v.)

768 1503 894 1539 Anagni,
911 1506 925 1532 7
941 1506 1058 1533 octobre
1077 1507 1153 1534 1255.

260 1916 272 1931 α
294 1927 328 1940 ..,
342 1907 459 1943 priori,
478 1912 503 1936 et
522 1911 687 1938 conventui
699 1912 816 1940 ecclesie
832 1912 864 1941 de
880 1913 1088 1950 Hzmlimione,
1106 1916 1226 1946 ordinis

216 1959 504 1996 sanctiAuyustini,
515 1961 737 1992 Lincolniensis
750 1964 884 1994 diocesis.
897 1966 943 1996 Ex
957 1967 1142 1999 devotionis
1155 1978 1225 1999 ves-

215 2013 265 2039 tre
281 2027 329 2039 —.
349 2011 423 2040 Dat.
440 2013 603 2050 Anagnie,
622 2015 719 2045 nonis
736 2017 890 2054 octobris,
909 2027 995 2049 anno
1011 2021 1129 2058 primo.
1149 2034 1162 2048 »

287 2189 374 2217 846
759 2195 890 2230 Anagni,
907 2197 923 2223 8
939 2199 1056 2226 octobre
1074 2200 1152 2228 1255.

250 2249 438 2285 Insrascripto
454 2252 614 2288 dispensat,
628 2258 668 2289 ut,
681 2259 794 2290 praeter
805 2257 943 2285 beneficia
954 2260 1151 2288 ecclesiastica
1162 2264 1223 2297 Jam

216 2298 343 2332 obtenta,
359 2300 415 2326 duo
430 2300 485 2327 alia
508 2302 645 2329 beneficia
662 2304 785 2332 similem
800 2314 899 2334 curam
914 2309 1074 2336 animarum
1090 2311 1223 2339 habentia

215 2347 343 2381 recipere
359 2349 460 2376 valeat.
475 2349 559 2383 (Rea.
575 2351 619 2382 24,
637 2360 663 2378 c.
681 2353 743 2387 675,
762 2354 780 2381 f.
800 2355 872 2388 100.)

257 2459 270 2473 «
292 2449 419 2478 Gilbet'to
436 2451 469 2479 de
481 2451 633 2487 Milleriis,
650 2455 806 2484 carissimi
824 2457 856 2485 in
870 2458 988 2488 Christo
1000 2460 1062 2496 filii·
1075 2463 1173 2491 nostri
1187 2485 1220 2498 ..,

214 2500 347 2530 illustris
364 2504 444 2539 reyis
459 2505 567 2541 Anylie
585 2506 702 2536 clerico.
720 2508 791 2537 Etsi
806 2514 939 2547 propter
955 2512 1154 2545 ambitiones
1170 2532 1218 2544 —.

214 2553 289 2583 Dat.
305 2554 469 2592 Anagnic,
485 2557 566 2587 VIII
580 2557 655 2588 idus
673 2560 827 2596 octobris,
847 2571 934 2593 anno
948 2564 1066 2602 primo.
1086 2578 1099 2592 »

284 2730 370 2759 84⁸?
763 2737 889 2772 Anagni,
907 2740 922 2766 9
937 2741 1054 2768 octobre
1070 2743 1148 2772 1255.

248 2791 437 2828 Infrascripto
454 2794 529 2821 idem
547 2796 695 2830 dispensat
710 2798 790 2832 (Rae.
808 2790 853 2835 524,
869 2810 893 2829 c.
913 2802 973 2837 676,
991 2804 1009 2830 f.
1028 2805 1097 2837 100.)

256 2905 267 2919 α
292 2895 430 2925 Johamti
453 2897 532 2926 dicto
554 2898 590 2927 Le
612 2900 774 2938 Falconer,
798 2905 954 2935 carissimu
969 2907 1004 2936 in
1026 2908 1144 2939 Christo
1157 2910 1219 2947 filii

1314 330 1412 358 nostri
1429 330 1559 359 illustris
1574 331 1654 367 regiis
1669 331 1777 368 Analie
1794 332 1913 360 clerico.
1932 331 2003 361 Etsi
2017 335 2150 370 propter
2165 332 2320 362 ambitio-

1314 389 1372 410 nes
1388 398 1437 410 —.
1455 382 1527 411 Dat.
1547 382 1710 420 Anagnie‚
1726 383 1791 413 VII
1807 383 1881 413 idus
1895 383 2049 419 octobris,
2067 392 2153 414 anno
2169 384 2285 422 primo.
2303 397 2316 411 ,ι

1383 572 1471 600 848
1860 573 1986 606 Anagni,
2002 574 2016 599 7
2033 574 2150 600 octobre
2170 573 2246 601 1‘255.

1349 633 1486 667 Magistro
1502 639 1529 660 et
1545 634 1681 660 fratribus
1696 633 1854 668 Hospitalis
1864 633 2109 669 Jerosotymitani‚
2123 643 2157 661 nc
2170 635 2318 670 Hospitate

1312 682 1406 716 ipsum
1425 682 1646 717 irreparabiliter
1662 683 1689 709 in
1713 691 1799 717 grave
1815 682 1919 709 Terrae
1940 682 2062 710 Sanctae
2083 684 2241 718 periculum
2257 684 2317 710 col-

1312 730 1431 762 labatur,
1449 731 1582 758 concedit
1598 732 1810 766 redemptiones
1826 732 1883 758 voti
1899 731 2182 766 crucesignatorum,
2199 733 2318 759 restitu-

1311 779 1404 805 tiones
1423 781 1618 806 usurariorum
1638 781 1664 807 in
1679 780 1778 807 ultima
1790 781 1944 813 voluntate,
1957 781 2106 815 legataque
2117 789 2132 807 a
2144 785 2317 808 testamento

1312 828 1338 854 in
1351 828 1514 854 subsidium
1527 828 1619 855 dictae
1628 829 1732 855 Terrae
1744 834 1824 856 extra
1836 837 1956 864 regnum
1969 829 2167 856 Alamanniae.
2176 829 2258 864 (Rea.
2270 829 2316 862 24,

1310 884 1336 902 c.
1354 876 1415 907 677,
1433 877 1452 904 f.
1470 877 1542 910 100.)

1351 990 1364 1004 α
1379 1001 1413 1013 ..,
1426 979 1573 1016 maqistro
1585 980 1770 1015 etsratribus
1779 980 1944 1017 Hospitalis
1954 980 2208 1009 Jerosolimitani.
2220 979 2315 1015 Cum,

1310 1031 1396 1061 sicut
1412 1032 1610 1070 accepimus,
1626 1031 1789 1070 hospitale
1804 1037 1951 1063 vestrum
1969 1032 2172 1071 importabili
2187 1041 2317 1071 prema-

1309 1088 1362 1113 tur
1379 1084 1510 1114 sarcina
1526 1084 1723 1119 debitorum,
1746 1094 1763 1115 a
1789 1094 1853 1124 qua
1874 1094 1933 1124 per
1951 1086 2100 1124 proprios
2120 1085 2269 1116 redditus
2285 1089 2317 1116 et

1309 1141 1488 1174 proventus
1508 1141 1641 1176 propter
1658 1138 1821 1168 malitiam
1838 1139 1995 1176 temporis
2012 1138 2153 1168 nimium
2169 1138 2318 1168 diminu-

1310 1193 1358 1219 tos
1375 1193 1405 1220 et
1423 1190 1476 1219 vix
1491 1190 1694 1220 sufficientes
1709 1191 1860 1229 voragini
1873 1200 2051 1221 usurarum
2063 1191 2236 1221 exonerari
2250 1199 2316 1221 non

1306 1246 1424 1280 potest,
1438 1243 1504 1272 nisi
1516 1243 1641 1273 eisdem
1653 1244 1778 1273 feratur
1790 1243 1972 1282 presidium
1987 1243 2133 1278 aliunde,
2148 1252 2219 1279 nos,
2239 1252 2314 1274 ves-

1308 1295 1368 1324 tris
1384 1295 1641 1325 necessitatibus
1660 1300 1797 1333 paterno
1818 1296 2056 1334 compatientes
2072 1296 2207 1331 affectu,
2225 1300 2256 1326 et
2275 1304 2317 1327 ne

1308 1347 1471 1385 hospitale
1501 1347 1609 1386 ipsum
1639 1352 1674 1378 ut
1704 1348 1840 1378 timetur
1868 1348 2132 1386 irreparabiliter
2159 1348 2193 1377 in
2217 1356 2316 1386 grave

1307 1400 1406 1430 Terre
1424 1400 1543 1430 Sancte
1560 1400 1745 1438 periculum
1768 1400 1968 1436 collabatur,
1994 1401 2139 1431 remedio
2157 1409 2222 1440 quo
2239 1409 2316 1439 pos-

1309 1461 1424 1482 sumus
1436 1453 1501 1483 sibi
1515 1453 1693 1483 subvenire
1707 1453 1866 1488 volentes,
1880 1453 1966 1492 quod
1979 1453 2017 1483 de
2031 1453 2316 1492 redemptionibus

1308 1509 1458 1535 votorum
1474 1506 1789 1543 Crucesignatorum
1802 1506 1837 1535 in
1853 1505 1999 1544 predicte
2015 1507 2114 1536 Terre
2128 1506 2317 1536 subsidium

1309 1568 1390 1598 quos
1408 1568 1426 1588 a
1444 1559 1676 1597 prosecutione
1698 1559 1766 1588 voti
1787 1559 1839 1589 sui
1864 1563 2040 1597 paupertas
2060 1559 2112 1589 vel
2133 1558 2316 1597 probabilis

1307 1621 1524 1650 personarum
1541 1612 1695 1642 debilitas
1712 1621 1770 1642 seu
1787 1612 1920 1642 obtenta
1936 1621 1994 1650 per
2017 1612 2135 1642 Sedent
2159 1611 2317 1651 apostoli-

1308 1673 1379 1694 cam
1395 1665 1600 1703 dispensatio
1617 1665 1865 1695 communitatis
1881 1665 1916 1694 in
1933 1665 2021 1695 reale
2038 1664 2225 1695 subsidium
2240 1673 2316 1703 per-

1308 1718 1432 1754 sonale,
1451 1719 1678 1748 executionem
1694 1719 1760 1748 voti
1776 1718 1967 1757 hujusmodi
1985 1718 2172 1754 excusabat,
2187 1726 2315 1748 necnon

1308 1772 1393 1815 et-de
1416 1772 1544 1807 usuris,
1563 1771 1690 1810 rapinis
1710 1775 1740 1802 et
1759 1771 1842 1802 alias
1858 1780 2066 1810 quocumque
2083 1771 2178 1801 modo
2197 1771 2315 1802 illicite

1308 1824 1482 1863 acquisitis
1495 1833 1557 1863 que
1570 1824 1684 1854 fideles
1699 1824 1857 1853 mandant
1868 1824 2000 1854 restitui
2017 1824 2052 1854 in
2067 1823 2187 1854 ultima
2201 1823 2315 1854 volun-

1308 1881 1373 1908 tate
1390 1877 1442 1907 vel
1460 1877 1538 1907 dum
1551 1877 1678 1912 vivunt,
1701 1877 1798 1906 etiam
1817 1877 1845 1905 si
1862 1876 2019 1914 sospitate
2036 1877 2201 1911 fruantur,
2220 1876 2314 1906 resti-

1309 1934 1399 1959 tuere
1417 1934 1494 1959 sunt
1512 1929 1634 1967 parati,
1654 1929 1683 1958 si
1701 1929 1823 1968 quibus
1840 1928 1958 1958 horum
1980 1928 2147 1958 restitutio
2169 1928 2242 1958 fieri
2261 1928 2314 1959 de-

1307 1983 1382 2013 beat
1411 1982 1556 2012 inveniri
1585 1982 1720 2011 omnino
1751 1990 1816 2011 non
1844 1981 1972 2019 possint
1988 1991 1993 2015 3
2029 1981 2068 2010 de
2105 1981 2314 2012 testamentis

1307 2044 1437 2074 quoque
1462 2035 1610 2073 ipsorum
1632 2033 1780 2063 fidelium
1803 2043 1865 2072 quc
1889 2033 2043 2071 legantur
2067 2033 2102 2062 in
2125 2033 2314 2063 subsidium

1307 2089 1391 2118 dicte
1408 2089 1601 2123 Terre,non
1618 2087 1782 2125 expressis
1796 2087 1877 2116 locis
1894 2086 2063 2125 aliquibus
2081 2086 2133 2116 vel
2148 2086 2311 2124 personis,

1307 2150 1412 2180 usque
1429 2150 1465 2170 ac
1489 2149 1651 2170 summam
1670 2140 1810 2169 duorum
1830 2139 1961 2168 milium
1982 2148 2168 2169 marcarum
2184 2140 2313 2178 argenti

1306 2194 1506 2231 ubicumque
1530 2193 1676 2222 locorum
1701 2196 1791 2222 extra
1817 2200 1957 2229 regnum
1974 2191 2148 2222 Alamanie
2164 2192 2312 2230 recipere

1306 2246 1455 2281 valeatis,
1473 2245 1667 2276 auctoritate
1684 2245 1776 2274 vobis
1795 2244 2000 2283 presentium
2016 2244 2248 2282 indulgemus:
2266 2244 2314 2274 ita

1306 2299 1393 2338 quod
1416 2298 1596 2336 largientes
1619 2298 1713 2327 vobis
1732 2297 1770 2327 de
1791 2297 1982 2336 hujusmodi
2003 2297 2044 2327 ad
2065 2297 2313 2327 restitutionem

1306 2361 1365 2382 seu
1381 2351 1643 2381 satisfactionem
1659 2350 1759 2380 aliam
1774 2359 1832 2389 pro
1848 2349 1915 2379 hiis
1929 2358 1992 2388 que
2004 2349 2097 2380 vobis
2109 2349 2312 2380 contulerint

1306 2408 1337 2434 et
1350 2404 1398 2434 eis
1414 2413 1472 2442 per
1487 2403 1614 2433 fraudis
1631 2407 1854 2433 commentum
1869 2402 2024 2432 restituta
2035 2410 2101 2432 non
2117 2402 2242 2432 fuerint
2251 2401 2311 2431 mi-

1305 2457 1394 2487 nime
1411 2461 1595 2492 teneantur,
1612 2456 1668 2486 sed
1680 2456 1720 2486 ad
1732 2455 1974 2486 restituendum
1989 2455 2170 2489 residuum,
2184 2454 2311 2494 siquod

1304 2510 1417 2544 fuerit,
1430 2513 1623 2539 remaneant
1636 2508 1876 2538 nichilominus
1891 2507 2040 2545 obligati.
2055 2507 2148 2538 Nulli
2160 2511 2220 2538 etc.
2236 2516 2309 2538 nos-

1305 2568 1352 2594 tre
1384 2562 1610 2593 concessionis
1635 2566 1696 2592 etc.
1722 2562 1795 2591 Dat.
1825 2560 1992 2598 Anagnie,
2024 2560 2121 2590 nonis
2148 2559 2307 2595 octobris,

1303 2624 1390 2645 anno
1407 2615 1522 2654 primo.
1545 2627 1557 2641 »ι

1372 2801 1459 2831 849
1849 2797 1975 2831 Anagni,
1992 2797 2007 2823 5
2022 2796 2139 2823 octobre
2156 2796 2233 2824 1255.

1337 2866 1549 2893 Archidiacono
1565 2864 1599 2889 de
1628 2863 1737 2892 Blavia,
1762 2859 1986 2895 Burdegalensis
2007 2858 2148 2892 diocesis,
2173 2858 2305 2890 mandat,

1301 2916 1437 2951 quatinus
1452 2913 1570 2940 [terium
1591 2911 1739 2939 Bertrandi
1756 2919 1787 2937 se
1802 2911 1980 2936 asserentem
1998 2914 2151 2942 pauperem
2167 2907 2304 2935 clericum
