2498 3325
974 230 1198 267 PREMIERE
1221 230 1378 267 ANNEE.
1753 261 1756 263 ,
2169 238 2224 269 203

128 307 291 342 rumdem,
309 306 483 336 ecclesiam
500 305 538 335 de
555 305 714 336 Corcellis
732 314 807 335 cum
822 304 930 334 vineis
949 303 1035 332 dicto
1051 303 1089 332 G.
1108 306 1138 331 et

129 359 312 398 predictam
333 358 507 388 ecclesiam
528 358 566 388 de
590 358 753 396 Bergilles
773 357 900 395 prefato
923 357 964 385 H.
988 355 1138 385 conferas

131 415 163 441 et
184 411 344 448 assignes.
369 411 443 440 Dat.
466 410 629 448 Anagnie,
652 411 685 440 ΙΙ
705 409 864 439 kalendas
886 407 1029 445 augusti,
1052 416 1139 436 anno

130 463 248 501 primo.
269 474 281 489 n

204 667 286 695 (32¹

173 728 384 762 [YVidukindoL
399 729 553 762 Mindensi,
568 733 596 755 et
611 727 788 762 {Get-bardol,
803 727 942 753 Vei-densi
955 725 1101 760 episcopis
1112 728 1141 750 et.

132 778 312 804 thesaurario
327 778 467 804 ecclesiae
483 777 802 810 Hammemburgensis,
821 775 987 801 Bremensis
1003 774 1139 806 diocesis,

134 817 260 859 mandat,
278 829 309 851 ut
322 833 438 852 causam
459 826 577 852 audiant
593 829 621 851 et
633 825 743 859 judicio
759 825 803 850 vel
819 824 972 850 concordia
987 822 1141 849 terminare

132 874 268 901 studeant
283 878 443 900 conventus
461 882 485 900 s.
502 874 645 900 Johannis
662 873 854 907 evangelistae
871 872 1050 901 Lubicensis,
1065 870 1140 896 ordi-

133 923 178 948 nis
200 930 225 949 s.
248 921 413 953 Benedicti,
431 923 480 956 qui
496 931 511 949 a
527 922 725 948 visitatoribus
744 921 953 955 archiepiscopi
975 919 1141 945 Bremensis

132 975 160 997 et
182 971 312 1005 episcopi
336 970 508 997 Lubicensis
531 971 688 1001 diocesani,
713 970 816 996 Adolso
840 969 874 995 de
899 969 998 995 ordine
1023 969 1140 994 fratrum

132 1019 275 1045 Minorum
299 1023 327 1045 et
347 1019 466 1053 collegis
490 1020 567 1050 suis,
592 1023 672 1045 extra
694 1019 899 1044 monasterium
923 1026 1008 1043 suum
1030 1018 1142 1050 ejectus

132 1068 186 1094 fuit
201 1072 229 1094 et
245 1068 294 1102 qui
311 1068 452 1102 supplicat
471 1071 502 1094 ut
513 1067 604 1094 Sedes
618 1067 783 1102 apostolica,
801 1074 865 1093 cum
880 1070 994 1101 propter
1006 1066 1142 1091 adversae

133 1117 223 1151 partis
239 1118 395 1151 potentiam
410 1125 528 1143 causam
540 1124 622 1143 suam
635 1117 694 1150 jam
712 1124 762 1150 per
777 1115 959 1149 septennium
977 1119 1003 1140 et
1018 1114 1142 1148 amplius

132 1166 283 1192 durantem
295 1165 431 1200 prosequi
444 1169 567 1199 nequeat
578 1170 750 1198 conventus,
765 1165 817 1199 ipsi
831 1164 987 1199 provideat.
1000 1164 1083 1197 (ttae.
1096 1163 1141 1195 ⁴24,

132 1223 159 1241 c.
176 1214 236 1245 546.
253 1214 272 1241 s.
291 1215 354 1246 79'3
371 1214 519 1241 Porrfflsr
537 1214 644 1246 15918.)

688 666 810 699 Anagni,
831 665 861 692 13
875 665 970 698 juillet
990 663 1066 690 1255.

176 1341 188 1354 «
213 1351 250 1363 ..,
266 1329 428 1362 Mindensi,
447 1333 473 1357 et
491 1351 523 1363 ..,
546 1328 685 1357 Verdensi
701 1329 845 1366 episcopis
862 1333 888 1356 et
905 1328 1010 1357 dilecto
1025 1328 1089 1364 filio

136 1382 329 1410 thesaurario
345 1382 462 1410 ecclesie
474 1382 805 1417 Hammemburye'nsis,
821 1382 990 1409 Bremeusis
1006 1382 1141 1410 diocesis.

135 1433 291 1463 Exhibita
309 1433 405 1463 nohis
424 1433 536 1463 dilecti
553 1451 600 1462 —.
620 1434 694 1463 Dat.
713 1433 879 1471 Anagnie.
899 1434 948 1463 III
965 1433 1039 1462 idus
1053 1433 1141 1472 julii,

135 1496 222 1516 anno
239 1486 355 1524 primo.
377 1498 390 1513 n

204 1690 292 1719 (322

170 1751 286 1778 Decano
297 1754 325 1778 et
335 1751 460 1786 capitulo
476 1750 766 1777 Cenomannensibus
779 1751 905 1777 notificat
916 1751 1084 1778 Gauii-idum
1098 1752 1144 1777 bo-

134 1809 187 1828 nae
205 1801 358 1827 memoriae
375 1799 644 1826 cenomannensem
662 1800 843 1834 episcopum,
862 1804 931 1826 tunc
946 1801 1019 1834 apud
1037 1800 1140 1826 Sedem

133 1850 322 1884 apostolicam
342 1851 532 1875 constitutum
552 1852 580 1875 et
594 1849 784 1875 infirmantem
801 1849 905 1875 ibidem
917 1869 923 1878 .
940 1849 1064 1875 Guidoni
1081 1850 1142 1875 cle-

732 1690 858 1723 Anagni,
876 1690 889 1715 7
907 1691 975 1716 aout
994 1690 1069 1716 1955.

133 1899 192 1925 rico
217 1906 271 1924 suo
296 1898 487 1932 praebendam
514 1899 541 1924 in
567 1897 689 1924 ecclesia
710 1896 940 1924 Cenomannensi
964 1898 1139 1929 contulisse-,

130 1947 233 1974 deinde
258 1947 426 1981 episcopum
447 1946 644 1973 Tusculanum
669 1947 867 1973 investituram
893 1947 1071 1981 praebendae
1092 1956 1142 1981 per

130 2004 215 2022 suum
233 1995 338 2030 pileum
355 1995 480 2022 Guidoni
498 1995 613 2022 fecisse.
630 1983 747 2021 Etsd‘em
765 1995 889 2028 mandat,
908 2000 936 2021 ut
953 1995 1078 2022 Guidoni
1092 2004 1140 2022 ca·

133 2045 298 2070 nonicatum
315 2044 474 2078 assignent,
488 2048 516 2070 et
527 2044 636 2070 officiali
649 2044 812 2070 Turonensi
827 2044 954 2078 injungit
967 2048 996 2070 nt
1007 2045 1039 2069 ad
1053 2044 1079 2070 id
1093 2053 1143 2078 per

131 2101 282 2120 censuram
300 2092 525 2119 ecclesiasticam
541 2093 703 2127 compellat.
720 2093 805 2126 (Rea.
819 2093 862 2124 ⁶24,
881 2102 906 2120 c.
924 2093 986 2127 547,
1002 2093 1021 2121 f.
1039 2094 1093 2128 80.)

174 2220 187 2233 «
207 2230 239 2241 ..,
253 2207 375 2241 decano,
391 2212 416 2236 et
432 2208 567 2245 capitulo
582 2208 867 2237 Cenomanensibus.
881 2208 971 2238 Bone
984 2209 1141 2238 memorie

132 2260 327 2295 Gausridus,
343 2260 605 2290 Cenomanensis
619 2260 804 2298 episcopus,
821 2261 905 2299 apud
920 2261 1037 2291 Sedem
1051 2271 1142 2299 apos-

132 2313 265 2343 tolicam
280 2313 492 2348 constitutus,
507 2313 584 2342 dum
596 2313 823 2343 infirmaretur
834 2314 969 2347 ibidem,
980 2314 1143 2352 probitate

133 2365 246 2396 dilecti
263 2364 325 2394 filii
341 2365 515 2400 Guidonis,
532 2365 644 2395 clerici
661 2365 723 2401 sui,
744 2374 871 2395 necnon
889 2371 919 2395 et
933 2367 1036 2403 gratis
1052 2367 1142 2397 obse-

135 2418 224 2457 quiis
241 2427 304 2456 que
320 2418 390 2456 ipse
407 2417 516 2447 Guido
531 2417 597 2447 sihi
616 2422 646 2447 et
663 2418 802 2448 ecclesie
818 2418 1063 2449 Cenomanensi
1080 2419 1143 2448 im-

134 2470 309 2509 penderat,
332 2469 469 2508 provida
492 2469 730 2500 deliberatione
755 2471 914 2508 pensatis,
942 2471 1143 2509 prebendam

135 2522 241 2561 siqua
254 2521 419 2552 vacaverit
431 2521 465 2551 in
481 2521 595 2551 eadem
609 2521 760 2557 eeclesia,
774 2526 948 2561 postquam
961 2523 1048 2553 idem
1061 2523 1144 2561 epis-

135 2583 235 2613 copus
250 2574 313 2604 iter
325 2574 365 2604 ad
376 2574 557 2612 predictam
571 2574 688 2604 Sedem
703 2575 843 2613 arripuit
855 2576 1022 2611 veniendi,
1037 2576 1145 2606 eidem

135 2627 281 2658 Guidoni
292 2627 443 2662 contulit,
456 2627 553 2657 1101115
564 2627 738 2657 humiliter
749 2628 951 2666 supplicans,
965 2634 1010 2665 ut,
1026 2639 1066 2659 ne
1084 2639 1144 2659 sua

134 2680 277 2710 intentio
295 2679 383 2709 circa
398 2680 639 2718 promotionem
657 2679 763 2718 ipsius
784 2680 819 2710 in
839 2681 987 2719 predicta
1005 2681 1146 2711 ecclesia

134 2741 194 2763 suo
216 2732 427 2762 frauderetur
449 2733 578 2768 etsectu,
603 2733 747 2762 conferri
767 2733 831 2762 sibi
857 2734 1089 2764 canonicatum
1109 2735 1145 2764 in

133 2785 248 2816 eadem
266 2784 406 2815 ecclesia
420 2784 458 2814 de
475 2784 681 2822 benignitate
699 2785 796 2815 solita
812 2786 1058 2817 mandaremus.
1076 2788 1144 2817 Nos

133 2837 249 2875 igitur,
267 2837 382 2867 eodem
400 2837 552 2876 episcopo
567 2837 655 2867 viam
672 2837 828 2868 universe
845 2839 956 2869 carnis
974 2839 1142 2877 ingresso,

135 2890 286 2921 volentes
303 2891 374 2930 ejus
390 2890 424 2920 in
441 2890 504 2920 hac
518 2895 610 2929 parte
626 2895 735 2921 ratum
750 2891 804 2930 pio
824 2892 1004 2931 adimplere
1021 2893 1144 2928 favore,

1221 302 1404 331 venerabili
1421 304 1516 333 fratri
1528 308 1639 333 nostro
1659 327 1689 339 ..,
1705 303 1856 342 episcopo
1867 303 2064 338 Tusculano⁷
2078 305 2226 343 injunxi-

1221 362 1294 383 mus
1314 355 1389 383 viva
1404 364 1492 390 voce,
1510 359 1544 384 ut
1558 355 1749 394 hujusmodi
1766 356 1995 385 canonicatum
2012 356 2075 393 ipsi
2093 358 2131 386 G.
2149 366 2227 386 auc-

1223 406 1353 435 toritate
1372 411 1484 436 nostra
1506 408 1655 437 conferre
1678 412 1808 437 curaret
1826 417 1832 436 :
1850 408 1907 445 qui
1928 409 2159 438 canonicatum
2177 409 2228 447 ip-

1223 466 1296 486 sum
1306 458 1412 487 eidem
1421 459 1459 488 G.
1471 460 1655 494 conferens,
1666 459 1836 488 investivit
1847 468 1921 488 eum
1931 469 1988 497 per
1998 469 2094 490 suum
2102 461 2228 499 pileum

1223 509 1261 539 de
1287 510 1412 539 eodem.
1438 511 1580 549 Ideoque
1603 511 1855 541 universitatem
1877 516 2020 542 vestram
2042 522 2226 548 monemus,

1222 571 1376 599 rogamus
1395 567 1426 592 et
1443 563 1614 592 hortamur
1633 568 1755 593 attente
1770 564 1964 593 mandantes
1979 565 2136 602 quatinus
2151 575 2228 595 eun-

1223 614 1297 644 dem
1310 614 1496 644 Guidonem
1512 615 1552 644 ob
1569 615 1789 645 reverentiam
1806 616 1900 645 Sedis
1917 616 2092 653 apostolice
2110 621 2141 646 61
2157 626 2229 647 1105-

1222 670 1306 696 tram
1330 667 1365 696 in
1387 668 1524 697 fratrem
1548 671 1578 697 et
1603 667 1800 697 canonicum
1823 668 2046 701 admittentes,
2069 669 2133 698 silvi
2156 679 2230 707 pre-

1222 719 1364 749 bendam
1391 719 1420 749 si
1444 724 1538 748 vacat
1566 719 1606 748 ad
1633 729 1769 757 presens
1795 719 1846 749 vel
1876 721 2041 758 quamcito
2066 722 2231 751 vacaverit

1223 772 1395 809 assignare
1417 772 1550 801 curetis.
1570 772 1643 801 Non
1666 771 1816 801 obstante
1833 776 1954 801 statuto
1971 772 2009 801 de
2026 777 2114 802 certo
2133 782 2231 802 cano-

1223 824 1374 854 nicorum
1391 833 1540 857 numero,
1555 824 1755 863 juramento.
1774 824 2022 854 confirmatione
2040 825 2228 862 apostolica.

1223 877 1274 907 vel
1300 886 1508 915 quacumque
1532 876 1687 905 firmitate
1714 876 1777 905 alia
1801 876 1953 905 roborato
1976 876 2027 905 vel
2051 877 2078 905 si
2099 877 2191 906 vobis
2215 887 2232 906 a

1225 929 1307 960 Sede
1329 929 1508 967 apostoliea
1525 929 1565 958 sit
1588 928 1754 957 indultum
1772 928 1858 966 quod
1875 929 1915 957 ad
1933 929 2153 966 receptionem
2171 929 2233 958 ali-

1224 982 1319 1021 cujus
1341 981 1479 1011 minime
1502 981 1684 1011 teneamini
1705 981 1856 1019 quodque
1878 981 1918 1010 ad
1938 981 1971 1009 id
1993 981 2155 1019 compelli,
2178 986 2233 1011 aut

1223 1034 1391 1069 interdici,
1410 1034 1569 1072 suspendi
1582 1033 1634 1063 vel
1648 1033 1927 1063 excommunicari
1944 1042 2009 1062 non
2025 1034 2159 1071 possitis
2175 1043 2233 1072 per

1224 1087 1352 1118 litteras
1372 1087 1569 1125 apostolicas
1587 1087 1719 1124 plenam
1739 1090 1769 1115 61
1786 1095 1973 1123 expressam
1991 1095 2056 1115 non
2074 1087 2234 1116 facientes

1225 1140 1263 1169 de
1287 1140 1416 1169 indulto
1437 1140 1629 1179 hujusmodi
1655 1139 1875 1172 mentionem,
1899 1139 1950 1169 vel
1974 1139 2060 1177 quod
2081 1139 2168 1169 idem
2193 1140 2232 1169 G.

1226 1193 1309 1222 alias
1325 1193 1542 1223 beneficiatus
1562 1193 1684 1222 existit.
1706 1192 1863 1230 Alioquin
1883 1192 2001 1221 dilecto
2020 1192 2088 1221 11110
2108 1215 2145 1226 ..,
2164 1193 2235 1221 ofli-

1225 1246 1301 1275 611111
1318 1247 1515 1281 Τ11101161151,
1535 1245 1655 1275 11116115
1674 1245 1797 1275 nostris
1818 1245 2036 1283 injungimus,
2059 1250 2093 1274 ut
2115 1255 2171 1275 vos
2195 1245 2234 1274 ad

1225 1299 1259 1328 id
1279 1299 1461 1329 monitione
1483 1299 1656 1337 premissa.
1680 1308 1737 1336 per
1763 1307 1936 1327 censuram
1961 1298 2231 1328 ecclesiasticam.

1227 1351 1433 1390 appelatione
1453 1356 1588 1385 remota,
1608 1351 1792 1389 compellat.
1810 1352 1882 1380 Dat.
1900 1350 2063 1386 Anaenie,
2079 1351 2139 1379 VII
2160 1350 2234 1379 idus

1227 1405 1370 1442 augusti,
1392 1414 1478 1434 anno
1494 1405 1610 1442 primo.
1633 1417 1645 1430 »

1297 1590 1386 1618 623

1262 1652 1353 1678 Priori
1372 1656 1400 1678 et
1414 1650 1569 1677 conventui
1587 1651 1752 1677 monasterii
1769 1650 1803 1676 de
1814 1649 1997 1680 Vatenzenis,
2015 1649 2233 1676 Cameracensis

1225 1701 1360 1731 diocesis,
1375 1700 1513 1734 indulget,
1533 1703 1562 1726 ut
1577 1699 1611 1726 ad
1628 1699 1822 1733 receptionem
1837 1699 1962 1732 alicujus
1978 1699 2005 1724 in
2024 1698 2171 1724 beneficiis
2186 1706 2236 1724 eo-

1226 1758 1288 1776 rum
1306 1748 1438 1783 compelli
1455 1749 1572 1775 minime
1590 1748 1713 1775 valeant.
1734 1747 1815 1779 (Rea.
1836 1747 1879 1778 ⁵24,
1896 1756 1922 1773 c.
1940 1747 2000 1780 548,
2017 1747 2036 1772 f.
2054 1747 2109 1778 80.)

1825 1588 1950 1622 Anagni,
1967 1587 1982 1613 ‘2
1999 1589 2065 1614 aout
2084 1587 2160 1614 1255.

1267 1877 1279 1891 t(
1350 1865 1463 1901 priori.
1483 1868 1509 1891 et
1522 1863 1686 1892 conventui
1705 1863 1886 1891 monasterii
1902 1862 1935 1890 de
1957 1863 2144 1896 lfaleruerzis,
2164 1862 2236 1891 Clu-

1224 1918 1378 1946 niacensis
1391 1916 1522 1950 ordinis,
1541 1916 1766 1945 Cameracensis
1782 1915 1916 1943 diocesis.
1936 1914 2012 1944 Paci
2031 1918 2061 1943 et
2078 1913 2236 1952 tranquil-

1223 1970 1311 1999 litati
1329 1973 1437 1999 vestre
1458 1978 1494 1998 ac
1513 1968 1708 1998 monasterii
1724 1967 1827 1997 vestri
1850 1971 1987 2005 paterna
2005 1966 2150 1996 volentes
2170 1966 2236 1995 sol-

1223 2023 1399 2053 licitudine
1430 2022 1620 2060 providere,
1651 2026 1687 2050 ut
1714 2030 1771 2059 per
1802 2021 1931 2050 litteras
1960 2019 2156 2058 apostolicas
2185 2019 2236 2049 vel

1224 2076 1407 2114 legatorum
1433 2074 1611 2113 apostolice
1634 2074 1729 2104 Sedis
1750 2074 1953 2111 impetratas,
1979 2072 2153 2101 dummodo
2179 2082 2236 2110 per

1225 2138 1280 2159 eas
1296 2138 1360 2157 11011
1375 2128 1418 2158 511
1431 2128 1486 2167 jus
1503 2127 1605 2157 alicui
1622 2126 1835 2165 acquisitum,
1850 2129 1879 2155 et
1897 2126 1997 2155 etiam
2011 2125 2235 2162 impetrandas

1223 2174 1384 2212 benelicia
1400 2181 1439 2210 ad
1455 2184 1599 2210 vestram
1615 2179 1825 2209 collationem
1842 2187 1900 2208 seu
1918 2182 2128 2215 patronatum
2148 2186 2222 2214 spec

1224 2234 1329 2263 tantia
1346 2233 1491 2263 conferri
1508 2241 1572 2262 non
1593 2232 1721 2270 possint
1741 2231 1857 2265 alicui,
1882 2239 2003 2269 vosque
2018 2230 2057 2259 ad
2073 2229 2235 2267 receptio-

1225 2296 1301 2316 nem
1318 2286 1367 2316 vel
1378 2285 1602 2324 provisionem
1611 2284 1753 2323 alicujus
1767 2283 1919 2321 compelli
1931 2283 2069 2311 minime
2082 2281 2233 2316 valeatis,

1225 2340 1419 2369 auctoritate
1443 2339 1535 2368 vobis
1557 2337 1763 2376 presentium
1784 2336 2015 2374 indulgemus,
2037 2335 2103 2364 nisi
2123 2335 2236 2364 eedem

1225 2392 1431 2430 impetrando
1451 2391 1580 2429 plenam
1601 2395 1631 2420 et
1645 2398 1834 2428 expressam
1850 2389 1889 2419 de
1902 2388 2030 2418 indulto
2044 2387 2236 2426 hujusmodi

1225 2446 1364 2475 fecerint
1382 2444 1596 2473 mentionem.
1615 2442 1706 2473 Nulli
1726 2447 1786 2472 etc.
1807 2446 1918 2472 nostre
1935 2440 2161 2471 concessionis
2174 2444 2235 2470 etc.

1225 2499 1299 2528 Dat.
1318 2497 1479 2535 Anagnie,
1500 2497 1566 2526 IIII
1581 2505 1684 2526 nonas
1703 2495 1845 2533 augusti,
1866 2503 1952 2524 anno
1971 2494 2087 2532 primo.
2109 2506 2121 2519 »

1298 2688 1385 2716 (3¹2⁴

1264 2750 1353 2776 Priori
1364 2755 1391 2776 et
1403 2749 1556 2776 conventui
1570 2748 1734 2775 monasterii
1753 2748 1788 2774 de
1803 2747 1890 2773 Pan-co
1902 2747 1928 2772 b.
1940 2746 2056 2778 Mat-iae,
2073 2745 2235 2771 Cenoman-

1826 2685 1953 2719 Anagni,
1969 2685 1982 2710 7
2000 2685 2068 2710 aout
2087 2684 2164 2711 1255.

1228 2800 1328 2826 nensis
1347 2799 1489 2828 diocesis,
1507 2798 1657 2824 confirmat
1673 2800 1702 2823 et.
1719 2797 1803 2823 refert
1819 2796 2001 2822 donationem
2018 2794 2105 2821 annui
2123 2793 2182 2819 XX
2199 2792 2236 2818 li·-

1229 2848 1344 2874 brarum
1364 2848 1563 2874 turonensium
1583 2846 1712 2872 redditus
1737 2846 1763 2871 in
1788 2844 1909 2878 sestagio
1940 2844 2046 2870 Montis
2072 2842 2233 2873 'rt-ichardi,

1231 2896 1410 2923 Turonensis
1435 2895 1572 2929 diocesis,
1596 2902 1609 2920 a
1634 2893 1774 2923 Muthildi,
1801 2893 2012 2919 vicecomitissa
2044 2891 2235 2922 Bellimontis,
