2498 3325
257 234 312 262 442
978 230 1216 260 REGISTRES
1239 229 1546 261 D'ALEXANDRE
1571 232 1626 261 IV.

259 298 369 329 Sancti
383 297 501 327 Albani
520 296 638 325 totiens
656 296 774 333 viginti
792 295 938 334 quinque
955 304 1094 330 marcas,
1108 304 1190 333 pene
1207 304 1260 324 no-

259 352 358 384 mine,
373 350 430 379 tibi
448 349 574 379 solvere
589 353 618 377 et
632 348 772 386 dampna
789 352 818 377 et
833 357 992 386 expensas
1010 349 1182 377 resarcire.
1199 357 1261 386 que

260 408 293 433 tu
311 403 360 433 vel
377 406 567 440 procurator
584 406 659 430 tuus
675 405 730 430 aut
744 401 881 429 nuntius
896 401 1075 430 incurrerit
1089 401 1262 431 occasione

259 455 434 485 solutionis
459 459 489 483 et
511 453 738 491 dispositionis
762 462 827 482 non
855 454 954 487 facte,
976 453 1045 483 loco
1066 458 1096 483 et
1123 454 1262 483 termino

259 507 472 545 supradictis,
496 506 622 542 integ-'re
650 510 834 541 teneantur,
858 506 1012 545 quotiens
1037 506 1071 535 in
1098 506 1262 536 solutione

259 570 295 590 ac
318 559 521 597 depositione
550 559 753 587 cessaverint
785 559 986 588 memoratis.
1013 560 1118 596 Super
1141 559 1262 597 quibus

258 613 408 650 dampnis
432 616 461 641 ct
481 611 649 649 expensis.
668 611 774 640 dictus
797 611 977 640 cardinalis
999 615 1053 640 tuo
1072 611 1122 641 vel
1146 620 1264 649 procu-

258 665 377 695 ratoris
399 669 453 694 aut
476 664 584 693 nuntii
610 664 671 699 tui,
697 663 850 693 habentis
874 673 891 693 a
914 668 942 693 te
968 664 1109 702 speciale
1127 664 1263 693 manda-

258 723 338 753 tum,
351 719 540 757 juramento
554 717 642 746 credi
658 717 774 749 noluit,
789 717 861 746 sine
878 717 1016 747 alterius
1033 727 1132 747 onere
1150 718 1263 755 proba-

258 772 358 802 tionis
372 771 577 810 cujusquam.
592 770 685 806 Quod
697 770 724 800 si
737 771 918 808 supradicti
931 770 1031 800 abbas
1042 775 1071 801 et
1082 775 1263 801 conventus

258 824 318 854 tibi
335 824 373 854 de
391 823 551 853 beneficio
565 823 704 852 minoris
720 823 842 852 valoris
859 823 1048 859 octuaginta
1064 833 1261 859 marcarum,

258 877 344 916 quod
363 881 471 906 tamen
488 876 731 914 quinquaginta
752 884 879 905 marcas
896 876 934 905 ad
952 876 1062 906 minus
1080 876 1186 906 valeat
1204 886 1264 906 an-

258 929 400 965 nuatim,
428 928 581 958 duxerint
603 928 856 966 providendum,
876 932 910 957 tu
934 928 1173 958 nichilominus
1190 938 1265 967 pre-

258 983 378 1012 dictam
402 981 575 1011 ecclesiam
599 981 637 1011 de
660 981 857 1017 XVingrave,
882 990 949 1011 una
974 990 1048 1011 cum
1072 981 1263 1021 hujusmodi

257 1035 433 1069 beneficio,
452 1034 612 1068 retineas,
631 1038 661 1062 et
681 1033 744 1071 ipsi
761 1033 862 1063 abbas
886 1038 916 1063 et
939 1039 1121 1064 conventus
1140 1044 1158 1064 a
1174 1035 1263 1065 solu-

257 1088 346 1117 tione
364 1087 489 1125 presate
506 1086 677 1124 pensionis
695 1086 761 1115 sint
777 1085 874 1115 liberi
891 1090 922 1115 et
938 1086 1113 1116 immunes.
1135 1087 1169 1117 Si
1187 1096 1263 1117 vero

258 1139 415 1178 sepedicti
430 1139 531 1168 abbas
544 1144 574 1167 et
588 1142 769 1168 conventus
782 1139 992 1174 beneficium,
1006 1140 1045 1168 ad
1064 1149 1175 1169 eorum
1193 1150 1262 1178 pre-

257 1192 477 1222 sentationem
487 1191 537 1220 vel
547 1190 756 1220 collationem
768 1195 931 1228 spectans,
941 1191 1047 1229 primo
1057 1196 1261 1228 vacaturum,

257 1244 343 1283 quod
356 1243 546 1281 octuaginta
557 1252 742 1273 marcarum
759 1243 809 1272 vel
821 1244 956 1282 maJ'oris
968 1249 1263 1284 quantumcunque

254 1296 376 1326 valoris
393 1296 565 1325 annuatim
582 1296 711 1331 existat,
730 1296 785 1326 alii
804 1297 1006 1327 contulerint
1022 1297 1073 1327 vel
1088 1307 1264 1336 personam

257 1349 356 1380 aliam
373 1349 412 1378 ad
429 1349 512 1378 illud
526 1353 681 1378 curarent
695 1354 897 1387 presentare,
908 1350 946 1379 de
960 1350 1096 1388 speciali
1109 1351 1263 1381 mandato

255 1407 368 1432 nostro
389 1402 519 1437 statuit,
539 1402 682 1440 providit
705 1405 735 1432 et
753 1402 919 1432 ordinavit
935 1403 1115 1433 cardinalis
1136 1404 1264 1442 predic-

255 1459 324 1490 tuS,
343 1455 428 1494 quod
445 1455 546 1485 iidem
563 1455 663 1485 abbas
681 1459 711 1485 et
728 1459 910 1485 conventus
929 1456 1045 1486 tandiu
1063 1456 1133 1486 loco
1151 1461 1181 1487 et
1198 1461 1264 1487 ter-

255 1508 345 1538 mino
369 1507 583 1546 supradictis,
607 1512 734 1538 tantum
757 1508 929 1546 pensionis
954 1509 1104 1544 nomine,
1128 1510 1188 1540 tibi
1212 1510 1264 1540 vel

256 1561 378 1591 nuncio
397 1565 452 1590 aut
469 1561 672 1599 procuratori
690 1564 755 1595 tuo,
774 1565 936 1599 quantum
952 1561 1143 1600 hujusmodi
1163 1563 1265 1593 bene-

256 1613 368 1643 ficium
393 1613 565 1643 annuatim
589 1613 746 1649 valuerit,
771 1614 848 1643 dent
872 1618 903 1643 et
926 1614 1055 1644 solvant
1082 1616 1264 1646 secundum

255 1667 397 1696 formam
422 1666 653 1704 prescriptam,
683 1666 785 1696 donec
812 1667 876 1705 ipsi
907 1667 946 1698 de
973 1667 1150 1704 beneficio,
1178 1670 1266 1708 quod

257 1719 404 1758 ejusdem
427 1719 548 1749 valoris
570 1720 742 1749 annuatim
763 1720 896 1755 existat,
916 1721 976 1750 tibi
996 1721 1215 1759 providerint,
1234 1727 1265 1752 et

257 1772 361 1801 fueris
384 1771 418 1800 in
435 1772 572 1809 pacifica
588 1773 796 1810 possessione
819 1773 940 1811 ipsius,
959 1778 990 1803 et
1013 1783 1050 1803 ex
1074 1783 1111 1804 eo
1136 1775 1264 1813 integre

257 1825 385 1854 fructus
403 1825 588 1862 perceperis
606 1829 636 1854 et
655 1829 845 1863 proventus.

300 1889 312 1903 »
332 1877 484 1906 Decrevit
505 1886 634 1915 quoque
651 1878 830 1908 cardinalis
849 1879 1027 1916 predictus,
1047 1881 1173 1916 statuit,
1193 1890 1264 1919 pro·

258 1929 339 1958 vidit
365 1934 396 1959 et
416 1929 597 1964 ordinavit,
621 1930 659 1960 de
683 1931 818 1968 speciali
844 1932 999 1962 mandato
1030 1937 1153 1969 nostro,
1179 1934 1266 1964 bona

258 1983 447 2012 eorumdem
458 1982 586 2012 abbatis
596 1987 626 2012 et
636 1988 817 2014 conventus
827 1985 940 2014 Sancti
949 1985 1080 2022 Albani,
1097 1991 1127 2016 et
1137 1995 1264 2017 monas-

258 2036 379 2065 terium
396 2044 509 2065 eorum
527 2044 584 2073 pro
600 2036 757 2074 predictis
773 2037 927 2067 omnibus
944 2042 975 2068 et
992 2039 1135 2076 singulis
1151 2040 1265 2070 obser-

257 2088 374 2118 vandis
396 2088 454 2118 tibi
472 2088 612 2118 existere
630 2088 785 2127 obligata,
804 2093 835 2120 et.
851 2090 951 2120 etiam
968 2091 1006 2121 de
1023 2092 1177 2122 mandato
1195 2102 1264 2131 pre-

258 2140 344 2170 dicto
357 2140 520 2178 supplevit
532 2140 696 2170 defectum
708 2142 855 2171 mandati
869 2142 948 2172 dicti
960 2145 1194 2181 procuratoris,
1207 2146 1264 2184 qui

260 2197 339 2227 erat,
354 2202 390 2222 ex
408 2201 445 2223 eo
461 2193 547 2231 quod
562 2202 625 2223 non
639 2193 740 2229 solus,
752 2194 809 2224 sed
826 2203 899 2224 cum
914 2195 990 2231 alio,
1003 2196 1037 2225 in
1052 2196 1139 2226 dicta
1151 2206 1262 2235 causa,

258 2249 289 2275 et
306 2245 346 2274 ad
368 2246 629 2283 componendum
647 2250 774 2275 tantum
796 2251 827 2276 et
850 2257 915 2277 non
935 2248 975 2278 ad
1000 2249 1264 2280 submittendum

258 2302 455 2327 memoratos
477 2298 627 2327 abbatem
650 2303 681 2328 et
699 2304 897 2329 conventum
918 2301 1136 2337 ordinationi,
1155 2304 1266 2341 provi-

259 2350 345 2380 sioni
363 2359 421 2380 seu
437 2350 628 2380 diffinitioni
643 2352 838 2390 cujusquam
853 2353 903 2383 vel
920 2354 960 2383 ad
975 2354 1170 2392 pensionem
1184 2356 1266 2386 dan-

260 2403 334 2432 dam
351 2402 492 2432 liabebat
516 2404 657 2441 speciale
674 2405 881 2441 mandatum,
901 2411 997 2444 prout
1017 2407 1052 2436 in
1075 2409 1265 2446 patentibus

258 2454 379 2484 litteris
396 2455 501 2493 ipsius
519 2456 697 2486 cardinalis
714 2458 872 2488 confectis
890 2459 1006 2489 exinde
1024 2469 1060 2490 ac
1078 2469 1137 2491 suo
1154 2461 1266 2499 sigillo

259 2507 398 2537 munitis
415 2507 559 2537 vidimus
576 2509 751 2539 contineri.

302 2571 314 2585 »
335 2560 402 2589 Nos
419 2559 546 2598 itaque,
568 2560 631 2589 tuis
650 2561 948 2599 supplicationibus
970 2564 1138 2601 inclinati,
1161 2570 1266 2596 statu-

260 2616 340 2647 tum,
358 2612 581 2649 provisionem
598 2617 629 2642 et
645 2614 886 2645 ordinationem
904 2616 1094 2656 hujusmodi
1111 2627 1169 2657 per
1184 2628 1267 2649 eun-

260 2665 333 2694 dem
354 2665 556 2695 cardinalem
582 2675 680 2704 super
707 2668 879 2705 premissis
900 2670 1003 2706 edita,
1026 2674 1098 2701 rata
1117 2676 1149 2701 et
1172 2672 1268 2703 firma

258 2715 430 2751 habentes,
447 2717 559 2746 eadem
577 2719 771 2748 auctoritate
790 2721 970 2758 apostolica
985 2723 1220 2754 confirmamus
1236 2729 1268 2755 et

258 2769 423 2806 presentis
446 2769 560 2807 scripti
579 2771 763 2808 patrocinio
784 2774 1027 2805 communimus
1046 2785 1052 2804 :
1076 2777 1267 2815 supplentes

260 2820 501 2851 nichilominus
519 2821 698 2858 defectum,
718 2824 747 2853 si
763 2824 838 2862 quis
856 2825 891 2854 in
907 2825 974 2856 hiis
991 2831 1040 2857 est
1062 2827 1207 2865 habitus,
1229 2830 1268 2861 de

262 2876 373 2902 nostre
394 2873 600 2911 plenitudine
619 2876 801 2912 potestatis.
822 2878 982 2908 Tenorem
1005 2884 1116 2910 autem
1139 2881 1268 2912 littera-

1345 304 1417 324 rum
1433 296 1580 334 ipsarum
1597 297 1635 327 de
1653 298 1752 327 verbo
1773 298 1813 327 ad
1830 298 1965 328 verbum
1983 299 2194 337 presentibus
2212 299 2355 329 fecimus

1345 349 1509 383 annotari,
1529 349 1585 387 qui
1603 349 1678 379 talis
1701 354 1750 380 est
1768 360 1774 379 :

1905 397 2031 431 Anagni,
2050 398 2086 423 μ’
2099 398 2190 431 juillet
2207 397 2283 425 ¹256.

1388 468 1400 482 «
1427 457 1464 486 In
1482 457 1614 487 nomine
1638 458 1787 493 Domini,
1807 468 1915 488 amen.
1931 458 2118 493 Joliannes,
2141 460 2357 491 miseratione

1348 520 1360 533 »
1385 508 1498 537 divina
1525 509 1613 538 tituli
1637 510 1750 540 Sancti
1777 511 1948 541 Laurentii
1980 512 2013 540 in
2044 512 2167 541 Lucina
2192 512 2358 550 presbiter

1348 574 1360 587 »
1385 561 1583 597 cardinalis,
1602 563 1639 592 ad
1657 569 1849 602 perpetuam
1865 565 1913 594 rei
1932 569 2022 602 geste
2040 565 2244 595 memoriam.
2264 565 2358 596 Licet

1348 627 1360 641 >2
1385 614 1464 644 olim
1501 615 1610 646 felicis
1651 617 1907 652 recordationis,
1946 617 2100 647 dominus
2136 618 2356 649 Innocentius

1348 679 1360 694 »
1385 676 1468 706 papa
1502 669 1569 698 1111
1595 668 1762 705 religiosis
1789 669 1869 699 viris
1897 693 1934 705 ..,
1960 670 2086 705 abbati,
2118 674 2149 700 et
2176 670 2357 701 conventui

1348 733 1360 747 >1
1387 722 1500 751 Sancti
1519 721 1655 757 Albani,
1681 722 1927 752 Lincolniensis
1952 723 2109 758 diocesis,
2134 724 2204 753 suis
2229 723 2360 754 dederit

1348 786 1360 800 »
1385 773 1507 804 litteris
1520 774 1553 803 in
1568 775 1743 810 mandatis,
1755 780 1790 805 ut
1802 775 1944 805 discreto
1957 776 2027 806 viro
2040 776 2198 813 magistro
2209 776 2358 807 Johanni

1348 839 1361 853 »
1387 827 1425 856 de
1442 827 1639 863 Camezano,
1659 828 1783 858 domini
1804 837 1886 866 pape
1909 828 2080 867 capellano
2102 833 2132 859 et
2153 829 2260 867 ipsius
2277 838 2359 860 con-

1348 892 1361 906 »
1387 880 1603 910 tradictarum
1635 881 1794 916 auditori,
1824 881 1999 911 ecclesiam
2030 881 2068 912 de
2091 882 2290 920 VVingrave,
2315 881 2359 912 ad

1348 945 1361 960 »
1386 933 1666 972 presentationem
1688 942 1802 963 eorum
1827 938 2046 972 spectantem,
2071 943 2169 973 quam
2190 934 2278 964 idem
2301 943 2359 964 ca-

1347 998 1360 1013 »
1385 986 1538 1024 pellanus
1555 986 1696 1022 obtinet,
1715 995 1789 1016 cum
1806 986 1871 1016 alia
1896 986 2026 1016 meliori
2043 986 2230 1025 pertinente
2246 987 2287 1016 ad
2301 995 2360 1017 eo-

1348 1051 1361 1065 »
1385 1048 1458 1068 rum
1489 1039 1770 1077 presentationem
1797 1039 1944 1077 proximo
1974 1044 2129 1069 vacatura
2154 1043 2359 1071 commutare

1347 1103 1361 1118 »
1386 1095 1555 1126 curarent,
1586 1091 1678 1120 illam
1708 1091 1948 1121 nichilominus
1976 1091 2147 1121 donationi
2178 1091 2360 1130 apostolice

1347 1156 1361 1170 »
1387 1144 1601 1179 reservando,
1625 1144 1703 1182 quia
1730 1149 1838 1174 tamen
1863 1144 1965 1174 iidem
1991 1144 2092 1174 abbas
2118 1149 2148 1174 et
2172 1148 2357 1175 conventus

1347 1208 1361 1224 n
1386 1196 1561 1226 ecclesiam
1578 1196 1616 1226 de
1630 1196 1931 1235 Herreburne(sic),
1949 1197 2186 1228 Dunelmensis
2199 1197 2356 1234 diocesis,

1347 1261 1360 1276 »
1386 1258 1485 1288 quam
1502 1249 1609 1279 dictus
1630 1249 1821 1288 capellanus
1845 1249 1884 1279 ad
1902 1250 2185 1287 presentationem
2207 1250 2358 1289 ipsorum

1347 1314 1361 1329 »
1386 1306 1534 1340 spectare
1558 1302 1701 1337 dicebat,
1721 1302 1929 1340 postmodum
1952 1311 2009 1340 per
2030 1306 2168 1332 mortem
2190 1303 2358 1341 Hugonis,

1348 1366 1361 1381 n
1386 1354 1524 1384 rectoris
1540 1354 1658 1392 ipsius,
1676 1358 1860 1390 vacantem,
1879 1354 1986 1384 eidem
2005 1354 2175 1393 capellano
2191 1363 2266 1385 cum
2282 1363 2361 1394 pre-

1348 1419 1361 1434 »
1386 1407 1474 1437 dicta
1495 1407 1635 1437 ecclesia
1657 1407 1695 1437 de
1713 1407 1898 1445 Wingrave
1919 1412 2122 1438 commutare
2141 1407 2280 1438 minime
2299 1416 2360 1438 cu-

1348 1472 1361 1487 »
1386 1464 1519 1495 rai-unt,
1539 1464 1740 1490 memoratus
1757 1459 1948 1499 capellanus
1966 1461 2006 1490 ad
2023 1484 2056 1496 ..,
2074 1460 2227 1491 abbatem
2243 1460 2360 1492 Sancti

1348 1526 1361 1540 n
1386 1513 1568 1551 Augustini
1579 1513 1844 1549 Cantuariensis,
1857 1513 1918 1543 sub
1935 1518 2023 1543 certa
2037 1514 2142 1543 forma
2157 1513 2358 1552 apostolicas

1349 1578 1361 1593 n
1386 1566 1515 1596 litteras
1532 1566 1732 1604 impetravit,
1747 1575 1887 1605 quarum
1902 1566 2097 1596 auctoritate
2114 1566 2202 1597 inter
2215 1566 2360 1597 eundem

1348 1631 1362 1646 ι)
1387 1619 1611 1658 capellanum,
1631 1628 1668 1649 ex
1684 1623 1776 1657 parte
1792 1628 1874 1654 una,
1893 1623 1924 1649 et
1943 1619 2047 1649 dictos
2064 1619 2216 1649 abbatem
2231 1623 2263 1650 et
2278 1627 2361 1650 con-

1348 1685 1362 1700 »
1387 1676 1537 1708 ventum,
1565 1681 1602 1702 ex
1625 1672 1744 1708 altera,
1772 1681 1871 1710 super
1893 1672 1980 1701 dicta
2008 1671 2148 1702 ecclesia
2172 1671 2211 1702 de
2234 1673 2362 1703 Herre-

1349 1737 1362 1752 n
1386 1725 1493 1755 burne
1516 1725 1657 1755 materia
1679 1725 1865 1764 questionis
1884 1728 2010 1759 exorta,
2029 1728 2060 1754 et
2083 1733 2121 1755 ea
2143 1724 2276 1755 demum
2298 1733 2361 1763 per

1349 1791 1362 1805 »
1387 1778 1584 1816 magistrum
1603 1777 1790 1808 VValterum
1808 1778 1846 1808 de
1863 1778 2051 1812 sinemuro,
2072 1777 2270 1807 canonicum
2285 1776 2361 1807 Bel-

1349 1844 1362 1858 »
1387 1840 1540 1867 nensem,
1563 1832 1617 1861 cui
1639 1831 1808 1870 predictus
1833 1831 1934 1860 abbas
1954 1831 2068 1861 Sancti
2091 1830 2272 1868 Augustini
2295 1830 2361 1860 sub

1349 1896 1362 1911 >›
1388 1889 1477 1914 certa
1499 1884 1605 1914 forma
1628 1893 1728 1922 super
1754 1884 1815 1914 hoc
1837 1883 2049 1913 commiserat
2072 1883 2160 1913 vices
2187 1892 2282 1920 suas,
2304 1892 2361 1914 re-

1349 1949 1362 1963 »
1387 1937 1491 1966 missa
1507 1937 1547 1966 ad
1564 1936 1742 1975 apostolice
1759 1936 1854 1967 Sedis
1873 1945 2021 1972 examen,
2041 1936 2148 1966 dictus
2165 1936 2360 1975 capellanus

1349 2001 1362 2016 n
1388 1998 1498 2019 coram
1513 1989 1620 2025 nobis,
1631 1989 1666 2018 in
1683 1998 1783 2019 causa
1799 1989 1990 2028 hujusmodi
2007 1998 2024 2018 a
2041 1989 2174 2018 domino
2190 1997 2273 2027 papa
2286 1997 2358 2027 par-

1350 2055 1362 2069 »
1388 2043 1477 2072 tibus
1494 2043 1643 2072 auditore
1655 2051 1822 2077 concesse,
1836 2042 1995 2080 magistro
2006 2041 2178 2072 W'illelmo
2189 2041 2228 2072 de
2239 2042 2362 2073 Sancto

1349 2107 1362 2122 n
1387 2095 1561 2131 Edwardo,
1579 2095 1784 2134 procuratori
1803 2095 1966 2125 dictorum
1984 2095 2114 2124 abbatis
2131 2099 2162 2125 et
2176 2098 2361 2125 conventus

1349 2160 1362 2175 »
1388 2148 1502 2179 Sancti
1518 2148 1639 2178 Albani
1656 2148 1690 2177 in
1708 2148 1855 2186 predicta
1872 2156 1982 2182 causa,
2001 2151 2032 2178 et
2045 2147 2183 2177 habenti
2199 2147 2239 2177 ab
2253 2147 2302 2178 eis
2318 2147 2363 2178 ad

1349 2213 1362 2228 n
1388 2201 1651 2239 componendum
1675 2200 1818 2239 speciale
1835 2200 2043 2235 mandatum,
2068 2204 2163 2238 prout
2180 2200 2215 2229 in
2237 2199 2362 2230 litteris

1350 2267 1363 2281 ‚2
1387 2254 1632 2293 procurationis
1656 2254 1780 2292 ipsius,
1803 2262 1944 2293 quarum
1968 2257 2116 2283 tenorem
2140 2253 2178 2283 de
2201 2253 2301 2284 verbo
2317 2252 2361 2283 ad

1349 2319 1362 2334 ³>
1387 2307 1524 2336 verbum
1540 2307 1751 2345 presentibus
1768 2307 1909 2337 fecimus
1927 2306 2090 2341 annotari,
2104 2305 2236 2344 plenius
2252 2305 2362 2336 conti-

1349 2371 1362 2386 »
1388 2363 1496 2395 netur,
1514 2359 1665 2389 libellum
1683 2359 1803 2389 obtulit
1820 2359 1881 2389 sub
1898 2359 1959 2388 hac
1975 2359 2093 2388 forma.

1390 2424 1402 2438 »
1423 2412 1540 2442 Coram
1557 2412 1662 2446 vobis,
1682 2411 1861 2442 reverende
1876 2416 1976 2450 pater,
1997 2411 2129 2441 domine
2143 2412 2186 2445 J.‚
2204 2410 2265 2441 Dei
2281 2419 2360 2448 gra-

1349 2477 1363 2492 »
1390 2465 1434 2494 tia
1451 2464 1539 2494 tituli
1551 2465 1665 2495 Sancti
1677 2465 1849 2494 Laurentii
1863 2464 1898 2493 in
1910 2464 2037 2494 Lucina
2050 2463 2235 2502 presbitero
2251 2463 2362 2494 cardi-

1350 2530 1363 2544 »
1389 2517 1478 2553 nali,
1498 2517 1649 2556 partibus
1669 2517 1859 2556 specialiter
1881 2517 2030 2546 auditore
2051 2525 2223 2551 concesso,
2241 2524 2362 2554 propo-

1350 2583 1363 2597 »
1389 2570 1438 2600 nit
1461 2570 1620 2608 magister
1639 2570 1810 2602 Johannes
1838 2570 1876 2600 de
1899 2569 2099 2604 Camezano,
2127 2569 2253 2599 domini
2278 2576 2362 2607 pape

1351 2634 1364 2649 υ
1390 2622 1581 2661 capellanus
1605 2627 1635 2652 et
1655 2623 1761 2661 ipsius
1783 2622 2063 2652 contradictarum
2084 2621 2225 2656 auditor,
2246 2625 2364 2651 contra.

1351 2687 1365 2702 n
1390 2675 1570 2706 discretum
1592 2676 1703 2705 virum
1724 2675 1921 2714 magistrum
1944 2673 2154 2704 NVillelmum
2177 2673 2215 2704 de
2238 2674 2362 2704 Sancto

1352 2740 1364 2754 »
1390 2728 1563 2763 Edwardo,
1581 2733 1827 2767 procuratorem
1845 2728 2077 2765 religiosorum
2096 2727 2242 2757 virorum
2259 2726 2367 2756 abba-

1352 2792 1366 2807 »
1390 2780 1433 2810 tis
1450 2784 1480 2810 et
1501 2785 1682 2811 conventus
1700 2781 1813 2811 Sancti
1829 2780 1962 2816 Albani,
1987 2779 2234 2809 Lincolniensis
2251 2779 2365 2809 dioce-

1352 2845 1366 2860 »
1392 2834 1454 2869 sis,
1472 2834 1573 2872 quod,
1592 2844 1667 2864 cum
1683 2834 1791 2865 felicis
1808 2833 2047 2864 recordationis
2064 2834 2090 2862 I.
2104 2841 2187 2871 papa
2203 2833 2271 2863 IIII
2286 2840 2365 2870 pre-

1353 2897 1366 2912 »
1392 2885 1489 2916 dictis
1505 2886 1616 2916 abbati
1633 2891 1665 2917 et
1682 2886 1859 2917 conventui
1879 2885 1992 2916 Sancti
2009 2885 2130 2915 Albani
2147 2885 2217 2915 suis
2234 2883 2368 2915 dederit
