<?xml version="1.0" encoding="UTF-8"?>
<!DOCTYPE html PUBLIC "-//W3C//DTD XHTML 1.0 Transitional//EN"
    "http://www.w3.org/TR/xhtml1/DTD/xhtml1-transitional.dtd">
<html xmlns="http://www.w3.org/1999/xhtml" xml:lang="en" lang="en">
 <head>
  <title>
</title>
<meta http-equiv="Content-Type" content="text/html;charset=utf-8" />
  <meta name='ocr-system' content='tesseract 3.04.00' />
  <meta name='ocr-capabilities' content='ocr_page ocr_carea ocr_par ocr_line ocrx_word'/>
</head>
<body>
  <div class='ocr_page' id='page_1' title='image "./lesregistresdale01cathuoft_0271.png"; bbox 0 0 2498 3325; ppageno 0'>
   <div class='ocr_carea' id='block_1_1' title="bbox 1005 258 2253 303">
    <p class='ocr_par' dir='ltr' id='par_1_1' title="bbox 1005 258 2253 303">
     <span class='ocr_line' id='line_1_1' title="bbox 1005 258 2253 303; baseline 0.006 -8"><span class='ocrx_word' id='word_1_1' title='bbox 1005 258 1235 296; x_wconf 59' lang='lat' dir='ltr'>PREMIERF?</span> <span class='ocrx_word' id='word_1_2' title='bbox 1251 260 1411 297; x_wconf 77' lang='lat' dir='ltr'>ANNEE.</span> <span class='ocrx_word' id='word_1_3' title='bbox 2199 272 2253 303; x_wconf 79' lang='lat'>261</span> 
     </span>
    </p>
   </div>
   <div class='ocr_carea' id='block_1_2' title="bbox 157 332 1166 415">
    <p class='ocr_par' dir='ltr' id='par_1_2' title="bbox 157 332 1166 415">
     <span class='ocr_line' id='line_1_2' title="bbox 157 332 1166 367; baseline -0.004 -6"><span class='ocrx_word' id='word_1_4' title='bbox 157 333 312 364; x_wconf 82' lang='lat' dir='ltr'>thedrales,</span> <span class='ocrx_word' id='word_1_5' title='bbox 330 332 445 359; x_wconf 84' lang='lat' dir='ltr'>easdem</span> <span class='ocrx_word' id='word_1_6' title='bbox 461 332 572 360; x_wconf 81' lang='lat' dir='ltr'>limitet.</span> <span class='ocrx_word' id='word_1_7' title='bbox 591 332 674 366; x_wconf 74' lang='lat' dir='ltr'>(Rm.</span> <span class='ocrx_word' id='word_1_8' title='bbox 691 332 736 367; x_wconf 76' lang='lat'>24,</span> <span class='ocrx_word' id='word_1_9' title='bbox 754 341 780 360; x_wconf 89' lang='lat' dir='ltr'>c.</span> <span class='ocrx_word' id='word_1_10' title='bbox 797 332 857 364; x_wconf 83' lang='lat'>703,</span> <span class='ocrx_word' id='word_1_11' title='bbox 878 332 898 359; x_wconf 86' lang='lat' dir='ltr'>f.</span> <span class='ocrx_word' id='word_1_12' title='bbox 918 333 998 364; x_wconf 75' lang='lat' dir='ltr'>10‘2v3</span> <span class='ocrx_word' id='word_1_13' title='bbox 1019 332 1166 359; x_wconf 56' lang='lat' dir='ltr'>Por’rnnsr</span> 
     </span>
     <span class='ocr_line' id='line_1_3' title="bbox 161 381 270 415; baseline 0 -6"><span class='ocrx_word' id='word_1_14' title='bbox 161 381 270 415; x_wconf 79' lang='grc'>16066.)</span> 
     </span>
    </p>
   </div>
   <div class='ocr_carea' id='block_1_3' title="bbox 157 483 1165 627">
    <p class='ocr_par' dir='ltr' id='par_1_3' title="bbox 157 483 1165 627">
     <span class='ocr_line' id='line_1_4' title="bbox 201 483 1163 522; baseline -0.001 -10"><span class='ocrx_word' id='word_1_15' title='bbox 201 496 214 511; x_wconf 81' lang='grc' dir='ltr'>ιι</span> <span class='ocrx_word' id='word_1_16' title='bbox 250 507 285 520; x_wconf 87' lang='grc'>..,</span> <span class='ocrx_word' id='word_1_17' title='bbox 315 485 449 522; x_wconf 81' lang='lat' dir='ltr'>episcopo</span> <span class='ocrx_word' id='word_1_18' title='bbox 481 484 726 519; x_wconf 79' lang='lat' dir='ltr'>Marrochitano,</span> <span class='ocrx_word' id='word_1_19' title='bbox 758 484 918 521; x_wconf 82' lang='lat' dir='ltr'>apostolice</span> <span class='ocrx_word' id='word_1_20' title='bbox 946 483 1030 512; x_wconf 74' lang='lat' dir='ltr'>Sedis</span> <span class='ocrx_word' id='word_1_21' title='bbox 1058 483 1163 520; x_wconf 66' lang='lat' dir='ltr'>legato.</span> 
     </span>
     <span class='ocr_line' id='line_1_5' title="bbox 157 535 1165 574; baseline -0.002 -7"><span class='ocrx_word' id='word_1_22' title='bbox 157 537 242 568; x_wconf 90' lang='lat' dir='ltr'>Cum</span> <span class='ocrx_word' id='word_1_23' title='bbox 257 536 451 566; x_wconf 85' lang='lat' dir='ltr'>carissimus</span> <span class='ocrx_word' id='word_1_24' title='bbox 467 536 503 566; x_wconf 91' lang='lat' dir='ltr'>in</span> <span class='ocrx_word' id='word_1_25' title='bbox 518 553 567 565; x_wconf 90' lang='lat'>—-.</span> <span class='ocrx_word' id='word_1_26' title='bbox 585 537 659 566; x_wconf 89' lang='lat' dir='ltr'>Dat.</span> <span class='ocrx_word' id='word_1_27' title='bbox 676 536 839 574; x_wconf 86' lang='lat' dir='ltr'>Anagnie,</span> <span class='ocrx_word' id='word_1_28' title='bbox 856 536 918 566; x_wconf 89' lang='lat' dir='ltr'>XV</span> <span class='ocrx_word' id='word_1_29' title='bbox 929 535 1089 566; x_wconf 83' lang='lat' dir='ltr'>kalendas</span> <span class='ocrx_word' id='word_1_30' title='bbox 1105 543 1165 565; x_wconf 89' lang='lat' dir='ltr'>no-</span> 
     </span>
     <span class='ocr_line' id='line_1_6' title="bbox 157 589 585 627; baseline -0.002 -9"><span class='ocrx_word' id='word_1_31' title='bbox 157 589 314 625; x_wconf 83' lang='lat' dir='ltr'>vembris,</span> <span class='ocrx_word' id='word_1_32' title='bbox 333 598 419 619; x_wconf 88' lang='lat' dir='ltr'>anno</span> <span class='ocrx_word' id='word_1_33' title='bbox 434 589 552 627; x_wconf 86' lang='lat' dir='ltr'>primo.</span> <span class='ocrx_word' id='word_1_34' title='bbox 572 601 585 616; x_wconf 73' lang='lat' dir='ltr'>n</span> 
     </span>
    </p>
   </div>
   <div class='ocr_carea' id='block_1_4' title="bbox 228 772 1093 807">
    <p class='ocr_par' dir='ltr' id='par_1_4' title="bbox 228 772 1093 807">
     <span class='ocr_line' id='line_1_7' title="bbox 228 772 1093 807; baseline -0.005 -4"><span class='ocrx_word' id='word_1_35' title='bbox 228 774 316 803; x_wconf 67' lang='lat'>8¹⁷4</span> <span class='ocrx_word' id='word_1_36' title='bbox 688 773 814 807; x_wconf 84' lang='lat' dir='ltr'>Anagni,</span> <span class='ocrx_word' id='word_1_37' title='bbox 833 773 863 799; x_wconf 83' lang='lat'>14</span> <span class='ocrx_word' id='word_1_38' title='bbox 879 773 997 799; x_wconf 76' lang='lat' dir='ltr'>octobre</span> <span class='ocrx_word' id='word_1_39' title='bbox 1015 772 1093 800; x_wconf 68' lang='lat'><strong>1255.</strong></span> 
     </span>
    </p>
   </div>
   <div class='ocr_carea' id='block_1_5' title="bbox 155 833 1166 967">
    <p class='ocr_par' dir='ltr' id='par_1_5' title="bbox 155 833 1166 967">
     <span class='ocr_line' id='line_1_8' title="bbox 194 833 1164 870; baseline -0.001 -9"><span class='ocrx_word' id='word_1_40' title='bbox 194 835 334 862; x_wconf 81' lang='lat' dir='ltr'>Potestati</span> <span class='ocrx_word' id='word_1_41' title='bbox 357 838 385 861; x_wconf 86' lang='lat' dir='ltr'>et</span> <span class='ocrx_word' id='word_1_42' title='bbox 400 834 506 870; x_wconf 89' lang='lat' dir='ltr'>populo</span> <span class='ocrx_word' id='word_1_43' title='bbox 527 834 690 869; x_wconf 81' lang='lat' dir='ltr'>Anagninis</span> <span class='ocrx_word' id='word_1_44' title='bbox 710 833 854 868; x_wconf 79' lang='lat' dir='ltr'>indulget,</span> <span class='ocrx_word' id='word_1_45' title='bbox 872 837 902 860; x_wconf 89' lang='lat' dir='ltr'>ut</span> <span class='ocrx_word' id='word_1_46' title='bbox 926 843 977 869; x_wconf 86' lang='lat' dir='ltr'>pro</span> <span class='ocrx_word' id='word_1_47' title='bbox 1000 834 1116 866; x_wconf 84' lang='lat' dir='ltr'>bannis,</span> <span class='ocrx_word' id='word_1_48' title='bbox 1136 835 1164 860; x_wconf 88' lang='lat' dir='ltr'>in</span> 
     </span>
     <span class='ocr_line' id='line_1_9' title="bbox 157 882 1166 919; baseline -0.002 -9"><span class='ocrx_word' id='word_1_49' title='bbox 157 884 264 919; x_wconf 86' lang='lat' dir='ltr'>quibus</span> <span class='ocrx_word' id='word_1_50' title='bbox 278 883 424 910; x_wconf 81' lang='lat' dir='ltr'>Ecclesiae</span> <span class='ocrx_word' id='word_1_51' title='bbox 440 883 587 910; x_wconf 85' lang='lat' dir='ltr'>Romanae</span> <span class='ocrx_word' id='word_1_52' title='bbox 602 886 747 916; x_wconf 84' lang='lat' dir='ltr'>tenentur,</span> <span class='ocrx_word' id='word_1_53' title='bbox 759 883 785 908; x_wconf 85' lang='lat' dir='ltr'>ei</span> <span class='ocrx_word' id='word_1_54' title='bbox 798 882 826 908; x_wconf 82' lang='lat' dir='ltr'>X</span> <span class='ocrx_word' id='word_1_55' title='bbox 842 882 928 909; x_wconf 87' lang='lat' dir='ltr'>libras</span> <span class='ocrx_word' id='word_1_56' title='bbox 940 883 1085 909; x_wconf 79' lang='lat' dir='ltr'>annuatim</span> <span class='ocrx_word' id='word_1_57' title='bbox 1100 891 1166 918; x_wconf 87' lang='lat' dir='ltr'>per-</span> 
     </span>
     <span class='ocr_line' id='line_1_10' title="bbox 155 931 983 967; baseline -0.001 -7"><span class='ocrx_word' id='word_1_58' title='bbox 155 934 277 960; x_wconf 81' lang='lat' dir='ltr'>solvant.</span> <span class='ocrx_word' id='word_1_59' title='bbox 294 933 377 967; x_wconf 78' lang='lat' dir='ltr'>(Rso.</span> <span class='ocrx_word' id='word_1_60' title='bbox 394 932 439 967; x_wconf 74' lang='lat'>24,</span> <span class='ocrx_word' id='word_1_61' title='bbox 456 940 481 959; x_wconf 92' lang='lat' dir='ltr'>c.</span> <span class='ocrx_word' id='word_1_62' title='bbox 499 932 564 965; x_wconf 83' lang='lat'>704,</span> <span class='ocrx_word' id='word_1_63' title='bbox 582 932 601 960; x_wconf 86' lang='lat' dir='ltr'>f.</span> <span class='ocrx_word' id='word_1_64' title='bbox 619 932 695 963; x_wconf 62' lang='lat' dir='ltr'>lov,</span> <span class='ocrx_word' id='word_1_65' title='bbox 714 931 861 958; x_wconf 71' lang='lat' dir='ltr'>Por&#39;rffls&#39;r</span> <span class='ocrx_word' id='word_1_66' title='bbox 877 931 983 963; x_wconf 82' lang='lat'>16057.)</span> 
     </span>
    </p>
   </div>
   <div class='ocr_carea' id='block_1_6' title="bbox 155 1033 1164 1126">
    <p class='ocr_par' dir='ltr' id='par_1_6' title="bbox 155 1033 1164 1126">
     <span class='ocr_line' id='line_1_11' title="bbox 198 1033 1164 1072; baseline 0.002 -10"><span class='ocrx_word' id='word_1_67' title='bbox 198 1047 211 1061; x_wconf 85' lang='lat'>«</span> <span class='ocrx_word' id='word_1_68' title='bbox 232 1057 264 1070; x_wconf 84' lang='lat'>..‚</span> <span class='ocrx_word' id='word_1_69' title='bbox 279 1035 434 1072; x_wconf 73' lang='lat' dir='ltr'><em>potestati,</em></span> <span class='ocrx_word' id='word_1_70' title='bbox 451 1039 477 1063; x_wconf 84' lang='lat' dir='ltr'>et</span> <span class='ocrx_word' id='word_1_71' title='bbox 487 1035 600 1072; x_wconf 81' lang='lat' dir='ltr'>populo</span> <span class='ocrx_word' id='word_1_72' title='bbox 609 1034 796 1071; x_wconf 61' lang='lat' dir='ltr'>Anagninis.</span> <span class='ocrx_word' id='word_1_73' title='bbox 811 1033 953 1063; x_wconf 76' lang='lat' dir='ltr'>Probata</span> <span class='ocrx_word' id='word_1_74' title='bbox 966 1033 1043 1063; x_wconf 88' lang='lat' dir='ltr'>fidei</span> <span class='ocrx_word' id='word_1_75' title='bbox 1056 1037 1164 1064; x_wconf 88' lang='lat' dir='ltr'>vestre</span> 
     </span>
     <span class='ocr_line' id='line_1_12' title="bbox 155 1087 1061 1126; baseline -0.003 -8"><span class='ocrx_word' id='word_1_76' title='bbox 155 1105 205 1118; x_wconf 90' lang='lat'>——.</span> <span class='ocrx_word' id='word_1_77' title='bbox 223 1089 296 1118; x_wconf 83' lang='lat' dir='ltr'>Dat.</span> <span class='ocrx_word' id='word_1_78' title='bbox 314 1087 478 1126; x_wconf 82' lang='lat' dir='ltr'>Anagnie,</span> <span class='ocrx_word' id='word_1_79' title='bbox 496 1088 529 1118; x_wconf 92' lang='lat' dir='ltr'>II</span> <span class='ocrx_word' id='word_1_80' title='bbox 544 1087 620 1117; x_wconf 89' lang='lat' dir='ltr'>idus</span> <span class='ocrx_word' id='word_1_81' title='bbox 636 1087 791 1123; x_wconf 77' lang='lat' dir='ltr'>octobris,</span> <span class='ocrx_word' id='word_1_82' title='bbox 809 1096 895 1116; x_wconf 83' lang='lat' dir='ltr'>anno</span> <span class='ocrx_word' id='word_1_83' title='bbox 911 1087 1029 1125; x_wconf 88' lang='lat' dir='ltr'>primo.</span> <span class='ocrx_word' id='word_1_84' title='bbox 1050 1099 1061 1113; x_wconf 67' lang='grc' dir='ltr'><strong>υ</strong></span> 
     </span>
    </p>
   </div>
   <div class='ocr_carea' id='block_1_7' title="bbox 227 1275 315 1303">
    <p class='ocr_par' dir='ltr' id='par_1_7' title="bbox 227 1275 315 1303">
     <span class='ocr_line' id='line_1_13' title="bbox 227 1275 315 1303; baseline 0.011 -1"><span class='ocrx_word' id='word_1_85' title='bbox 227 1275 315 1303; x_wconf 65' lang='grc' dir='ltr'>8ἵ5</span> 
     </span>
    </p>
   </div>
   <div class='ocr_carea' id='block_1_8' title="bbox 154 1334 1165 1517">
    <p class='ocr_par' dir='ltr' id='par_1_8' title="bbox 154 1334 1165 1517">
     <span class='ocr_line' id='line_1_14' title="bbox 193 1334 1165 1369; baseline -0.003 -5"><span class='ocrx_word' id='word_1_86' title='bbox 193 1337 301 1364; x_wconf 82' lang='lat' dir='ltr'>Abbati</span> <span class='ocrx_word' id='word_1_87' title='bbox 323 1339 351 1363; x_wconf 87' lang='lat' dir='ltr'>et</span> <span class='ocrx_word' id='word_1_88' title='bbox 373 1336 529 1363; x_wconf 82' lang='lat' dir='ltr'>conventui</span> <span class='ocrx_word' id='word_1_89' title='bbox 552 1335 718 1362; x_wconf 80' lang='lat' dir='ltr'>monasterii</span> <span class='ocrx_word' id='word_1_90' title='bbox 737 1335 964 1369; x_wconf 60' lang='lat' dir='ltr'>Glastonfflnsis,</span> <span class='ocrx_word' id='word_1_91' title='bbox 988 1334 1165 1361; x_wconf 87' lang='lat' dir='ltr'>Bathonien-</span> 
     </span>
     <span class='ocr_line' id='line_1_15' title="bbox 157 1383 1164 1416; baseline -0.003 -3"><span class='ocrx_word' id='word_1_92' title='bbox 157 1387 200 1413; x_wconf 88' lang='lat' dir='ltr'>sis</span> <span class='ocrx_word' id='word_1_93' title='bbox 216 1385 355 1416; x_wconf 84' lang='lat' dir='ltr'>diocesis,</span> <span class='ocrx_word' id='word_1_94' title='bbox 373 1383 505 1412; x_wconf 85' lang='lat' dir='ltr'>concedit</span> <span class='ocrx_word' id='word_1_95' title='bbox 519 1384 546 1411; x_wconf 93' lang='lat' dir='ltr'>in</span> <span class='ocrx_word' id='word_1_96' title='bbox 564 1392 636 1411; x_wconf 88' lang='lat' dir='ltr'>usus</span> <span class='ocrx_word' id='word_1_97' title='bbox 650 1384 774 1410; x_wconf 76' lang='lat' dir='ltr'>fabricae</span> <span class='ocrx_word' id='word_1_98' title='bbox 792 1384 931 1410; x_wconf 79' lang='lat' dir='ltr'>ecclesiae</span> <span class='ocrx_word' id='word_1_99' title='bbox 952 1383 1164 1411; x_wconf 78' lang='lat' dir='ltr'>Glastoniensis</span> 
     </span>
     <span class='ocr_line' id='line_1_16' title="bbox 157 1432 1162 1470; baseline -0.003 -9"><span class='ocrx_word' id='word_1_100' title='bbox 157 1438 315 1470; x_wconf 86' lang='lat' dir='ltr'>proventus</span> <span class='ocrx_word' id='word_1_101' title='bbox 331 1433 518 1460; x_wconf 87' lang='lat' dir='ltr'>ecclesiarum</span> <span class='ocrx_word' id='word_1_102' title='bbox 534 1433 563 1460; x_wconf 92' lang='lat' dir='ltr'>in</span> <span class='ocrx_word' id='word_1_103' title='bbox 578 1441 635 1469; x_wconf 78' lang='lat' dir='ltr'>quo</span> <span class='ocrx_word' id='word_1_104' title='bbox 650 1432 876 1468; x_wconf 85' lang='lat' dir='ltr'>patronatusjus</span> <span class='ocrx_word' id='word_1_105' title='bbox 891 1432 1007 1459; x_wconf 80' lang='lat' dir='ltr'>habent.</span> <span class='ocrx_word' id='word_1_106' title='bbox 1023 1432 1106 1466; x_wconf 74' lang='lat' dir='ltr'>(Rea.</span> <span class='ocrx_word' id='word_1_107' title='bbox 1118 1432 1162 1466; x_wconf 71' lang='lat'>⁵24,</span> 
     </span>
     <span class='ocr_line' id='line_1_17' title="bbox 154 1482 399 1517; baseline -0.004 -7"><span class='ocrx_word' id='word_1_108' title='bbox 154 1491 182 1511; x_wconf 87' lang='lat' dir='ltr'>c.</span> <span class='ocrx_word' id='word_1_109' title='bbox 199 1483 260 1517; x_wconf 85' lang='lat'>705,</span> <span class='ocrx_word' id='word_1_110' title='bbox 278 1483 297 1510; x_wconf 85' lang='lat' dir='ltr'>f.</span> <span class='ocrx_word' id='word_1_111' title='bbox 316 1482 399 1515; x_wconf 61' lang='lat' dir='ltr'>torv.)</span> 
     </span>
    </p>
   </div>
   <div class='ocr_carea' id='block_1_9' title="bbox 690 1271 1093 1306">
    <p class='ocr_par' dir='ltr' id='par_1_9' title="bbox 690 1271 1093 1306">
     <span class='ocr_line' id='line_1_18' title="bbox 690 1271 1093 1306; baseline 0.005 -8"><span class='ocrx_word' id='word_1_112' title='bbox 690 1272 816 1306; x_wconf 83' lang='lat' dir='ltr'>Anagni,</span> <span class='ocrx_word' id='word_1_113' title='bbox 832 1272 866 1299; x_wconf 71' lang='lat'>‘23</span> <span class='ocrx_word' id='word_1_114' title='bbox 882 1271 998 1299; x_wconf 82' lang='lat' dir='ltr'>octobre</span> <span class='ocrx_word' id='word_1_115' title='bbox 1015 1271 1093 1300; x_wconf 71' lang='lat'><strong>1255.</strong></span> 
     </span>
    </p>
   </div>
   <div class='ocr_carea' id='block_1_10' title="bbox 150 1583 1164 2522">
    <p class='ocr_par' dir='ltr' id='par_1_10' title="bbox 150 1583 1164 2522">
     <span class='ocr_line' id='line_1_19' title="bbox 196 1583 1164 1619; baseline 0 -8"><span class='ocrx_word' id='word_1_116' title='bbox 196 1597 209 1611; x_wconf 82' lang='grc'>«</span> <span class='ocrx_word' id='word_1_117' title='bbox 225 1608 257 1619; x_wconf 85' lang='lat'>..,</span> <span class='ocrx_word' id='word_1_118' title='bbox 271 1585 382 1619; x_wconf 79' lang='lat' dir='ltr'>abbati,</span> <span class='ocrx_word' id='word_1_119' title='bbox 396 1589 422 1613; x_wconf 81' lang='lat' dir='ltr'>et</span> <span class='ocrx_word' id='word_1_120' title='bbox 437 1584 600 1613; x_wconf 79' lang='lat' dir='ltr'>conventui</span> <span class='ocrx_word' id='word_1_121' title='bbox 614 1584 794 1612; x_wconf 81' lang='lat' dir='ltr'>monasterii</span> <span class='ocrx_word' id='word_1_122' title='bbox 807 1583 1034 1618; x_wconf 74' lang='lat' dir='ltr'>Gtastoniensis,</span> <span class='ocrx_word' id='word_1_123' title='bbox 1044 1583 1164 1612; x_wconf 77' lang='lat' dir='ltr'>ordinis</span> 
     </span>
     <span class='ocr_line' id='line_1_20' title="bbox 152 1635 1162 1672; baseline -0.002 -5"><span class='ocrx_word' id='word_1_124' title='bbox 152 1639 252 1667; x_wconf 80' lang='lat' dir='ltr'>sancti</span> <span class='ocrx_word' id='word_1_125' title='bbox 269 1638 438 1672; x_wconf 76' lang='lat' dir='ltr'>Benedicti,</span> <span class='ocrx_word' id='word_1_126' title='bbox 456 1638 670 1666; x_wconf 80' lang='lat' dir='ltr'>Bathoniensis</span> <span class='ocrx_word' id='word_1_127' title='bbox 689 1637 823 1665; x_wconf 81' lang='lat' dir='ltr'>diocesis.</span> <span class='ocrx_word' id='word_1_128' title='bbox 842 1636 940 1671; x_wconf 84' lang='lat' dir='ltr'>Cum,</span> <span class='ocrx_word' id='word_1_129' title='bbox 959 1635 1045 1665; x_wconf 88' lang='lat' dir='ltr'>sicut</span> <span class='ocrx_word' id='word_1_130' title='bbox 1066 1635 1162 1665; x_wconf 88' lang='lat' dir='ltr'>nobis</span> 
     </span>
     <span class='ocr_line' id='line_1_21' title="bbox 151 1688 1162 1728; baseline -0.003 -8"><span class='ocrx_word' id='word_1_131' title='bbox 151 1690 341 1728; x_wconf 84' lang='lat' dir='ltr'>significare</span> <span class='ocrx_word' id='word_1_132' title='bbox 367 1689 525 1725; x_wconf 88' lang='lat' dir='ltr'>curastis,</span> <span class='ocrx_word' id='word_1_133' title='bbox 552 1698 609 1719; x_wconf 88' lang='lat' dir='ltr'>vos</span> <span class='ocrx_word' id='word_1_134' title='bbox 635 1688 810 1719; x_wconf 90' lang='lat' dir='ltr'>ecclesiam</span> <span class='ocrx_word' id='word_1_135' title='bbox 838 1688 1034 1718; x_wconf 89' lang='lat' dir='ltr'>monasterii</span> <span class='ocrx_word' id='word_1_136' title='bbox 1060 1689 1162 1718; x_wconf 83' lang='lat' dir='ltr'>vestri</span> 
     </span>
     <span class='ocr_line' id='line_1_22' title="bbox 151 1742 1162 1781; baseline -0.002 -7"><span class='ocrx_word' id='word_1_137' title='bbox 151 1743 397 1774; x_wconf 86' lang='lat' dir='ltr'>Glastoniensis</span> <span class='ocrx_word' id='word_1_138' title='bbox 420 1743 499 1772; x_wconf 90' lang='lat' dir='ltr'>olim</span> <span class='ocrx_word' id='word_1_139' title='bbox 519 1743 596 1779; x_wconf 85' lang='lat' dir='ltr'>igne</span> <span class='ocrx_word' id='word_1_140' title='bbox 618 1746 846 1780; x_wconf 77' lang='lat' dir='ltr'>consumptam</span> <span class='ocrx_word' id='word_1_141' title='bbox 862 1742 991 1781; x_wconf 86' lang='lat' dir='ltr'>jamdiu</span> <span class='ocrx_word' id='word_1_142' title='bbox 1008 1742 1162 1772; x_wconf 84' lang='lat' dir='ltr'>edificare</span> 
     </span>
     <span class='ocr_line' id='line_1_23' title="bbox 151 1795 1162 1835; baseline -0.002 -9"><span class='ocrx_word' id='word_1_143' title='bbox 151 1796 306 1835; x_wconf 75' lang='lat' dir='ltr'>ceperitis</span> <span class='ocrx_word' id='word_1_144' title='bbox 329 1805 425 1834; x_wconf 88' lang='lat' dir='ltr'>opere</span> <span class='ocrx_word' id='word_1_145' title='bbox 449 1799 641 1833; x_wconf 87' lang='lat' dir='ltr'>sumptuoso</span> <span class='ocrx_word' id='word_1_146' title='bbox 665 1799 696 1825; x_wconf 82' lang='lat' dir='ltr'>et</span> <span class='ocrx_word' id='word_1_147' title='bbox 718 1799 883 1825; x_wconf 74' lang='lat' dir='ltr'>structure</span> <span class='ocrx_word' id='word_1_148' title='bbox 905 1795 1013 1833; x_wconf 89' lang='lat' dir='ltr'>ipsius</span> <span class='ocrx_word' id='word_1_149' title='bbox 1036 1795 1162 1825; x_wconf 88' lang='lat' dir='ltr'>fabrice</span> 
     </span>
     <span class='ocr_line' id='line_1_24' title="bbox 151 1848 1162 1887; baseline -0.002 -8"><span class='ocrx_word' id='word_1_150' title='bbox 151 1850 308 1880; x_wconf 76' lang='lat' dir='ltr'>continue</span> <span class='ocrx_word' id='word_1_151' title='bbox 330 1848 513 1883; x_wconf 80' lang='lat' dir='ltr'>insistatis,</span> <span class='ocrx_word' id='word_1_152' title='bbox 532 1848 610 1887; x_wconf 87' lang='lat' dir='ltr'>quia</span> <span class='ocrx_word' id='word_1_153' title='bbox 626 1848 719 1878; x_wconf 86' lang='lat' dir='ltr'>vobis</span> <span class='ocrx_word' id='word_1_154' title='bbox 736 1848 776 1878; x_wconf 86' lang='lat' dir='ltr'>ad</span> <span class='ocrx_word' id='word_1_155' title='bbox 796 1848 829 1877; x_wconf 85' lang='lat' dir='ltr'>id</span> <span class='ocrx_word' id='word_1_156' title='bbox 850 1848 980 1886; x_wconf 87' lang='lat' dir='ltr'>proprie</span> <span class='ocrx_word' id='word_1_157' title='bbox 1000 1857 1064 1878; x_wconf 91' lang='lat' dir='ltr'>non</span> <span class='ocrx_word' id='word_1_158' title='bbox 1084 1858 1162 1886; x_wconf 88' lang='lat' dir='ltr'>sup-</span> 
     </span>
     <span class='ocr_line' id='line_1_25' title="bbox 152 1901 1160 1941; baseline -0.002 -9"><span class='ocrx_word' id='word_1_159' title='bbox 152 1907 267 1941; x_wconf 87' lang='lat' dir='ltr'>petunt</span> <span class='ocrx_word' id='word_1_160' title='bbox 279 1901 464 1936; x_wconf 76' lang='lat' dir='ltr'>facultates,</span> <span class='ocrx_word' id='word_1_161' title='bbox 476 1901 655 1939; x_wconf 84' lang='lat' dir='ltr'>apostolice</span> <span class='ocrx_word' id='word_1_162' title='bbox 668 1901 763 1931; x_wconf 84' lang='lat' dir='ltr'>Sedis</span> <span class='ocrx_word' id='word_1_163' title='bbox 773 1901 934 1931; x_wconf 76' lang='lat' dir='ltr'>auxilium</span> <span class='ocrx_word' id='word_1_164' title='bbox 946 1901 1160 1939; x_wconf 78' lang='lat' dir='ltr'>implorastis.</span> 
     </span>
     <span class='ocr_line' id='line_1_26' title="bbox 151 1954 1162 1993; baseline -0.002 -7"><span class='ocrx_word' id='word_1_165' title='bbox 151 1955 309 1986; x_wconf 75' lang='lat' dir='ltr'>Volentes</span> <span class='ocrx_word' id='word_1_166' title='bbox 331 1955 435 1993; x_wconf 85' lang='lat' dir='ltr'>igitur</span> <span class='ocrx_word' id='word_1_167' title='bbox 458 1959 523 1984; x_wconf 88' lang='lat' dir='ltr'>tam</span> <span class='ocrx_word' id='word_1_168' title='bbox 542 1954 596 1992; x_wconf 92' lang='lat' dir='ltr'>pio</span> <span class='ocrx_word' id='word_1_169' title='bbox 618 1954 709 1992; x_wconf 90' lang='lat' dir='ltr'>operi</span> <span class='ocrx_word' id='word_1_170' title='bbox 726 1963 862 1984; x_wconf 90' lang='lat' dir='ltr'>manum</span> <span class='ocrx_word' id='word_1_171' title='bbox 877 1954 1045 1992; x_wconf 73' lang='lat' dir='ltr'>porrigere</span> <span class='ocrx_word' id='word_1_172' title='bbox 1069 1954 1162 1993; x_wconf 88' lang='lat' dir='ltr'>adju-</span> 
     </span>
     <span class='ocr_line' id='line_1_27' title="bbox 153 2007 1162 2047; baseline -0.001 -9"><span class='ocrx_word' id='word_1_173' title='bbox 153 2009 281 2043; x_wconf 79' lang='lat' dir='ltr'>tricem,</span> <span class='ocrx_word' id='word_1_174' title='bbox 294 2012 329 2038; x_wconf 92' lang='lat' dir='ltr'>ut</span> <span class='ocrx_word' id='word_1_175' title='bbox 340 2012 519 2046; x_wconf 82' lang='lat' dir='ltr'>proventus</span> <span class='ocrx_word' id='word_1_176' title='bbox 533 2007 749 2037; x_wconf 85' lang='lat' dir='ltr'>ecclesiarum</span> <span class='ocrx_word' id='word_1_177' title='bbox 760 2008 919 2046; x_wconf 80' lang='lat' dir='ltr'>ipsarum,</span> <span class='ocrx_word' id='word_1_178' title='bbox 935 2008 969 2037; x_wconf 89' lang='lat' dir='ltr'>in</span> <span class='ocrx_word' id='word_1_179' title='bbox 980 2008 1162 2047; x_wconf 85' lang='lat' dir='ltr'>quibusjus</span> 
     </span>
     <span class='ocr_line' id='line_1_28' title="bbox 152 2060 1163 2100; baseline 0 -9"><span class='ocrx_word' id='word_1_180' title='bbox 152 2065 345 2100; x_wconf 81' lang='lat' dir='ltr'>patronatus</span> <span class='ocrx_word' id='word_1_181' title='bbox 356 2060 487 2090; x_wconf 86' lang='lat' dir='ltr'>habetis</span> <span class='ocrx_word' id='word_1_182' title='bbox 499 2069 536 2090; x_wconf 76' lang='lat' dir='ltr'>ex</span> <span class='ocrx_word' id='word_1_183' title='bbox 550 2069 648 2096; x_wconf 81' lang='lat' dir='ltr'>nunc,</span> <span class='ocrx_word' id='word_1_184' title='bbox 665 2069 739 2090; x_wconf 91' lang='lat' dir='ltr'>cum</span> <span class='ocrx_word' id='word_1_185' title='bbox 756 2070 870 2090; x_wconf 82' lang='lat' dir='ltr'>earum</span> <span class='ocrx_word' id='word_1_186' title='bbox 886 2060 1033 2099; x_wconf 84' lang='lat' dir='ltr'>quelibet</span> <span class='ocrx_word' id='word_1_187' title='bbox 1046 2070 1163 2091; x_wconf 85' lang='lat' dir='ltr'>vacare</span> 
     </span>
     <span class='ocr_line' id='line_1_29' title="bbox 153 2113 1162 2152; baseline 0 -8"><span class='ocrx_word' id='word_1_188' title='bbox 153 2113 340 2151; x_wconf 86' lang='lat' dir='ltr'>contigerit,</span> <span class='ocrx_word' id='word_1_189' title='bbox 358 2122 416 2151; x_wconf 88' lang='lat' dir='ltr'>per</span> <span class='ocrx_word' id='word_1_190' title='bbox 432 2122 555 2142; x_wconf 89' lang='lat' dir='ltr'>annum</span> <span class='ocrx_word' id='word_1_191' title='bbox 566 2122 672 2143; x_wconf 87' lang='lat' dir='ltr'>unum</span> <span class='ocrx_word' id='word_1_192' title='bbox 686 2113 822 2152; x_wconf 84' lang='lat' dir='ltr'>possitis</span> <span class='ocrx_word' id='word_1_193' title='bbox 839 2114 1018 2152; x_wconf 83' lang='lat' dir='ltr'>percipere.</span> <span class='ocrx_word' id='word_1_194' title='bbox 1034 2114 1069 2142; x_wconf 92' lang='lat' dir='ltr'>in</span> <span class='ocrx_word' id='word_1_195' title='bbox 1081 2123 1162 2144; x_wconf 88' lang='lat' dir='ltr'>usus</span> 
     </span>
     <span class='ocr_line' id='line_1_30' title="bbox 152 2166 1163 2205; baseline 0 -9"><span class='ocrx_word' id='word_1_196' title='bbox 152 2167 298 2205; x_wconf 83' lang='lat' dir='ltr'>predicte</span> <span class='ocrx_word' id='word_1_197' title='bbox 320 2166 446 2196; x_wconf 80' lang='lat' dir='ltr'>fabrice</span> <span class='ocrx_word' id='word_1_198' title='bbox 470 2166 726 2201; x_wconf 87' lang='lat' dir='ltr'>convertendos,</span> <span class='ocrx_word' id='word_1_199' title='bbox 750 2175 815 2196; x_wconf 90' lang='lat' dir='ltr'>non</span> <span class='ocrx_word' id='word_1_200' title='bbox 838 2167 989 2197; x_wconf 85' lang='lat' dir='ltr'>obstante</span> <span class='ocrx_word' id='word_1_201' title='bbox 1013 2167 1041 2196; x_wconf 91' lang='lat' dir='ltr'>si</span> <span class='ocrx_word' id='word_1_202' title='bbox 1064 2176 1163 2205; x_wconf 88' lang='lat' dir='ltr'>super</span> 
     </span>
     <span class='ocr_line' id='line_1_31' title="bbox 154 2219 1163 2258; baseline 0.001 -8"><span class='ocrx_word' id='word_1_203' title='bbox 154 2220 279 2250; x_wconf 87' lang='lat' dir='ltr'>eisdem</span> <span class='ocrx_word' id='word_1_204' title='bbox 305 2219 455 2250; x_wconf 89' lang='lat' dir='ltr'>ecclesiis</span> <span class='ocrx_word' id='word_1_205' title='bbox 482 2228 540 2257; x_wconf 89' lang='lat' dir='ltr'>pro</span> <span class='ocrx_word' id='word_1_206' title='bbox 567 2219 736 2258; x_wconf 81' lang='lat' dir='ltr'>aliquibus</span> <span class='ocrx_word' id='word_1_207' title='bbox 756 2219 825 2258; x_wconf 86' lang='lat' dir='ltr'>jam</span> <span class='ocrx_word' id='word_1_208' title='bbox 849 2219 958 2250; x_wconf 76' lang='lat' dir='ltr'>littere</span> <span class='ocrx_word' id='word_1_209' title='bbox 984 2220 1163 2258; x_wconf 85' lang='lat' dir='ltr'>apostolice</span> 
     </span>
     <span class='ocr_line' id='line_1_32' title="bbox 153 2271 1161 2311; baseline 0.001 -9"><span class='ocrx_word' id='word_1_210' title='bbox 153 2276 368 2307; x_wconf 81' lang='lat' dir='ltr'>emanarunt,</span> <span class='ocrx_word' id='word_1_211' title='bbox 403 2271 524 2310; x_wconf 83' lang='lat' dir='ltr'>quibus</span> <span class='ocrx_word' id='word_1_212' title='bbox 560 2271 714 2302; x_wconf 89' lang='lat' dir='ltr'>nolumus</span> <span class='ocrx_word' id='word_1_213' title='bbox 746 2272 967 2311; x_wconf 81' lang='lat' dir='ltr'>prejudicium</span> <span class='ocrx_word' id='word_1_214' title='bbox 997 2274 1161 2310; x_wconf 77' lang='lat' dir='ltr'>generari,</span> 
     </span>
     <span class='ocr_line' id='line_1_33' title="bbox 152 2325 1163 2365; baseline 0.001 -10"><span class='ocrx_word' id='word_1_215' title='bbox 152 2325 348 2355; x_wconf 85' lang='lat' dir='ltr'>auctoritate</span> <span class='ocrx_word' id='word_1_216' title='bbox 362 2325 456 2355; x_wconf 88' lang='lat' dir='ltr'>vobis</span> <span class='ocrx_word' id='word_1_217' title='bbox 470 2325 675 2363; x_wconf 88' lang='lat' dir='ltr'>presentium</span> <span class='ocrx_word' id='word_1_218' title='bbox 687 2325 899 2363; x_wconf 79' lang='lat' dir='ltr'>indulgemus</span> <span class='ocrx_word' id='word_1_219' title='bbox 913 2336 918 2354; x_wconf 76' lang='grc' dir='ltr'>ε</span> <span class='ocrx_word' id='word_1_220' title='bbox 933 2326 1064 2364; x_wconf 87' lang='lat' dir='ltr'>proviso</span> <span class='ocrx_word' id='word_1_221' title='bbox 1076 2327 1163 2365; x_wconf 84' lang='lat' dir='ltr'>quod</span> 
     </span>
     <span class='ocr_line' id='line_1_34' title="bbox 152 2377 1160 2416; baseline 0.001 -8"><span class='ocrx_word' id='word_1_222' title='bbox 152 2378 291 2408; x_wconf 73' lang='lat' dir='ltr'>ecclesie</span> <span class='ocrx_word' id='word_1_223' title='bbox 310 2378 380 2415; x_wconf 86' lang='lat' dir='ltr'>ipse</span> <span class='ocrx_word' id='word_1_224' title='bbox 398 2377 518 2407; x_wconf 83' lang='lat' dir='ltr'>debitis</span> <span class='ocrx_word' id='word_1_225' title='bbox 535 2380 594 2407; x_wconf 85' lang='lat' dir='ltr'>etc.</span> <span class='ocrx_word' id='word_1_226' title='bbox 614 2386 720 2416; x_wconf 81' lang='lat' dir='ltr'>usque</span> <span class='ocrx_word' id='word_1_227' title='bbox 741 2388 746 2406; x_wconf 89' lang='lat'>:</span> <span class='ocrx_word' id='word_1_228' title='bbox 766 2378 964 2416; x_wconf 72' lang='lat' dir='ltr'>negligatur.</span> <span class='ocrx_word' id='word_1_229' title='bbox 990 2379 1082 2409; x_wconf 88' lang='lat' dir='ltr'>Nulli</span> <span class='ocrx_word' id='word_1_230' title='bbox 1100 2383 1160 2409; x_wconf 82' lang='lat' dir='ltr'>etc.</span> 
     </span>
     <span class='ocr_line' id='line_1_35' title="bbox 152 2429 1162 2468; baseline 0.002 -8"><span class='ocrx_word' id='word_1_231' title='bbox 152 2435 263 2460; x_wconf 86' lang='lat' dir='ltr'>nostre</span> <span class='ocrx_word' id='word_1_232' title='bbox 288 2429 514 2460; x_wconf 75' lang='lat' dir='ltr'>concessionis</span> <span class='ocrx_word' id='word_1_233' title='bbox 545 2433 603 2459; x_wconf 86' lang='lat' dir='ltr'>etc.</span> <span class='ocrx_word' id='word_1_234' title='bbox 635 2431 708 2460; x_wconf 82' lang='lat' dir='ltr'>Dat.</span> <span class='ocrx_word' id='word_1_235' title='bbox 737 2431 908 2468; x_wconf 74' lang='lat' dir='ltr'>Anagnie,</span> <span class='ocrx_word' id='word_1_236' title='bbox 942 2432 970 2461; x_wconf 85' lang='lat' dir='ltr'>X</span> <span class='ocrx_word' id='word_1_237' title='bbox 1002 2432 1162 2462; x_wconf 75' lang='lat' dir='ltr'>kalendas</span> 
     </span>
     <span class='ocr_line' id='line_1_36' title="bbox 150 2483 622 2522; baseline -0.008 -9"><span class='ocrx_word' id='word_1_238' title='bbox 150 2484 351 2519; x_wconf 78' lang='lat' dir='ltr'>novembris,</span> <span class='ocrx_word' id='word_1_239' title='bbox 371 2492 457 2513; x_wconf 91' lang='lat' dir='ltr'>anno</span> <span class='ocrx_word' id='word_1_240' title='bbox 472 2483 588 2522; x_wconf 87' lang='lat' dir='ltr'>primo.</span> <span class='ocrx_word' id='word_1_241' title='bbox 610 2495 622 2509; x_wconf 68' lang='lat' dir='ltr'>n</span> 
     </span>
    </p>
   </div>
   <div class='ocr_carea' id='block_1_11' title="bbox 222 2662 1089 2698">
    <p class='ocr_par' dir='ltr' id='par_1_11' title="bbox 222 2662 1089 2698">
     <span class='ocr_line' id='line_1_37' title="bbox 222 2662 1089 2698; baseline 0.001 -8"><span class='ocrx_word' id='word_1_242' title='bbox 222 2662 310 2690; x_wconf 60' lang='lat' dir='ltr'>8¹2ss</span> <span class='ocrx_word' id='word_1_243' title='bbox 707 2663 832 2697; x_wconf 83' lang='lat' dir='ltr'>Anagni,</span> <span class='ocrx_word' id='word_1_244' title='bbox 853 2664 882 2691; x_wconf 85' lang='lat'>31</span> <span class='ocrx_word' id='word_1_245' title='bbox 897 2664 993 2698; x_wconf 80' lang='lat' dir='ltr'>juillet</span> <span class='ocrx_word' id='word_1_246' title='bbox 1010 2664 1089 2691; x_wconf 75' lang='lat'><strong>1255.</strong></span> 
     </span>
    </p>
   </div>
   <div class='ocr_carea' id='block_1_12' title="bbox 151 2722 1161 2855">
    <p class='ocr_par' dir='ltr' id='par_1_12' title="bbox 151 2722 1161 2855">
     <span class='ocr_line' id='line_1_38' title="bbox 188 2722 1161 2760; baseline 0.004 -11"><span class='ocrx_word' id='word_1_247' title='bbox 188 2723 336 2758; x_wconf 81' lang='lat' dir='ltr'>llospitale</span> <span class='ocrx_word' id='word_1_248' title='bbox 352 2732 377 2751; x_wconf 87' lang='lat' dir='ltr'>s.</span> <span class='ocrx_word' id='word_1_249' title='bbox 395 2722 543 2758; x_wconf 81' lang='lat' dir='ltr'>Peregrini</span> <span class='ocrx_word' id='word_1_250' title='bbox 563 2724 598 2750; x_wconf 86' lang='lat' dir='ltr'>de</span> <span class='ocrx_word' id='word_1_251' title='bbox 614 2725 739 2759; x_wconf 83' lang='lat' dir='ltr'>Alpibus</span> <span class='ocrx_word' id='word_1_252' title='bbox 759 2725 813 2752; x_wconf 87' lang='lat' dir='ltr'>sub</span> <span class='ocrx_word' id='word_1_253' title='bbox 831 2734 883 2752; x_wconf 85' lang='lat' dir='ltr'>sua</span> <span class='ocrx_word' id='word_1_254' title='bbox 900 2726 1076 2760; x_wconf 81' lang='lat' dir='ltr'>protectione</span> <span class='ocrx_word' id='word_1_255' title='bbox 1093 2735 1161 2754; x_wconf 85' lang='lat' dir='ltr'>sus-</span> 
     </span>
     <span class='ocr_line' id='line_1_39' title="bbox 151 2773 1161 2807; baseline 0.004 -8"><span class='ocrx_word' id='word_1_256' title='bbox 151 2773 234 2807; x_wconf 82' lang='lat' dir='ltr'>cipit,</span> <span class='ocrx_word' id='word_1_257' title='bbox 252 2773 285 2798; x_wconf 86' lang='lat' dir='ltr'>dc</span> <span class='ocrx_word' id='word_1_258' title='bbox 309 2774 423 2800; x_wconf 79' lang='lat' dir='ltr'>annuali</span> <span class='ocrx_word' id='word_1_259' title='bbox 449 2781 538 2800; x_wconf 88' lang='lat' dir='ltr'>censu</span> <span class='ocrx_word' id='word_1_260' title='bbox 562 2777 590 2799; x_wconf 86' lang='lat' dir='ltr'>et</span> <span class='ocrx_word' id='word_1_261' title='bbox 612 2773 842 2801; x_wconf 80' lang='lat' dir='ltr'>ordinationibus</span> <span class='ocrx_word' id='word_1_262' title='bbox 868 2776 1074 2802; x_wconf 82' lang='lat' dir='ltr'>monachorum</span> <span class='ocrx_word' id='word_1_263' title='bbox 1100 2779 1161 2803; x_wconf 80' lang='lat' dir='ltr'>sta-</span> 
     </span>
     <span class='ocr_line' id='line_1_40' title="bbox 151 2821 705 2855; baseline 0.005 -8"><span class='ocrx_word' id='word_1_264' title='bbox 151 2821 267 2848; x_wconf 82' lang='lat' dir='ltr'>tuendo.</span> <span class='ocrx_word' id='word_1_265' title='bbox 284 2821 365 2851; x_wconf 71' lang='lat' dir='ltr'>(Rea.</span> <span class='ocrx_word' id='word_1_266' title='bbox 388 2821 434 2853; x_wconf 71' lang='lat'>24.</span> <span class='ocrx_word' id='word_1_267' title='bbox 455 2830 481 2850; x_wconf 85' lang='lat' dir='ltr'>e.</span> <span class='ocrx_word' id='word_1_268' title='bbox 502 2822 566 2854; x_wconf 79' lang='lat'>706,</span> <span class='ocrx_word' id='word_1_269' title='bbox 585 2823 603 2850; x_wconf 78' lang='lat' dir='ltr'>f.</span> <span class='ocrx_word' id='word_1_270' title='bbox 624 2822 705 2855; x_wconf 71' lang='lat' dir='ltr'>10-2v,)</span> 
     </span>
    </p>
   </div>
   <div class='ocr_carea' id='block_1_13' title="bbox 195 2925 1161 2965">
    <p class='ocr_par' dir='ltr' id='par_1_13' title="bbox 195 2925 1161 2965">
     <span class='ocr_line' id='line_1_41' title="bbox 195 2925 1161 2965; baseline 0.008 -16"><span class='ocrx_word' id='word_1_271' title='bbox 195 2935 207 2949; x_wconf 80' lang='lat' dir='ltr'>t&lt;</span> <span class='ocrx_word' id='word_1_272' title='bbox 233 2946 265 2957; x_wconf 75' lang='lat'>..,</span> <span class='ocrx_word' id='word_1_273' title='bbox 288 2925 410 2954; x_wconf 69' lang='lat' dir='ltr'>rectori,</span> <span class='ocrx_word' id='word_1_274' title='bbox 431 2929 457 2952; x_wconf 80' lang='lat' dir='ltr'>et</span> <span class='ocrx_word' id='word_1_275' title='bbox 479 2925 630 2961; x_wconf 60' lang='lat' dir='ltr'>fratribus</span> <span class='ocrx_word' id='word_1_276' title='bbox 652 2925 811 2963; x_wconf 78' lang='lat' dir='ltr'>hospitalis</span> <span class='ocrx_word' id='word_1_277' title='bbox 831 2928 932 2956; x_wconf 77' lang='lat' dir='ltr'>sancti</span> <span class='ocrx_word' id='word_1_278' title='bbox 949 2927 1110 2965; x_wconf 67' lang='lat' dir='ltr'>Pereyrini</span> <span class='ocrx_word' id='word_1_279' title='bbox 1128 2928 1161 2957; x_wconf 81' lang='lat' dir='ltr'>cle</span> 
     </span>
    </p>
   </div>
   <div class='ocr_carea' id='block_1_14' title="bbox 1245 332 2256 1113">
    <p class='ocr_par' dir='ltr' id='par_1_14' title="bbox 1245 332 2256 1113">
     <span class='ocr_line' id='line_1_42' title="bbox 1247 332 2251 375; baseline 0.007 -15"><span class='ocrx_word' id='word_1_280' title='bbox 1247 332 1371 369; x_wconf 78' lang='lat' dir='ltr'>Alpibus</span> <span class='ocrx_word' id='word_1_281' title='bbox 1389 335 1469 363; x_wconf 77' lang='lat' dir='ltr'>iuter</span> <span class='ocrx_word' id='word_1_282' title='bbox 1486 335 1626 364; x_wconf 76' lang='lat' dir='ltr'>Tusciam</span> <span class='ocrx_word' id='word_1_283' title='bbox 1646 342 1672 365; x_wconf 84' lang='lat' dir='ltr'>et</span> <span class='ocrx_word' id='word_1_284' title='bbox 1686 337 1900 366; x_wconf 74' lang='lat' dir='ltr'>Lombardiam</span> <span class='ocrx_word' id='word_1_285' title='bbox 1920 338 1955 366; x_wconf 82' lang='lat' dir='ltr'>in</span> <span class='ocrx_word' id='word_1_286' title='bbox 1973 338 2105 374; x_wconf 80' lang='lat' dir='ltr'>confinio</span> <span class='ocrx_word' id='word_1_287' title='bbox 2121 339 2251 375; x_wconf 80' lang='lat' dir='ltr'>Lucane,</span> 
     </span>
     <span class='ocr_line' id='line_1_43' title="bbox 1248 386 2253 428; baseline 0.008 -15"><span class='ocrx_word' id='word_1_288' title='bbox 1248 386 1354 422; x_wconf 64' lang='lat' dir='ltr'>Regiae</span> <span class='ocrx_word' id='word_1_289' title='bbox 1370 391 1396 415; x_wconf 77' lang='lat' dir='ltr'>et</span> <span class='ocrx_word' id='word_1_290' title='bbox 1413 387 1593 417; x_wconf 64' lang='lat' dir='ltr'>illutinensis</span> <span class='ocrx_word' id='word_1_291' title='bbox 1608 389 1773 418; x_wconf 81' lang='lat' dir='ltr'>diocesium</span> <span class='ocrx_word' id='word_1_292' title='bbox 1789 391 1954 419; x_wconf 68' lang='lat' dir='ltr'>emistentis.</span> <span class='ocrx_word' id='word_1_293' title='bbox 1972 390 2158 428; x_wconf 88' lang='lat' dir='ltr'>Religionis</span> <span class='ocrx_word' id='word_1_294' title='bbox 2174 390 2253 422; x_wconf 87' lang='lat' dir='ltr'>hos-</span> 
     </span>
     <span class='ocr_line' id='line_1_44' title="bbox 1247 436 2252 482; baseline 0.009 -17"><span class='ocrx_word' id='word_1_295' title='bbox 1247 436 1421 475; x_wconf 87' lang='lat' dir='ltr'>pitalitatis</span> <span class='ocrx_word' id='word_1_296' title='bbox 1437 438 1508 468; x_wconf 84' lang='lat' dir='ltr'>loca</span> <span class='ocrx_word' id='word_1_297' title='bbox 1526 449 1584 470; x_wconf 90' lang='lat' dir='ltr'>sue</span> <span class='ocrx_word' id='word_1_298' title='bbox 1600 441 1815 479; x_wconf 84' lang='lat' dir='ltr'>protectionis</span> <span class='ocrx_word' id='word_1_299' title='bbox 1835 442 1947 472; x_wconf 85' lang='lat' dir='ltr'>fovere</span> <span class='ocrx_word' id='word_1_300' title='bbox 1962 443 2107 480; x_wconf 88' lang='lat' dir='ltr'>presidio</span> <span class='ocrx_word' id='word_1_301' title='bbox 2124 452 2161 473; x_wconf 85' lang='lat' dir='ltr'>ac</span> <span class='ocrx_word' id='word_1_302' title='bbox 2177 453 2252 482; x_wconf 89' lang='lat' dir='ltr'>spe-</span> 
     </span>
     <span class='ocr_line' id='line_1_45' title="bbox 1247 490 2253 534; baseline 0.007 -15"><span class='ocrx_word' id='word_1_303' title='bbox 1247 490 1342 520; x_wconf 87' lang='lat' dir='ltr'>cialis</span> <span class='ocrx_word' id='word_1_304' title='bbox 1353 492 1458 529; x_wconf 88' lang='lat' dir='ltr'>gratie</span> <span class='ocrx_word' id='word_1_305' title='bbox 1470 492 1554 522; x_wconf 93' lang='lat' dir='ltr'>dono</span> <span class='ocrx_word' id='word_1_306' title='bbox 1566 494 1697 523; x_wconf 87' lang='lat' dir='ltr'>munire</span> <span class='ocrx_word' id='word_1_307' title='bbox 1710 494 1811 524; x_wconf 85' lang='lat' dir='ltr'>Sedes</span> <span class='ocrx_word' id='word_1_308' title='bbox 1821 503 2060 534; x_wconf 76' lang='lat' dir='ltr'>nonnunquam</span> <span class='ocrx_word' id='word_1_309' title='bbox 2074 496 2253 534; x_wconf 84' lang='lat' dir='ltr'>apostolica</span> 
     </span>
     <span class='ocr_line' id='line_1_46' title="bbox 1247 544 2251 587; baseline 0.006 -14"><span class='ocrx_word' id='word_1_310' title='bbox 1247 544 1436 580; x_wconf 85' lang='lat' dir='ltr'>consuevit,</span> <span class='ocrx_word' id='word_1_311' title='bbox 1457 548 1493 574; x_wconf 92' lang='lat' dir='ltr'>ut</span> <span class='ocrx_word' id='word_1_312' title='bbox 1509 554 1649 583; x_wconf 85' lang='lat' dir='ltr'>persone</span> <span class='ocrx_word' id='word_1_313' title='bbox 1668 546 1703 575; x_wconf 92' lang='lat' dir='ltr'>in</span> <span class='ocrx_word' id='word_1_314' title='bbox 1720 546 1767 576; x_wconf 88' lang='lat' dir='ltr'>eis</span> <span class='ocrx_word' id='word_1_315' title='bbox 1783 547 1924 577; x_wconf 89' lang='lat' dir='ltr'>Domino</span> <span class='ocrx_word' id='word_1_316' title='bbox 1941 548 2134 584; x_wconf 83' lang='lat' dir='ltr'>servientes,</span> <span class='ocrx_word' id='word_1_317' title='bbox 2153 549 2251 587; x_wconf 84' lang='lat' dir='ltr'>digne</span> 
     </span>
     <span class='ocr_line' id='line_1_47' title="bbox 1247 596 2252 638; baseline 0.005 -13"><span class='ocrx_word' id='word_1_318' title='bbox 1247 596 1332 634; x_wconf 85' lang='lat' dir='ltr'>apud</span> <span class='ocrx_word' id='word_1_319' title='bbox 1347 596 1454 634; x_wconf 85' lang='lat' dir='ltr'>ipsam</span> <span class='ocrx_word' id='word_1_320' title='bbox 1466 597 1615 636; x_wconf 87' lang='lat' dir='ltr'>precipui</span> <span class='ocrx_word' id='word_1_321' title='bbox 1628 598 1752 628; x_wconf 88' lang='lat' dir='ltr'>favoris</span> <span class='ocrx_word' id='word_1_322' title='bbox 1770 607 1804 628; x_wconf 87' lang='lat' dir='ltr'>se</span> <span class='ocrx_word' id='word_1_323' title='bbox 1820 599 1983 636; x_wconf 77' lang='lat' dir='ltr'>gaudeant</span> <span class='ocrx_word' id='word_1_324' title='bbox 1999 601 2182 638; x_wconf 85' lang='lat' dir='ltr'>patrocinia</span> <span class='ocrx_word' id='word_1_325' title='bbox 2198 601 2252 630; x_wconf 91' lang='lat' dir='ltr'>in-</span> 
     </span>
     <span class='ocr_line' id='line_1_48' title="bbox 1246 649 2255 690; baseline 0.007 -13"><span class='ocrx_word' id='word_1_326' title='bbox 1246 649 1390 684; x_wconf 89' lang='lat' dir='ltr'>venisse,</span> <span class='ocrx_word' id='word_1_327' title='bbox 1408 658 1467 687; x_wconf 87' lang='lat' dir='ltr'>per</span> <span class='ocrx_word' id='word_1_328' title='bbox 1485 659 1567 688; x_wconf 86' lang='lat' dir='ltr'>quos</span> <span class='ocrx_word' id='word_1_329' title='bbox 1585 650 1632 679; x_wconf 90' lang='lat' dir='ltr'>ibi</span> <span class='ocrx_word' id='word_1_330' title='bbox 1648 650 1832 680; x_wconf 87' lang='lat' dir='ltr'>redduntur</span> <span class='ocrx_word' id='word_1_331' title='bbox 1850 651 2009 690; x_wconf 83' lang='lat' dir='ltr'>obsequia</span> <span class='ocrx_word' id='word_1_332' title='bbox 2025 657 2117 690; x_wconf 84' lang='lat' dir='ltr'>grata</span> <span class='ocrx_word' id='word_1_333' title='bbox 2137 654 2204 683; x_wconf 90' lang='lat' dir='ltr'>Deo</span> <span class='ocrx_word' id='word_1_334' title='bbox 2223 657 2255 684; x_wconf 85' lang='lat' dir='ltr'>et</span> 
     </span>
     <span class='ocr_line' id='line_1_49' title="bbox 1245 702 2252 742; baseline 0.006 -12"><span class='ocrx_word' id='word_1_335' title='bbox 1245 705 1435 739; x_wconf 81' lang='lat' dir='ltr'>prestantur</span> <span class='ocrx_word' id='word_1_336' title='bbox 1446 702 1642 740; x_wconf 83' lang='lat' dir='ltr'>quamplura</span> <span class='ocrx_word' id='word_1_337' title='bbox 1650 703 1797 742; x_wconf 83' lang='lat' dir='ltr'>proximo</span> <span class='ocrx_word' id='word_1_338' title='bbox 1806 703 1968 733; x_wconf 84' lang='lat' dir='ltr'>beneficia</span> <span class='ocrx_word' id='word_1_339' title='bbox 1979 705 2122 742; x_wconf 87' lang='lat' dir='ltr'>pietatis.</span> <span class='ocrx_word' id='word_1_340' title='bbox 2134 706 2252 736; x_wconf 88' lang='lat' dir='ltr'>Merito</span> 
     </span>
     <span class='ocr_line' id='line_1_50' title="bbox 1246 754 2253 798; baseline 0.006 -15"><span class='ocrx_word' id='word_1_341' title='bbox 1246 754 1358 793; x_wconf 89' lang='lat' dir='ltr'>itaque</span> <span class='ocrx_word' id='word_1_342' title='bbox 1373 755 1473 785; x_wconf 84' lang='lat' dir='ltr'>Sedes</span> <span class='ocrx_word' id='word_1_343' title='bbox 1489 755 1572 794; x_wconf 71' lang='lat' dir='ltr'>ipsa,</span> <span class='ocrx_word' id='word_1_344' title='bbox 1586 765 1649 794; x_wconf 85' lang='lat' dir='ltr'>que</span> <span class='ocrx_word' id='word_1_345' title='bbox 1666 756 1861 794; x_wconf 87' lang='lat' dir='ltr'>disponente</span> <span class='ocrx_word' id='word_1_346' title='bbox 1874 757 2015 787; x_wconf 91' lang='lat' dir='ltr'>Domino</span> <span class='ocrx_word' id='word_1_347' title='bbox 2027 767 2125 796; x_wconf 85' lang='lat' dir='ltr'>super</span> <span class='ocrx_word' id='word_1_348' title='bbox 2136 759 2253 798; x_wconf 89' lang='lat' dir='ltr'>hujus-</span> 
     </span>
     <span class='ocr_line' id='line_1_51' title="bbox 1247 807 2254 847; baseline 0.006 -12"><span class='ocrx_word' id='word_1_349' title='bbox 1247 807 1335 836; x_wconf 87' lang='lat' dir='ltr'>modi</span> <span class='ocrx_word' id='word_1_350' title='bbox 1351 807 1423 837; x_wconf 88' lang='lat' dir='ltr'>loca</span> <span class='ocrx_word' id='word_1_351' title='bbox 1439 807 1519 846; x_wconf 84' lang='lat' dir='ltr'>quin</span> <span class='ocrx_word' id='word_1_352' title='bbox 1532 808 1633 838; x_wconf 89' lang='lat' dir='ltr'>immo</span> <span class='ocrx_word' id='word_1_353' title='bbox 1650 812 1680 838; x_wconf 89' lang='lat' dir='ltr'>et</span> <span class='ocrx_word' id='word_1_354' title='bbox 1697 818 1796 847; x_wconf 91' lang='lat' dir='ltr'>super</span> <span class='ocrx_word' id='word_1_355' title='bbox 1806 809 1982 840; x_wconf 87' lang='lat' dir='ltr'>universas</span> <span class='ocrx_word' id='word_1_356' title='bbox 1995 810 2084 840; x_wconf 87' lang='lat' dir='ltr'>orbis</span> <span class='ocrx_word' id='word_1_357' title='bbox 2097 811 2254 841; x_wconf 85' lang='lat' dir='ltr'>ecclesias</span> 
     </span>
     <span class='ocr_line' id='line_1_52' title="bbox 1247 859 2253 902; baseline 0.005 -14"><span class='ocrx_word' id='word_1_358' title='bbox 1247 859 1398 890; x_wconf 89' lang='lat' dir='ltr'>ordinate</span> <span class='ocrx_word' id='word_1_359' title='bbox 1414 861 1587 898; x_wconf 82' lang='lat' dir='ltr'>potestatis</span> <span class='ocrx_word' id='word_1_360' title='bbox 1602 861 1728 892; x_wconf 85' lang='lat' dir='ltr'>obtinet</span> <span class='ocrx_word' id='word_1_361' title='bbox 1745 861 1978 900; x_wconf 78' lang='lat' dir='ltr'>principatum,</span> <span class='ocrx_word' id='word_1_362' title='bbox 1995 862 2107 902; x_wconf 87' lang='lat' dir='ltr'>aliqua</span> <span class='ocrx_word' id='word_1_363' title='bbox 2120 863 2158 893; x_wconf 89' lang='lat' dir='ltr'>de</span> <span class='ocrx_word' id='word_1_364' title='bbox 2174 863 2253 900; x_wconf 79' lang='lat' dir='ltr'>hiis,</span> 
     </span>
     <span class='ocr_line' id='line_1_53' title="bbox 1247 912 2256 954; baseline 0.004 -13"><span class='ocrx_word' id='word_1_365' title='bbox 1247 912 1280 941; x_wconf 91' lang='lat' dir='ltr'>in</span> <span class='ocrx_word' id='word_1_366' title='bbox 1303 912 1424 951; x_wconf 83' lang='lat' dir='ltr'>quibus</span> <span class='ocrx_word' id='word_1_367' title='bbox 1447 913 1602 952; x_wconf 86' lang='lat' dir='ltr'>precipue</span> <span class='ocrx_word' id='word_1_368' title='bbox 1625 914 1786 944; x_wconf 83' lang='lat' dir='ltr'>virtutum</span> <span class='ocrx_word' id='word_1_369' title='bbox 1809 914 1981 944; x_wconf 78' lang='lat' dir='ltr'>celestium</span> <span class='ocrx_word' id='word_1_370' title='bbox 1997 915 2082 944; x_wconf 84' lang='lat' dir='ltr'>dona</span> <span class='ocrx_word' id='word_1_371' title='bbox 2105 920 2135 945; x_wconf 84' lang='lat' dir='ltr'>et</span> <span class='ocrx_word' id='word_1_372' title='bbox 2157 924 2256 954; x_wconf 88' lang='lat' dir='ltr'>opera</span> 
     </span>
     <span class='ocr_line' id='line_1_54' title="bbox 1247 965 2255 1007; baseline 0.002 -12"><span class='ocrx_word' id='word_1_373' title='bbox 1247 965 1398 995; x_wconf 85' lang='lat' dir='ltr'>caritatis</span> <span class='ocrx_word' id='word_1_374' title='bbox 1410 966 1602 1002; x_wconf 78' lang='lat' dir='ltr'>exuberant,</span> <span class='ocrx_word' id='word_1_375' title='bbox 1616 967 1785 997; x_wconf 87' lang='lat' dir='ltr'>interdum</span> <span class='ocrx_word' id='word_1_376' title='bbox 1798 967 1976 1005; x_wconf 85' lang='lat' dir='ltr'>specialius</span> <span class='ocrx_word' id='word_1_377' title='bbox 1989 968 2053 998; x_wconf 88' lang='lat' dir='ltr'>sibi</span> <span class='ocrx_word' id='word_1_378' title='bbox 2064 968 2175 998; x_wconf 89' lang='lat' dir='ltr'>subdit</span> <span class='ocrx_word' id='word_1_379' title='bbox 2186 969 2255 1007; x_wconf 90' lang='lat' dir='ltr'>pri-</span> 
     </span>
     <span class='ocr_line' id='line_1_55' title="bbox 1246 1018 2253 1059; baseline 0.003 -12"><span class='ocrx_word' id='word_1_380' title='bbox 1246 1018 1369 1056; x_wconf 86' lang='lat' dir='ltr'>vilegia</span> <span class='ocrx_word' id='word_1_381' title='bbox 1383 1019 1498 1049; x_wconf 88' lang='lat' dir='ltr'>eadem</span> <span class='ocrx_word' id='word_1_382' title='bbox 1511 1020 1729 1058; x_wconf 82' lang='lat' dir='ltr'>exemptionis</span> <span class='ocrx_word' id='word_1_383' title='bbox 1743 1024 1774 1050; x_wconf 90' lang='lat' dir='ltr'>et</span> <span class='ocrx_word' id='word_1_384' title='bbox 1789 1020 1954 1050; x_wconf 85' lang='lat' dir='ltr'>libertatis</span> <span class='ocrx_word' id='word_1_385' title='bbox 1970 1021 2125 1050; x_wconf 88' lang='lat' dir='ltr'>minuens</span> <span class='ocrx_word' id='word_1_386' title='bbox 2143 1021 2253 1059; x_wconf 89' lang='lat' dir='ltr'>singu—</span> 
     </span>
     <span class='ocr_line' id='line_1_56' title="bbox 1246 1071 2253 1113; baseline 0.004 -13"><span class='ocrx_word' id='word_1_387' title='bbox 1246 1071 1307 1101; x_wconf 88' lang='lat' dir='ltr'>lari</span> <span class='ocrx_word' id='word_1_388' title='bbox 1319 1071 1433 1110; x_wconf 84' lang='lat' dir='ltr'>sicque</span> <span class='ocrx_word' id='word_1_389' title='bbox 1445 1081 1463 1101; x_wconf 89' lang='lat' dir='ltr'>a</span> <span class='ocrx_word' id='word_1_390' title='bbox 1478 1072 1655 1111; x_wconf 87' lang='lat' dir='ltr'>cujuslibet</span> <span class='ocrx_word' id='word_1_391' title='bbox 1667 1073 1901 1111; x_wconf 88' lang='lat' dir='ltr'>jurisdictione</span> <span class='ocrx_word' id='word_1_392' title='bbox 1918 1074 1990 1112; x_wconf 87' lang='lat' dir='ltr'>ipsa</span> <span class='ocrx_word' id='word_1_393' title='bbox 2006 1074 2151 1112; x_wconf 88' lang='lat' dir='ltr'>eripiens</span> <span class='ocrx_word' id='word_1_394' title='bbox 2165 1074 2253 1113; x_wconf 81' lang='lat' dir='ltr'>quod</span> 
     </span>
    </p>
   </div>
   <div class='ocr_carea' id='block_1_15' title="bbox 1197 1124 2255 1163">
    <p class='ocr_par' dir='ltr' id='par_1_15' title="bbox 1197 1124 2255 1163">
     <span class='ocr_line' id='line_1_57' title="bbox 1197 1124 2255 1163; baseline 0.003 -10"><span class='ocrx_word' id='word_1_395' title='bbox 1197 1133 1202 1138; x_wconf 64' lang='grc'><em>’</em></span> <span class='ocrx_word' id='word_1_396' title='bbox 1248 1124 1310 1154; x_wconf 88' lang='lat' dir='ltr'>soli</span> <span class='ocrx_word' id='word_1_397' title='bbox 1325 1124 1474 1163; x_wconf 86' lang='lat' dir='ltr'>ejusdem</span> <span class='ocrx_word' id='word_1_398' title='bbox 1490 1125 1584 1155; x_wconf 85' lang='lat' dir='ltr'>Sedis</span> <span class='ocrx_word' id='word_1_399' title='bbox 1599 1125 1744 1156; x_wconf 89' lang='lat' dir='ltr'>dominio</span> <span class='ocrx_word' id='word_1_400' title='bbox 1757 1130 1788 1162; x_wconf 77' lang='lat' dir='ltr'>et</span> <span class='ocrx_word' id='word_1_401' title='bbox 1801 1127 1950 1156; x_wconf 84' lang='lat' dir='ltr'>Romano</span> <span class='ocrx_word' id='word_1_402' title='bbox 1967 1130 2095 1156; x_wconf 82' lang='lat' dir='ltr'>tantum</span> <span class='ocrx_word' id='word_1_403' title='bbox 2110 1127 2255 1157; x_wconf 83' lang='lat' dir='ltr'>letentur</span> 
     </span>
    </p>
   </div>
   <div class='ocr_carea' id='block_1_16' title="bbox 1244 1177 2255 2435">
    <p class='ocr_par' dir='ltr' id='par_1_16' title="bbox 1244 1177 2255 2435">
     <span class='ocr_line' id='line_1_58' title="bbox 1248 1177 2253 1217; baseline 0.003 -11"><span class='ocrx_word' id='word_1_404' title='bbox 1248 1177 1397 1215; x_wconf 84' lang='lat' dir='ltr'>pontifici</span> <span class='ocrx_word' id='word_1_405' title='bbox 1409 1186 1443 1207; x_wconf 89' lang='lat' dir='ltr'>se</span> <span class='ocrx_word' id='word_1_406' title='bbox 1458 1177 1606 1208; x_wconf 88' lang='lat' dir='ltr'>subesse.</span> <span class='ocrx_word' id='word_1_407' title='bbox 1617 1178 1714 1213; x_wconf 86' lang='lat' dir='ltr'>Sane,</span> <span class='ocrx_word' id='word_1_408' title='bbox 1731 1178 1817 1208; x_wconf 85' lang='lat' dir='ltr'>sicut</span> <span class='ocrx_word' id='word_1_409' title='bbox 1828 1179 2027 1217; x_wconf 80' lang='lat' dir='ltr'>accepimus,</span> <span class='ocrx_word' id='word_1_410' title='bbox 2041 1179 2194 1209; x_wconf 85' lang='lat' dir='ltr'>nonnulli</span> <span class='ocrx_word' id='word_1_411' title='bbox 2205 1189 2253 1210; x_wconf 91' lang='lat' dir='ltr'>re-</span> 
     </span>
     <span class='ocr_line' id='line_1_59' title="bbox 1247 1230 2254 1270; baseline 0.003 -11"><span class='ocrx_word' id='word_1_412' title='bbox 1247 1238 1323 1267; x_wconf 86' lang='lat' dir='ltr'>gum</span> <span class='ocrx_word' id='word_1_413' title='bbox 1341 1234 1371 1259; x_wconf 89' lang='lat' dir='ltr'>et</span> <span class='ocrx_word' id='word_1_414' title='bbox 1387 1230 1575 1268; x_wconf 86' lang='lat' dir='ltr'>principum</span> <span class='ocrx_word' id='word_1_415' title='bbox 1594 1231 1802 1270; x_wconf 86' lang='lat' dir='ltr'>aliorumque</span> <span class='ocrx_word' id='word_1_416' title='bbox 1824 1231 2026 1261; x_wconf 87' lang='lat' dir='ltr'>secularium</span> <span class='ocrx_word' id='word_1_417' title='bbox 2042 1232 2205 1262; x_wconf 82' lang='lat' dir='ltr'>nobilium</span> <span class='ocrx_word' id='word_1_418' title='bbox 2222 1237 2254 1263; x_wconf 85' lang='lat' dir='ltr'>et</span> 
     </span>
     <span class='ocr_line' id='line_1_60' title="bbox 1248 1283 2253 1322; baseline 0.004 -11"><span class='ocrx_word' id='word_1_419' title='bbox 1248 1287 1438 1321; x_wconf 85' lang='lat' dir='ltr'>magnatum</span> <span class='ocrx_word' id='word_1_420' title='bbox 1463 1283 1626 1321; x_wconf 78' lang='lat' dir='ltr'>hospitale</span> <span class='ocrx_word' id='word_1_421' title='bbox 1647 1288 1794 1313; x_wconf 86' lang='lat' dir='ltr'>vestrum</span> <span class='ocrx_word' id='word_1_422' title='bbox 1815 1284 1921 1314; x_wconf 85' lang='lat' dir='ltr'>sancti</span> <span class='ocrx_word' id='word_1_423' title='bbox 1943 1285 2116 1322; x_wconf 83' lang='lat' dir='ltr'>Peregrini</span> <span class='ocrx_word' id='word_1_424' title='bbox 2140 1286 2178 1315; x_wconf 84' lang='lat' dir='ltr'>de</span> <span class='ocrx_word' id='word_1_425' title='bbox 2195 1285 2253 1315; x_wconf 90' lang='lat' dir='ltr'>Al-</span> 
     </span>
     <span class='ocr_line' id='line_1_61' title="bbox 1247 1336 2255 1373; baseline 0.005 -9"><span class='ocrx_word' id='word_1_426' title='bbox 1247 1336 1355 1373; x_wconf 82' lang='lat' dir='ltr'>pibus,</span> <span class='ocrx_word' id='word_1_427' title='bbox 1377 1336 1522 1373; x_wconf 86' lang='lat' dir='ltr'>positum</span> <span class='ocrx_word' id='word_1_428' title='bbox 1551 1337 1585 1365; x_wconf 91' lang='lat' dir='ltr'>in</span> <span class='ocrx_word' id='word_1_429' title='bbox 1611 1337 1798 1367; x_wconf 85' lang='lat' dir='ltr'>confinibus</span> <span class='ocrx_word' id='word_1_430' title='bbox 1824 1338 1967 1372; x_wconf 77' lang='lat' dir='ltr'>Lucane,</span> <span class='ocrx_word' id='word_1_431' title='bbox 1996 1338 2198 1369; x_wconf 88' lang='lat' dir='ltr'>Mutinensis</span> <span class='ocrx_word' id='word_1_432' title='bbox 2224 1343 2255 1369; x_wconf 85' lang='lat' dir='ltr'>et</span> 
     </span>
     <span class='ocr_line' id='line_1_62' title="bbox 1248 1389 2253 1430; baseline 0.003 -12"><span class='ocrx_word' id='word_1_433' title='bbox 1248 1389 1373 1426; x_wconf 71' lang='lat' dir='ltr'>Regino</span> <span class='ocrx_word' id='word_1_434' title='bbox 1396 1389 1579 1419; x_wconf 84' lang='lat' dir='ltr'>diocesium</span> <span class='ocrx_word' id='word_1_435' title='bbox 1602 1393 1632 1419; x_wconf 87' lang='lat' dir='ltr'>et</span> <span class='ocrx_word' id='word_1_436' title='bbox 1647 1390 1900 1427; x_wconf 87' lang='lat' dir='ltr'>peregrinorum</span> <span class='ocrx_word' id='word_1_437' title='bbox 1922 1390 2129 1430; x_wconf 86' lang='lat' dir='ltr'>aliorumque</span> <span class='ocrx_word' id='word_1_438' title='bbox 2148 1391 2253 1421; x_wconf 72' lang='lat' dir='ltr'>viato-</span> 
     </span>
     <span class='ocr_line' id='line_1_63' title="bbox 1246 1441 2253 1482; baseline 0.003 -11"><span class='ocrx_word' id='word_1_439' title='bbox 1246 1451 1319 1471; x_wconf 90' lang='lat' dir='ltr'>rum</span> <span class='ocrx_word' id='word_1_440' title='bbox 1333 1441 1495 1471; x_wconf 89' lang='lat' dir='ltr'>nobilium</span> <span class='ocrx_word' id='word_1_441' title='bbox 1508 1446 1538 1472; x_wconf 90' lang='lat' dir='ltr'>et</span> <span class='ocrx_word' id='word_1_442' title='bbox 1550 1442 1762 1478; x_wconf 74' lang='lat' dir='ltr'>innobilium,</span> <span class='ocrx_word' id='word_1_443' title='bbox 1776 1443 1916 1472; x_wconf 83' lang='lat' dir='ltr'>divitum</span> <span class='ocrx_word' id='word_1_444' title='bbox 1929 1453 2059 1482; x_wconf 82' lang='lat' dir='ltr'>quoque</span> <span class='ocrx_word' id='word_1_445' title='bbox 2070 1453 2253 1482; x_wconf 88' lang='lat' dir='ltr'>pauperum</span> 
     </span>
     <span class='ocr_line' id='line_1_64' title="bbox 1246 1495 2253 1534; baseline 0.001 -9"><span class='ocrx_word' id='word_1_446' title='bbox 1246 1499 1277 1525; x_wconf 88' lang='lat' dir='ltr'>et</span> <span class='ocrx_word' id='word_1_447' title='bbox 1294 1495 1504 1524; x_wconf 87' lang='lat' dir='ltr'>infirmorum</span> <span class='ocrx_word' id='word_1_448' title='bbox 1521 1495 1724 1533; x_wconf 83' lang='lat' dir='ltr'>susceptioni</span> <span class='ocrx_word' id='word_1_449' title='bbox 1741 1496 1961 1525; x_wconf 89' lang='lat' dir='ltr'>communiter</span> <span class='ocrx_word' id='word_1_450' title='bbox 1981 1505 2017 1526; x_wconf 89' lang='lat' dir='ltr'>ac</span> <span class='ocrx_word' id='word_1_451' title='bbox 2032 1496 2253 1534; x_wconf 85' lang='lat' dir='ltr'>hospitalitati</span> 
     </span>
     <span class='ocr_line' id='line_1_65' title="bbox 1246 1548 2252 1589; baseline 0.001 -11"><span class='ocrx_word' id='word_1_452' title='bbox 1246 1548 1441 1589; x_wconf 76' lang='lat' dir='ltr'>expositum,</span> <span class='ocrx_word' id='word_1_453' title='bbox 1463 1548 1551 1578; x_wconf 86' lang='lat' dir='ltr'>inter</span> <span class='ocrx_word' id='word_1_454' title='bbox 1573 1548 1638 1578; x_wconf 89' lang='lat' dir='ltr'>alia</span> <span class='ocrx_word' id='word_1_455' title='bbox 1654 1549 1892 1579; x_wconf 83' lang='lat' dir='ltr'>beneficiorum</span> <span class='ocrx_word' id='word_1_456' title='bbox 1908 1549 1992 1579; x_wconf 90' lang='lat' dir='ltr'>dona</span> <span class='ocrx_word' id='word_1_457' title='bbox 2014 1558 2134 1588; x_wconf 84' lang='lat' dir='ltr'>magna</span> <span class='ocrx_word' id='word_1_458' title='bbox 2150 1550 2252 1580; x_wconf 90' lang='lat' dir='ltr'>liber-</span> 
     </span>
     <span class='ocr_line' id='line_1_66' title="bbox 1248 1601 2253 1639; baseline 0.002 -9"><span class='ocrx_word' id='word_1_459' title='bbox 1248 1605 1350 1630; x_wconf 84' lang='lat' dir='ltr'>tatum</span> <span class='ocrx_word' id='word_1_460' title='bbox 1373 1605 1404 1631; x_wconf 88' lang='lat' dir='ltr'>et</span> <span class='ocrx_word' id='word_1_461' title='bbox 1424 1601 1673 1631; x_wconf 84' lang='lat' dir='ltr'>immunitatum</span> <span class='ocrx_word' id='word_1_462' title='bbox 1695 1601 1871 1639; x_wconf 76' lang='lat' dir='ltr'>largitione</span> <span class='ocrx_word' id='word_1_463' title='bbox 1893 1611 1929 1632; x_wconf 87' lang='lat' dir='ltr'>ac</span> <span class='ocrx_word' id='word_1_464' title='bbox 1952 1603 2164 1633; x_wconf 81' lang='lat' dir='ltr'>concessione</span> <span class='ocrx_word' id='word_1_465' title='bbox 2183 1612 2253 1632; x_wconf 89' lang='lat' dir='ltr'>am-</span> 
     </span>
     <span class='ocr_line' id='line_1_67' title="bbox 1244 1653 2253 1693; baseline 0.001 -10"><span class='ocrx_word' id='word_1_466' title='bbox 1244 1653 1367 1691; x_wconf 88' lang='lat' dir='ltr'>pliasse</span> <span class='ocrx_word' id='word_1_467' title='bbox 1391 1654 1556 1689; x_wconf 82' lang='lat' dir='ltr'>dicuntur,</span> <span class='ocrx_word' id='word_1_468' title='bbox 1585 1654 1643 1683; x_wconf 90' lang='lat' dir='ltr'>ubi</span> <span class='ocrx_word' id='word_1_469' title='bbox 1663 1654 1774 1689; x_wconf 45' lang='lat' dir='ltr'>etiam,</span> <span class='ocrx_word' id='word_1_470' title='bbox 1798 1663 1856 1692; x_wconf 89' lang='lat' dir='ltr'>pro</span> <span class='ocrx_word' id='word_1_471' title='bbox 1881 1663 1918 1684; x_wconf 91' lang='lat' dir='ltr'>eo</span> <span class='ocrx_word' id='word_1_472' title='bbox 1942 1655 2028 1693; x_wconf 83' lang='lat' dir='ltr'>quod</span> <span class='ocrx_word' id='word_1_473' title='bbox 2045 1655 2186 1693; x_wconf 80' lang='lat' dir='ltr'>largitur</span> <span class='ocrx_word' id='word_1_474' title='bbox 2206 1655 2253 1684; x_wconf 90' lang='lat' dir='ltr'>ibi</span> 
     </span>
     <span class='ocr_line' id='line_1_68' title="bbox 1247 1706 2253 1745; baseline 0.001 -10"><span class='ocrx_word' id='word_1_475' title='bbox 1247 1706 1401 1735; x_wconf 89' lang='lat' dir='ltr'>omnibus</span> <span class='ocrx_word' id='word_1_476' title='bbox 1419 1706 1499 1735; x_wconf 91' lang='lat' dir='ltr'>illuc</span> <span class='ocrx_word' id='word_1_477' title='bbox 1516 1706 1749 1736; x_wconf 83' lang='lat' dir='ltr'>accedentibus</span> <span class='ocrx_word' id='word_1_478' title='bbox 1767 1707 1900 1744; x_wconf 86' lang='lat' dir='ltr'>pietatis</span> <span class='ocrx_word' id='word_1_479' title='bbox 1917 1706 2105 1744; x_wconf 87' lang='lat' dir='ltr'>largiuntur</span> <span class='ocrx_word' id='word_1_480' title='bbox 2124 1708 2253 1745; x_wconf 88' lang='lat' dir='ltr'>impen-</span> 
     </span>
     <span class='ocr_line' id='line_1_69' title="bbox 1247 1759 2253 1799; baseline 0.001 -11"><span class='ocrx_word' id='word_1_481' title='bbox 1247 1759 1312 1793; x_wconf 77' lang='lat' dir='ltr'>dia,</span> <span class='ocrx_word' id='word_1_482' title='bbox 1327 1762 1357 1789; x_wconf 86' lang='lat' dir='ltr'>et</span> <span class='ocrx_word' id='word_1_483' title='bbox 1372 1759 1455 1789; x_wconf 88' lang='lat' dir='ltr'>alias</span> <span class='ocrx_word' id='word_1_484' title='bbox 1470 1759 1510 1788; x_wconf 86' lang='lat' dir='ltr'>ob</span> <span class='ocrx_word' id='word_1_485' title='bbox 1527 1759 1646 1788; x_wconf 78' lang='lat' dir='ltr'>merita</span> <span class='ocrx_word' id='word_1_486' title='bbox 1659 1759 1747 1789; x_wconf 88' lang='lat' dir='ltr'>beati</span> <span class='ocrx_word' id='word_1_487' title='bbox 1760 1760 1944 1797; x_wconf 81' lang='lat' dir='ltr'>Peregrini,</span> <span class='ocrx_word' id='word_1_488' title='bbox 1959 1760 2052 1799; x_wconf 87' lang='lat' dir='ltr'>cujus</span> <span class='ocrx_word' id='word_1_489' title='bbox 2064 1769 2181 1798; x_wconf 88' lang='lat' dir='ltr'>corpus</span> <span class='ocrx_word' id='word_1_490' title='bbox 2194 1760 2253 1789; x_wconf 85' lang='lat' dir='ltr'>ibi-</span> 
     </span>
     <span class='ocr_line' id='line_1_70' title="bbox 1247 1812 2253 1850; baseline 0.002 -10"><span class='ocrx_word' id='word_1_491' title='bbox 1247 1812 1321 1842; x_wconf 86' lang='lat' dir='ltr'>dem</span> <span class='ocrx_word' id='word_1_492' title='bbox 1336 1812 1442 1841; x_wconf 79' lang='lat' dir='ltr'>fertur</span> <span class='ocrx_word' id='word_1_493' title='bbox 1465 1812 1648 1850; x_wconf 76' lang='lat' dir='ltr'>quiescere,</span> <span class='ocrx_word' id='word_1_494' title='bbox 1671 1812 1758 1841; x_wconf 83' lang='lat' dir='ltr'>circa</span> <span class='ocrx_word' id='word_1_495' title='bbox 1776 1812 1926 1841; x_wconf 87' lang='lat' dir='ltr'>infirmos</span> <span class='ocrx_word' id='word_1_496' title='bbox 1943 1816 1973 1842; x_wconf 91' lang='lat' dir='ltr'>et</span> <span class='ocrx_word' id='word_1_497' title='bbox 1990 1813 2074 1843; x_wconf 87' lang='lat' dir='ltr'>male</span> <span class='ocrx_word' id='word_1_498' title='bbox 2092 1813 2253 1843; x_wconf 86' lang='lat' dir='ltr'>habentes</span> 
     </span>
     <span class='ocr_line' id='line_1_71' title="bbox 1248 1865 2254 1904; baseline 0.003 -11"><span class='ocrx_word' id='word_1_499' title='bbox 1248 1874 1386 1895; x_wconf 84' lang='lat' dir='ltr'>munera</span> <span class='ocrx_word' id='word_1_500' title='bbox 1404 1865 1597 1903; x_wconf 80' lang='lat' dir='ltr'>frequenter</span> <span class='ocrx_word' id='word_1_501' title='bbox 1612 1865 1745 1895; x_wconf 83' lang='lat' dir='ltr'>virtutis</span> <span class='ocrx_word' id='word_1_502' title='bbox 1763 1865 1874 1895; x_wconf 88' lang='lat' dir='ltr'>divine</span> <span class='ocrx_word' id='word_1_503' title='bbox 1893 1865 2090 1895; x_wconf 88' lang='lat' dir='ltr'>clarescunt.</span> <span class='ocrx_word' id='word_1_504' title='bbox 2108 1866 2254 1904; x_wconf 87' lang='lat' dir='ltr'>Eaprop-</span> 
     </span>
     <span class='ocr_line' id='line_1_72' title="bbox 1248 1918 2253 1957; baseline 0.002 -10"><span class='ocrx_word' id='word_1_505' title='bbox 1248 1923 1306 1953; x_wconf 78' lang='lat' dir='ltr'>ter,</span> <span class='ocrx_word' id='word_1_506' title='bbox 1321 1918 1433 1948; x_wconf 85' lang='lat' dir='ltr'>dilecti</span> <span class='ocrx_word' id='word_1_507' title='bbox 1449 1918 1484 1947; x_wconf 91' lang='lat' dir='ltr'>in</span> <span class='ocrx_word' id='word_1_508' title='bbox 1503 1918 1636 1948; x_wconf 89' lang='lat' dir='ltr'>domino</span> <span class='ocrx_word' id='word_1_509' title='bbox 1652 1918 1724 1954; x_wconf 76' lang='lat' dir='ltr'>filii,</span> <span class='ocrx_word' id='word_1_510' title='bbox 1739 1918 1858 1948; x_wconf 80' lang='lat' dir='ltr'>vestris</span> <span class='ocrx_word' id='word_1_511' title='bbox 1870 1918 2150 1957; x_wconf 88' lang='lat' dir='ltr'>postulationibus</span> <span class='ocrx_word' id='word_1_512' title='bbox 2162 1923 2253 1957; x_wconf 87' lang='lat' dir='ltr'>grato</span> 
     </span>
     <span class='ocr_line' id='line_1_73' title="bbox 1247 1971 2253 2010; baseline 0.002 -10"><span class='ocrx_word' id='word_1_513' title='bbox 1247 1976 1482 2001; x_wconf 80' lang='lat' dir='ltr'>concurrentes</span> <span class='ocrx_word' id='word_1_514' title='bbox 1502 1972 1632 2007; x_wconf 81' lang='lat' dir='ltr'>affectu,</span> <span class='ocrx_word' id='word_1_515' title='bbox 1650 1972 1738 2001; x_wconf 84' lang='lat' dir='ltr'>idem</span> <span class='ocrx_word' id='word_1_516' title='bbox 1754 1971 1916 2010; x_wconf 83' lang='lat' dir='ltr'>hospitale</span> <span class='ocrx_word' id='word_1_517' title='bbox 1934 1972 1968 2001; x_wconf 89' lang='lat' dir='ltr'>in</span> <span class='ocrx_word' id='word_1_518' title='bbox 1987 1981 2051 2010; x_wconf 85' lang='lat' dir='ltr'>quo</span> <span class='ocrx_word' id='word_1_519' title='bbox 2068 1972 2180 2002; x_wconf 86' lang='lat' dir='ltr'>divino</span> <span class='ocrx_word' id='word_1_520' title='bbox 2196 1982 2253 2002; x_wconf 91' lang='lat' dir='ltr'>va-</span> 
     </span>
     <span class='ocr_line' id='line_1_74' title="bbox 1247 2024 2254 2063; baseline 0.002 -9"><span class='ocrx_word' id='word_1_521' title='bbox 1247 2025 1329 2054; x_wconf 86' lang='lat' dir='ltr'>catis</span> <span class='ocrx_word' id='word_1_522' title='bbox 1354 2024 1529 2063; x_wconf 82' lang='lat' dir='ltr'>obsequio,</span> <span class='ocrx_word' id='word_1_523' title='bbox 1557 2024 1730 2054; x_wconf 87' lang='lat' dir='ltr'>ecclesiam</span> <span class='ocrx_word' id='word_1_524' title='bbox 1751 2034 1896 2063; x_wconf 81' lang='lat' dir='ltr'>quoque,</span> <span class='ocrx_word' id='word_1_525' title='bbox 1925 2034 2083 2063; x_wconf 85' lang='lat' dir='ltr'>personas</span> <span class='ocrx_word' id='word_1_526' title='bbox 2111 2030 2142 2055; x_wconf 85' lang='lat' dir='ltr'>et</span> <span class='ocrx_word' id='word_1_527' title='bbox 2169 2026 2254 2056; x_wconf 90' lang='lat' dir='ltr'>bona</span> 
     </span>
     <span class='ocr_line' id='line_1_75' title="bbox 1246 2077 2253 2117; baseline 0.004 -12"><span class='ocrx_word' id='word_1_528' title='bbox 1246 2078 1404 2117; x_wconf 77' lang='lat' dir='ltr'>ejusdem,</span> <span class='ocrx_word' id='word_1_529' title='bbox 1423 2086 1486 2116; x_wconf 83' lang='lat' dir='ltr'>que</span> <span class='ocrx_word' id='word_1_530' title='bbox 1502 2078 1538 2106; x_wconf 91' lang='lat' dir='ltr'>in</span> <span class='ocrx_word' id='word_1_531' title='bbox 1554 2078 1799 2115; x_wconf 82' lang='lat' dir='ltr'>presentiarum</span> <span class='ocrx_word' id='word_1_532' title='bbox 1817 2077 2061 2107; x_wconf 83' lang='lat' dir='ltr'>rationabiliter</span> <span class='ocrx_word' id='word_1_533' title='bbox 2076 2079 2253 2116; x_wconf 74' lang='lat' dir='ltr'>possidetis</span> 
     </span>
     <span class='ocr_line' id='line_1_76' title="bbox 1246 2130 2253 2169; baseline 0.001 -9"><span class='ocrx_word' id='word_1_534' title='bbox 1246 2134 1301 2160; x_wconf 82' lang='lat' dir='ltr'>aut</span> <span class='ocrx_word' id='word_1_535' title='bbox 1317 2131 1352 2159; x_wconf 90' lang='lat' dir='ltr'>in</span> <span class='ocrx_word' id='word_1_536' title='bbox 1368 2130 1628 2169; x_wconf 82' lang='lat' dir='ltr'>futurumjustis</span> <span class='ocrx_word' id='word_1_537' title='bbox 1640 2130 1746 2159; x_wconf 84' lang='lat' dir='ltr'>modis</span> <span class='ocrx_word' id='word_1_538' title='bbox 1762 2134 1929 2167; x_wconf 77' lang='lat' dir='ltr'>prestante</span> <span class='ocrx_word' id='word_1_539' title='bbox 1946 2131 2086 2160; x_wconf 85' lang='lat' dir='ltr'>Domino</span> <span class='ocrx_word' id='word_1_540' title='bbox 2102 2131 2253 2168; x_wconf 83' lang='lat' dir='ltr'>poteritis</span> 
     </span>
     <span class='ocr_line' id='line_1_77' title="bbox 1247 2183 2251 2221; baseline 0 -8"><span class='ocrx_word' id='word_1_541' title='bbox 1247 2184 1398 2221; x_wconf 81' lang='lat' dir='ltr'>adipisci,</span> <span class='ocrx_word' id='word_1_542' title='bbox 1417 2183 1477 2213; x_wconf 87' lang='lat' dir='ltr'>sub</span> <span class='ocrx_word' id='word_1_543' title='bbox 1495 2183 1630 2221; x_wconf 78' lang='lat' dir='ltr'>speciali</span> <span class='ocrx_word' id='word_1_544' title='bbox 1647 2183 1735 2213; x_wconf 77' lang='lat' dir='ltr'>beati</span> <span class='ocrx_word' id='word_1_545' title='bbox 1752 2183 1842 2213; x_wconf 76' lang='lat' dir='ltr'>Petri</span> <span class='ocrx_word' id='word_1_546' title='bbox 1854 2183 2075 2221; x_wconf 86' lang='lat' dir='ltr'>apostolorum</span> <span class='ocrx_word' id='word_1_547' title='bbox 2091 2184 2251 2221; x_wconf 87' lang='lat' dir='ltr'>principis</span> 
     </span>
     <span class='ocr_line' id='line_1_78' title="bbox 1246 2237 2252 2276; baseline 0 -10"><span class='ocrx_word' id='word_1_548' title='bbox 1246 2237 1448 2276; x_wconf 76' lang='lat' dir='ltr'>protectione</span> <span class='ocrx_word' id='word_1_549' title='bbox 1470 2237 1690 2274; x_wconf 78' lang='lat' dir='ltr'>suscipientes</span> <span class='ocrx_word' id='word_1_550' title='bbox 1711 2240 1742 2266; x_wconf 89' lang='lat' dir='ltr'>et</span> <span class='ocrx_word' id='word_1_551' title='bbox 1764 2241 1877 2266; x_wconf 83' lang='lat' dir='ltr'>nostra</span> <span class='ocrx_word' id='word_1_552' title='bbox 1898 2237 2116 2272; x_wconf 79' lang='lat' dir='ltr'>assumimus,</span> <span class='ocrx_word' id='word_1_553' title='bbox 2142 2242 2173 2267; x_wconf 87' lang='lat' dir='ltr'>et</span> <span class='ocrx_word' id='word_1_554' title='bbox 2194 2237 2252 2266; x_wconf 87' lang='lat' dir='ltr'>illa</span> 
     </span>
     <span class='ocr_line' id='line_1_79' title="bbox 1248 2289 2253 2328; baseline 0.001 -9"><span class='ocrx_word' id='word_1_555' title='bbox 1248 2290 1391 2319; x_wconf 81' lang='lat' dir='ltr'>totaliter</span> <span class='ocrx_word' id='word_1_556' title='bbox 1407 2289 1446 2319; x_wconf 86' lang='lat' dir='ltr'>ab</span> <span class='ocrx_word' id='word_1_557' title='bbox 1462 2289 1552 2319; x_wconf 88' lang='lat' dir='ltr'>omni</span> <span class='ocrx_word' id='word_1_558' title='bbox 1565 2289 1798 2328; x_wconf 78' lang='lat' dir='ltr'>jurisdictione</span> <span class='ocrx_word' id='word_1_559' title='bbox 1816 2298 1852 2319; x_wconf 90' lang='lat' dir='ltr'>ac</span> <span class='ocrx_word' id='word_1_560' title='bbox 1865 2289 2010 2318; x_wconf 85' lang='lat' dir='ltr'>dominio</span> <span class='ocrx_word' id='word_1_561' title='bbox 2029 2290 2253 2320; x_wconf 76' lang='lat' dir='ltr'>ecclesiastice</span> 
     </span>
     <span class='ocr_line' id='line_1_80' title="bbox 2034 2343 2253 2373; baseline 0.005 -1"><span class='ocrx_word' id='word_1_562' title='bbox 2034 2353 2040 2371; x_wconf 76' lang='grc' dir='ltr'>ε</span> <span class='ocrx_word' id='word_1_563' title='bbox 2059 2343 2253 2373; x_wconf 83' lang='lat' dir='ltr'>auctoritate</span> 
     </span>
     <span class='ocr_line' id='line_1_81' title="bbox 1247 2395 2249 2435; baseline 0.001 -10"><span class='ocrx_word' id='word_1_564' title='bbox 1247 2397 1451 2435; x_wconf 76' lang='lat' dir='ltr'>presentium</span> <span class='ocrx_word' id='word_1_565' title='bbox 1475 2400 1670 2425; x_wconf 72' lang='lat' dir='ltr'>statuentes.</span> <span class='ocrx_word' id='word_1_566' title='bbox 1690 2405 1728 2425; x_wconf 82' lang='lat' dir='ltr'>ne</span> <span class='ocrx_word' id='word_1_567' title='bbox 1745 2396 1838 2434; x_wconf 71' lang='lat' dir='ltr'>quis,</span> <span class='ocrx_word' id='word_1_568' title='bbox 1857 2395 2083 2425; x_wconf 82' lang='lat' dir='ltr'>ecclesiastica</span> <span class='ocrx_word' id='word_1_569' title='bbox 2099 2406 2249 2434; x_wconf 81' lang='lat' dir='ltr'>persona,</span> 
     </span>
    </p>
   </div>
   <div class='ocr_carea' id='block_1_17' title="bbox 1247 2342 2011 2381">
    <p class='ocr_par' dir='ltr' id='par_1_17' title="bbox 1247 2342 2011 2381">
     <span class='ocr_line' id='line_1_82' title="bbox 1247 2342 2011 2381; baseline -0.001 -8"><span class='ocrx_word' id='word_1_570' title='bbox 1247 2343 1447 2373; x_wconf 60' lang='lat' dir='ltr'>secularisve</span> <span class='ocrx_word' id='word_1_571' title='bbox 1480 2351 1618 2381; x_wconf 80' lang='lat' dir='ltr'>persone</span> <span class='ocrx_word' id='word_1_572' title='bbox 1648 2348 1805 2381; x_wconf 83' lang='lat' dir='ltr'>perpetuo</span> <span class='ocrx_word' id='word_1_573' title='bbox 1836 2342 2011 2372; x_wconf 79' lang='lat' dir='ltr'>eximimus</span> 
     </span>
    </p>
   </div>
   <div class='ocr_carea' id='block_1_18' title="bbox 1244 2449 2252 2963">
    <p class='ocr_par' dir='ltr' id='par_1_18' title="bbox 1244 2449 2252 2963">
     <span class='ocr_line' id='line_1_83' title="bbox 1248 2449 2252 2488; baseline 0 -10"><span class='ocrx_word' id='word_1_574' title='bbox 1248 2450 1411 2487; x_wconf 84' lang='lat' dir='ltr'>prefatum</span> <span class='ocrx_word' id='word_1_575' title='bbox 1425 2449 1588 2487; x_wconf 84' lang='lat' dir='ltr'>hospitale</span> <span class='ocrx_word' id='word_1_576' title='bbox 1602 2449 1738 2488; x_wconf 75' lang='lat' dir='ltr'>ejusque</span> <span class='ocrx_word' id='word_1_577' title='bbox 1751 2449 1925 2478; x_wconf 77' lang='lat' dir='ltr'>ecclesiam</span> <span class='ocrx_word' id='word_1_578' title='bbox 1939 2453 1969 2478; x_wconf 83' lang='lat' dir='ltr'>ct</span> <span class='ocrx_word' id='word_1_579' title='bbox 1984 2458 2140 2487; x_wconf 79' lang='lat' dir='ltr'>personas</span> <span class='ocrx_word' id='word_1_580' title='bbox 2153 2449 2252 2479; x_wconf 83' lang='lat' dir='ltr'>iuter-</span> 
     </span>
     <span class='ocr_line' id='line_1_84' title="bbox 1245 2501 2252 2541; baseline 0.001 -10"><span class='ocrx_word' id='word_1_581' title='bbox 1245 2503 1365 2536; x_wconf 77' lang='lat' dir='ltr'>dicere,</span> <span class='ocrx_word' id='word_1_582' title='bbox 1388 2502 1589 2539; x_wconf 83' lang='lat' dir='ltr'>suspendere</span> <span class='ocrx_word' id='word_1_583' title='bbox 1606 2501 1655 2531; x_wconf 77' lang='lat' dir='ltr'>vel</span> <span class='ocrx_word' id='word_1_584' title='bbox 1673 2502 1958 2531; x_wconf 79' lang='lat' dir='ltr'>excommunicare</span> <span class='ocrx_word' id='word_1_585' title='bbox 1974 2502 2080 2532; x_wconf 85' lang='lat' dir='ltr'>valcat</span> <span class='ocrx_word' id='word_1_586' title='bbox 2097 2511 2155 2531; x_wconf 87' lang='lat' dir='ltr'>seu</span> <span class='ocrx_word' id='word_1_587' title='bbox 2171 2512 2252 2541; x_wconf 73' lang='lat' dir='ltr'>quo-</span> 
     </span>
     <span class='ocr_line' id='line_1_85' title="bbox 1246 2555 2252 2594; baseline 0.001 -10"><span class='ocrx_word' id='word_1_588' title='bbox 1246 2565 1386 2594; x_wconf 81' lang='lat' dir='ltr'>cumque</span> <span class='ocrx_word' id='word_1_589' title='bbox 1406 2555 1499 2584; x_wconf 76' lang='lat' dir='ltr'>modo</span> <span class='ocrx_word' id='word_1_590' title='bbox 1522 2555 1605 2585; x_wconf 81' lang='lat' dir='ltr'>alias</span> <span class='ocrx_word' id='word_1_591' title='bbox 1623 2555 1657 2584; x_wconf 89' lang='lat' dir='ltr'>in</span> <span class='ocrx_word' id='word_1_592' title='bbox 1670 2555 1866 2594; x_wconf 84' lang='lat' dir='ltr'>jamdictum</span> <span class='ocrx_word' id='word_1_593' title='bbox 1883 2555 2056 2593; x_wconf 78' lang='lat' dir='ltr'>hospitale,</span> <span class='ocrx_word' id='word_1_594' title='bbox 2078 2556 2252 2585; x_wconf 74' lang='lat' dir='ltr'>ecclesiam</span> 
     </span>
     <span class='ocr_line' id='line_1_86' title="bbox 1246 2606 2252 2646; baseline 0 -9"><span class='ocrx_word' id='word_1_595' title='bbox 1246 2613 1277 2637; x_wconf 79' lang='lat' dir='ltr'>ct</span> <span class='ocrx_word' id='word_1_596' title='bbox 1300 2616 1457 2646; x_wconf 79' lang='lat' dir='ltr'>personas</span> <span class='ocrx_word' id='word_1_597' title='bbox 1482 2606 1587 2645; x_wconf 84' lang='lat' dir='ltr'>ipsius</span> <span class='ocrx_word' id='word_1_598' title='bbox 1611 2611 1807 2645; x_wconf 75' lang='lat' dir='ltr'>potestatem</span> <span class='ocrx_word' id='word_1_599' title='bbox 1827 2611 1879 2637; x_wconf 87' lang='lat' dir='ltr'>aut</span> <span class='ocrx_word' id='word_1_600' title='bbox 1899 2608 2168 2646; x_wconf 76' lang='lat' dir='ltr'>jurisdictionem</span> <span class='ocrx_word' id='word_1_601' title='bbox 2191 2609 2252 2638; x_wconf 85' lang='lat' dir='ltr'>ali-</span> 
     </span>
     <span class='ocr_line' id='line_1_87' title="bbox 1247 2661 2250 2700; baseline 0 -10"><span class='ocrx_word' id='word_1_602' title='bbox 1247 2670 1345 2700; x_wconf 78' lang='lat' dir='ltr'>quam</span> <span class='ocrx_word' id='word_1_603' title='bbox 1365 2669 1533 2695; x_wconf 72' lang='lat' dir='ltr'>excrccrc3</span> <span class='ocrx_word' id='word_1_604' title='bbox 1556 2664 1586 2690; x_wconf 76' lang='lat' dir='ltr'>et</span> <span class='ocrx_word' id='word_1_605' title='bbox 1610 2661 1637 2690; x_wconf 87' lang='lat' dir='ltr'>si</span> <span class='ocrx_word' id='word_1_606' title='bbox 1658 2661 1740 2689; x_wconf 81' lang='lat' dir='ltr'>forte</span> <span class='ocrx_word' id='word_1_607' title='bbox 1757 2665 1871 2690; x_wconf 79' lang='lat' dir='ltr'>contra</span> <span class='ocrx_word' id='word_1_608' title='bbox 1889 2665 2116 2699; x_wconf 71' lang='lat' dir='ltr'>presumptum</span> <span class='ocrx_word' id='word_1_609' title='bbox 2133 2662 2250 2697; x_wconf 72' lang='lat' dir='ltr'>fucrit,</span> 
     </span>
     <span class='ocr_line' id='line_1_88' title="bbox 1246 2713 2251 2745; baseline 0.001 -3"><span class='ocrx_word' id='word_1_610' title='bbox 1246 2714 1344 2743; x_wconf 48' lang='lat' dir='ltr'>inani¹</span> <span class='ocrx_word' id='word_1_611' title='bbox 1358 2717 1385 2743; x_wconf 73' lang='lat' dir='ltr'>ct</span> <span class='ocrx_word' id='word_1_612' title='bbox 1403 2722 1542 2742; x_wconf 58' lang='lat' dir='ltr'>vacuum</span> <span class='ocrx_word' id='word_1_613' title='bbox 1556 2713 1728 2742; x_wconf 70' lang='lat' dir='ltr'>habeatur.</span> <span class='ocrx_word' id='word_1_614' title='bbox 1744 2715 1896 2743; x_wconf 74' lang='lat' dir='ltr'>P1·ctcr‹1¹a</span> <span class='ocrx_word' id='word_1_615' title='bbox 1913 2713 2074 2745; x_wconf 58' lang='lat' dir='ltr'>volumus,</span> <span class='ocrx_word' id='word_1_616' title='bbox 2094 2719 2125 2743; x_wconf 91' lang='lat' dir='ltr'>ut</span> <span class='ocrx_word' id='word_1_617' title='bbox 2140 2714 2251 2743; x_wconf 72' lang='lat' dir='ltr'>clerici</span> 
     </span>
     <span class='ocr_line' id='line_1_89' title="bbox 1246 2766 2251 2804; baseline 0 -9"><span class='ocrx_word' id='word_1_618' title='bbox 1246 2766 1420 2804; x_wconf 70' lang='lat' dir='ltr'>hospitalis</span> <span class='ocrx_word' id='word_1_619' title='bbox 1444 2766 1589 2803; x_wconf 61' lang='lat' dir='ltr'>ejusdcm</span> <span class='ocrx_word' id='word_1_620' title='bbox 1619 2776 1719 2795; x_wconf 86' lang='lat' dir='ltr'>uuum</span> <span class='ocrx_word' id='word_1_621' title='bbox 1744 2775 1840 2804; x_wconf 74' lang='lat' dir='ltr'>quem</span> <span class='ocrx_word' id='word_1_622' title='bbox 1867 2766 2045 2796; x_wconf 60' lang='grc'>11111111011111</span> <span class='ocrx_word' id='word_1_623' title='bbox 2067 2768 2104 2795; x_wconf 68' lang='lat' dir='ltr'>&lt;lc</span> <span class='ocrx_word' id='word_1_624' title='bbox 2133 2767 2251 2795; x_wconf 72' lang='lat' dir='ltr'>vit-inis</span> 
     </span>
     <span class='ocr_line' id='line_1_90' title="bbox 1245 2819 2251 2858; baseline 0.002 -11"><span class='ocrx_word' id='word_1_625' title='bbox 1245 2819 1407 2858; x_wconf 63' lang='lat' dir='ltr'>‹rpisropis</span> <span class='ocrx_word' id='word_1_626' title='bbox 1436 2819 1474 2847; x_wconf 73' lang='lat' dir='ltr'>ad</span> <span class='ocrx_word' id='word_1_627' title='bbox 1503 2828 1612 2847; x_wconf 68' lang='lat' dir='ltr'>sat-ros</span> <span class='ocrx_word' id='word_1_628' title='bbox 1641 2823 1669 2847; x_wconf 61' lang='lat' dir='ltr'>ot</span> <span class='ocrx_word' id='word_1_629' title='bbox 1699 2819 1781 2847; x_wconf 71' lang='lat' dir='ltr'>alios</span> <span class='ocrx_word' id='word_1_630' title='bbox 1808 2819 1940 2847; x_wconf 63' lang='lat' dir='ltr'>‹mlius-s&lt;</span> <span class='ocrx_word' id='word_1_631' title='bbox 1969 2820 2193 2856; x_wconf 50' lang='lat' dir='ltr'>pronun-endi,</span> <span class='ocrx_word' id='word_1_632' title='bbox 2224 2821 2251 2849; x_wconf 71' lang='lat' dir='ltr'>si</span> 
     </span>
     <span class='ocr_line' id='line_1_91' title="bbox 1246 2872 2251 2910; baseline -0.001 -8"><span class='ocrx_word' id='word_1_633' title='bbox 1246 2877 1353 2902; x_wconf 79' lang='lat' dir='ltr'>tamen</span> <span class='ocrx_word' id='word_1_634' title='bbox 1384 2872 1485 2907; x_wconf 63' lang='lat' dir='ltr'>gratis</span> <span class='ocrx_word' id='word_1_635' title='bbox 1514 2872 1602 2909; x_wconf 76' lang='lat' dir='ltr'>ipsos</span> <span class='ocrx_word' id='word_1_636' title='bbox 1631 2876 1661 2900; x_wconf 70' lang='lat' dir='ltr'>ct.</span> <span class='ocrx_word' id='word_1_637' title='bbox 1687 2872 1758 2901; x_wconf 81' lang='lat' dir='ltr'>siue.</span> <span class='ocrx_word' id='word_1_638' title='bbox 1786 2872 1945 2909; x_wconf 71' lang='lat' dir='ltr'>pravitate</span> <span class='ocrx_word' id='word_1_639' title='bbox 1975 2872 2082 2910; x_wconf 63' lang='lat' dir='ltr'>aliqua</span> <span class='ocrx_word' id='word_1_640' title='bbox 2114 2872 2251 2903; x_wconf 62' lang='grc'>1111110111</span> 
     </span>
     <span class='ocr_line' id='line_1_92' title="bbox 1244 2924 2250 2963; baseline 0.004 -12"><span class='ocrx_word' id='word_1_641' title='bbox 1244 2925 1410 2954; x_wconf 53' lang='lat' dir='ltr'>exhibere.</span> <span class='ocrx_word' id='word_1_642' title='bbox 1423 2924 1591 2962; x_wconf 64' lang='lat' dir='ltr'>Alioquin,</span> <span class='ocrx_word' id='word_1_643' title='bbox 1609 2924 1705 2954; x_wconf 63' lang='lat' dir='ltr'>liccat</span> <span class='ocrx_word' id='word_1_644' title='bbox 1724 2925 1814 2953; x_wconf 75' lang='lat' dir='ltr'>vobis</span> <span class='ocrx_word' id='word_1_645' title='bbox 1833 2924 1933 2953; x_wconf 77' lang='lat' dir='ltr'>aliurn</span> <span class='ocrx_word' id='word_1_646' title='bbox 1951 2934 2045 2963; x_wconf 55' lang='lat' dir='ltr'>quenl</span> <span class='ocrx_word' id='word_1_647' title='bbox 2066 2925 2250 2956; x_wconf 69' lang='lat' dir='ltr'>malueritis</span> 
     </span>
    </p>
   </div>
  </div>
 </body>
</html>
