2498 3325
942 232 1166 270 PREMIERE
1188 234 1347 271 ANNEE.
2135 245 2194 274 <207

96 310 152 339 sie,
171 316 263 342 usque
282 319 287 334 :
304 311 512 342 contemptum.
529 306 670 340 Quocirca
689 307 903 333 universitatem
922 309 1046 332 vestram
1063 313 1105 330 ro-

96 365 203 392 gamus
222 360 251 382 et
272 364 423 382 monemus
445 359 552 382 attente
568 364 618 390 per
631 355 789 390 apostolica
806 355 886 381 vobis
902 354 1010 388 scripta
1025 361 1106 379 man-

96 405 200 432 dantes
211 408 355 439 quatenus
367 405 493 431 universi
505 407 562 431 etc.
576 412 667 438 usque
681 403 881 429 :intendentes
893 402 1038 428 humiliter
1048 404 1104 427 etc.

100 462 192 488 usque.
214 463 221 480 ε
243 454 280 480 ita
300 452 376 487 quod
397 453 431 478 de
451 452 527 478 filiali
547 451 708 478 devotionis
723 451 824 477 affectu
841 455 896 477 etc.
916 458 1006 484 usque
1024 461 1029 476 z
1048 450 1107 484 pri-

98 502 182 528 vandi
204 501 328 527 mandati
352 501 441 527 nostri
462 509 550 535 snper
568 501 623 526 hoc
643 503 857 534 contemptores
876 499 979 525 feudos
999 506 1055 532 que
1071 497 1105 523 ab

96 550 198 577 eadem
215 549 449 576 Halberstadensi
466 549 589 576 ecclesia
603 549 733 575 obtinent
748 551 802 575 etc.
821 556 913 582 usque
928 548 956 574 in
973 547 1068 573 finem.

133 599 164 625 ln
181 607 207 625 e.
223 607 273 630 m.,
290 599 394 633 populo
409 598 536 624 civitatis
551 602 580 625 et
596 597 723 624 diocesis
738 596 1036 623 Haiberstadensium.

168 791 257 820 68⁰

134 853 363 887 Archiepiscopo
385 851 629 886 Magdeburgensi
649 851 773 882 mandat,
793 852 930 885 quatinus
950 850 1105 877 Ludultum

95 910 130 929 se
145 901 386 928 administrationi
405 901 591 935 episcopatus
611 900 750 935 praedicti
770 900 964 934 ingerentem,
979 900 1106 926 chrisma

94 951 296 977 conficientem
313 950 480 976 solemniter
496 952 524 976 et
539 949 592 975 alia
604 948 775 983 pontificalia
786 952 979 982 exercentem,
994 956 1105 974 necnon

96 998 224 1025 fautores
239 999 303 1032 ejus
318 997 561 1024 excommunicet.
581 996 663 1029 (Rau.
683 996 716 1023 ‘24
728 1018 735 1029 ,
752 1005 778 1024 c.
795 996 866 1027 550³,
885 997 904 1024 f.
921 996 952 1023 81
966 1006 972 1028 ;
993 996 1106 1023 Ronan-

97 1055 177 1078 nane,
194 1051 214 1074 t.
231 1045 283 1077 111,
303 1052 332 1072 n⁰
347 1045 449 1078 405¹¹.)

653 790 779 824 Anagni,
799 789 828 815 rili
842 789 938 823 juillet
955 789 1034 816 1255.

140 1160 153 1174 «
174 1170 206 1181 ..,
226 1148 452 1185 archiepiscopo
474 1147 733 1184 Maydeburqensi.
753 1146 901 1176 Dilectus
920 1146 1009 1176 filius
1027 1146 1106 1176 Vol-

96 1200 197 1230 radus
214 1203 273 1229 etc.
292 1208 398 1238 usque
412 1209 418 1227 :
432 1203 655 1237 contemptum
670 1199 725 1236 [cs.
740 1198 770 1228 le
788 1203 821 1227 n⁰
840 1200 956 1236 0329]
975 1200 1014 1228 Et
1030 1199 1107 1229 licet

94 1252 275 1292 jamdictus
304 1252 517 1290 predecessor
546 1252 652 1281 eidem
682 1252 718 1281 L.
748 1252 836 1281 inter
868 1252 950 1281 alias
984 1252 1107 1290 gratias

99 1306 304 1336 concessisse
334 1305 472 1339 dicatur,
502 1309 537 1334 ut
563 1305 591 1334 si
621 1314 655 1335 se
687 1305 1011 1335 administrationem
1041 1314 1107 1334 non

98 1359 265 1397 ingereret
296 1359 503 1396 episcopatus
535 1358 698 1397 ejusdem,
731 1357 914 1396 pontificali
946 1358 1107 1395 dignitate

99 1411 272 1449 gauderet,
306 1410 395 1440 idem
424 1415 534 1440 tamen
567 1411 602 1440 L.
634 1414 748 1439 contra
779 1411 971 1440 mandatum
1000 1411 1106 1448 ipsius

96 1464 357 1502 predecessoris,
380 1467 453 1502 post
476 1463 697 1501 privationem
716 1463 898 1501 gratiarum
915 1463 1108 1502 hujusmodi

97 1521 127 1547 et
148 1517 249 1546 latam
269 1517 304 1545 in
326 1516 435 1554 ipsum
458 1516 810 1546 excommunicationis
833 1516 1048 1548 sententiam,
1072 1525 1106 1546 se

95 1569 379 1599 administrationi
413 1569 493 1597 dicti
527 1568 736 1606 episcopatus
774 1568 946 1606 ingerens,
985 1569 1107 1598 crisma

93 1622 297 1661 presumpsit
316 1622 477 1651 conticere
503 1621 732 1659 sollempniter
752 1625 782 1651 et
799 1621 880 1655 alia,
900 1630 963 1660 que
980 1621 1020 1650 ad
1035 1621 1106 1650 offi-

93 1675 183 1705 cium
212 1674 401 1713 pontificale
434 1674 618 1712 pertinent,
654 1673 911 1711 dampnabiliter
941 1683 1104 1704 exercere.

94 1727 180 1758 Cum
198 1727 301 1764 igitur
318 1726 448 1764 publice
465 1726 622 1756 utilitatis
641 1726 793 1761 Intersit,
810 1730 846 1756 ut
862 1715 1016 1756 excessus
1033 1727 1107 1756 vin-

95 1780 183 1809 dicta
201 1783 349 1809 coerceat
377 1783 407 1808 et
432 1788 517 1817 pena
532 1779 720 1809 limitentur
737 1779 873 1814 offense,
897 1780 1105 1815 mandamus,

97 1836 273 1871 quatenus,
292 1831 358 1861 nisi
377 1831 564 1870 sepedictus
588 1832 623 1861 L.
645 1831 734 1861 infra
750 1832 810 1861 XV
826 1831 896 1861 dies
912 1836 983 1870 post
1001 1832 1108 1861 moni-

97 1884 222 1914 tionem
242 1888 333 1913 tuam
354 1884 519 1913 mandatis
542 1883 732 1922 apostolicis
755 1883 795 1913 ab
811 1884 924 1913 eodem
941 1884 1110 1922 predeces-

98 1945 172 1967 sore
194 1945 293 1974 super
318 1936 386 1965 hiis
407 1936 471 1965 sibi
499 1936 596 1966 factis
622 1936 787 1966 curaverit
812 1936 963 1971 obedire,
991 1941 1110 1967 extunc

98 1999 175 2020 eum
184 1990 294 2028 prives
306 1989 396 2019 omni
407 1989 514 2019 officio
526 1994 555 2019 et
567 1989 728 2019 beneficio
739 1989 975 2024 ecclesiastico,
988 1990 1109 2028 quibus

100 2042 243 2073 reddidit
263 2051 297 2071 se
318 2042 511 2079 indignum,
532 2046 561 2071 et
579 2042 612 2070 in
630 2041 776 2077 abbates,
796 2042 935 2079 priores,
954 2042 1108 2080 prelatos,

101 2094 278 2124 canonicos
295 2098 325 2124 et
341 2094 478 2124 clericos
493 2094 638 2123 civitatis
653 2098 682 2123 et
699 2094 841 2123 diocesis
856 2094 1109 2124 Halberstaden-

101 2148 188 2177 sium
210 2156 337 2177 necnon
359 2146 519 2176 vassallos
538 2151 568 2176 et
588 2147 826 2176 ministeriales
848 2147 953 2185 ipsius
972 2148 1111 2178 ecclesie

102 2200 412 2234 Halberstadensis,
439 2200 504 2229 nisi
530 2199 637 2229 eidem
659 2199 826 2238 [Volrado]
849 2200 1061 2231 intenderent
1081 2205 1112 2231 et

101 2253 287 2283 obedierint
307 2262 342 2282 ac
363 2253 392 2282 ei
413 2257 447 2281 ut
468 2252 553 2290 patri
575 2257 605 2281 et
624 2252 749 2290 pastori
767 2252 954 2282 animarum
976 2263 1111 2283 suarum

100 2306 267 2335 astiterint
292 2310 405 2335 contra
421 2305 528 2339 illum,
552 2305 733 2334 monitione
750 2305 912 2342 premissa
929 2314 1112 2336 excommu-

101 2359 281 2388 nicationis
308 2359 418 2388 ferens
440 2358 640 2387 sententiam
665 2367 701 2386 36
726 2362 830 2387 terras
853 2367 965 2387 eorum
992 2367 1112 2397 suppo-

100 2420 184 2440 nens
201 2410 426 2440 ecclesiastico
442 2410 629 2444 interdicto,
643 2410 732 2448 ipsos
749 2414 779 2439 et
795 2410 918 2439 dictum
933 2411 968 2439 L.
988 2412 1113 2441 tamdiu

99 2463 244 2501 singulis
258 2463 375 2493 diebus
392 2463 568 2492 dominicis
583 2467 613 2492 et
630 2463 772 2496 festivis,
786 2462 926 2500 pulsatis
943 2465 1113 2502 campanis

101 2520 133 2545 et
158 2516 305 2545 candelis
329 2516 477 2545 accensis
502 2515 802 2545 excommunicatos
822 2515 953 2553 publice
974 2517 1113 2547 nuncies

102 2573 133 2598 et
157 2568 197 2598 ab
218 2568 293 2597 aliis
320 2567 473 2597 nuneiari
497 2567 600 2597 facias
628 2576 663 2596 36
681 2567 720 2596 ab
742 2568 896 2597 omnibus
917 2569 1023 2598 artius
1045 2569 1115 2598 evi-

102 2621 178 2656 tari,
197 2621 299 2650 donec
320 2620 520 2658 resipuerint
538 2629 555 2649 a
572 2620 756 2658 premissis.
779 2620 933 2650 Ceterum
954 2621 994 2650 ad
1009 2621 1115 2659 ipsius

103 2673 304 2712 proterviam
319 2673 546 2708 edomandam,
564 2672 732 2701 civitatem
752 2672 1067 2703 Halberstadensem
1087 2679 1118 2704 et

105 2726 171 2756 alia
184 2725 254 2755 loca
272 2726 337 2755 sibi
354 2725 547 2755 assistantia
564 2725 598 2754 in
615 2725 687 2762 ipsa
700 2725 879 2763 pertinatia
892 2725 1046 2755 existenti
1059 2736 1118 2756 seu

105 2778 146 2807 ad
162 2787 225 2816 que
248 2778 358 2816 ipsum
380 2777 536 2807 devenire
558 2777 732 2814 contigerit
753 2786 918 2815 supponas
943 2778 1119 2808 ecclesias-

107 2831 172 2860 tico
189 2831 376 2865 interdicto,
395 2831 440 2859 ita
452 2830 538 2869 quod
556 2830 683 2859 nullum
698 2830 732 2859 in
750 2830 798 2859 eis
815 2830 966 2860 divinum
978 2831 1120 2862 celebre-

107 2887 162 2913 tur
177 2883 321 2913 officium
339 2887 369 2913 et
383 2882 579 2913 exhibeatur
595 2882 857 2913 ecclesiasticum
876 2888 1120 2914 sacramentum

1186 310 1296 342 preter
1316 307 1516 343 penitentias
1533 309 1757 343 morientium,
1778 313 1809 338 et
1825 309 2023 347 baptismata
2037 310 2192 348 parvulo-

1187 367 1272 386 rum.
1290 358 1566 389 Contradietores.
1586 361 1740 390 Invocato
1754 365 1812 390 etc.
1834 361 1908 391 Non
1924 361 2074 391 obstante
2090 362 2119 392 si
2130 362 2192 391 ali-

1188 409 1309 447 quibus
1332 427 1370 430 —
1393 419 1398 438 :
1423 410 1525 440 nullis
1547 411 1668 441 litteris
1694 412 1826 441 veritati
1850 430 1896 442 -.
1926 414 1999 443 Dat.
2027 415 2190 452 Anagnie,

1187 462 1219 491 II
1236 462 1311 491 idus
1323 461 1411 500 julii,
1429 471 1515 492 anno
1530 463 1647 500 primo.
1667 475 1680 490 n

1258 653 1341 681 (38¹

1224 714 1323 740 Eidem
1350 714 1464 740 mandat
1484 715 1622 748 quatinus
1643 715 1820 745 collationes,
1846 716 2035 748 venditiones,
2059 718 2192 745 infeuda-

1189 762 1283 789 tiones
1307 771 1423 789 mensae
1445 762 1696 789 Haiberstadensis
1716 763 1841 789 indebite
1860 772 1876 789 a
1894 764 2014 790 Ludulfo
2034 766 2123 792 factas
2143 767 2193 792 de-

1189 816 1287 838 cernat
1309 813 1413 838 irritae.
1440 811 1522 843 (Rau.
1545 812 1589 841 24,
1613 820 1640 838 c.
1666 811 1738 845 550⁴,
1764 813 1782 838 f.
1807 812 1872 843 81v;
1895 812 2074 845 Ronznneno,
2095 818 2115 840 t.
2138 814 2191 847 Ι1Ι,

1190 867 1219 886 n⁰
1234 861 1284 887 405
1294 859 1341 892 ¹¹¹.)

1740 654 1864 688 Anagui,
1881 654 1913 680 ‘21
1932 656 2026 688 Juiilet
2044 657 2120 683 1255.

1230 974 1242 988 «
1258 984 1290 996 ..,
1307 963 1532 1000 archiepiscopo
1542 963 1802 999 Maqdeburqensi.
1816 963 1964 993 Dilectus
1975 963 2064 993 filius
2076 964 2194 994 Volra-

1189 1014 1249 1043 dus
1264 1018 1324 1044 etc.
1343 1023 1448 1052 usque
1466 1024 1472 1043 z
1488 1014 1695 1044 confirmavit
1710 1015 1766 1052 [cf.
1782 1015 1813 1045 le
1829 1020 1863 1044 11ο
1881 1017 2001 1053 13⁷9}
2017 1016 2072 1046 Set
2087 1016 2193 1047 dictus

1191 1067 1223 1095 L.
1246 1067 1530 1096 administrationi
1547 1067 1756 1105 episcopatus
1773 1067 2065 1098 Halberstadensis
2088 1078 2123 1098 se
2145 1069 2193 1098 in-

1189 1128 1307 1156 gerens
1324 1123 1355 1149 et
1371 1119 1597 1149 intromittens
1615 1120 1653 1149 de
1672 1120 1740 1155 illo,
1758 1125 1890 1158 propter
1906 1121 1993 1159 quod
2008 1122 2144 1151 suerunt
2159 1121 2194 1150 in

1189 1181 1264 1201 eum
1285 1172 1481 1202 auctoritate
1506 1172 1669 1202 dictorum
1691 1173 1935 1211 predecessoris
1960 1178 1991 1203 et
2014 1174 2194 1203 cardinalis

1189 1225 1340 1263 exigente
1365 1225 1497 1264 justitia
1529 1226 1908 1256 excommunicationum
1931 1227 2096 1257 sententie
2119 1236 2195 1265 pro-

1189 1278 1350 1315 mulgate,
1370 1282 1578 1316 personatus,
1596 1278 1786 1315 dignitates,
1810 1279 1967 1309 ecclesias
1986 1283 2017 1309 et
2032 1279 2194 1309 beneficia

1189 1329 1414 1359 ecclesiastica
1431 1330 1471 1359 ad
1486 1329 1696 1360 collationem
1712 1331 1791 1360 dicti
1810 1331 1905 1360 electi
1922 1332 2105 1369 spectantia
2121 1340 2194 1361 con-

1190 1383 1286 1414 terre,
1303 1391 1430 1412 necnon
1444 1387 1475 1412 et
1489 1387 1607 1417 castra,
1620 1383 1729 1417 villas,
1743 1384 1971 1421 possessiones
1988 1388 2019 1413 et
2033 1383 2098 1413 alia
2108 1383 2195 1413 bona

1163 1439 1168 1444 “
1189 1435 1385 1473 episcopalis
1402 1444 1515 1465 mense
1533 1436 1620 1465 131116
1637 1445 1695 1466 5116
1713 1436 1870 1474 prodigus
1889 1441 1919 1466 et
1936 1437 2054 1466 salutis
2070 1437 2192 1466 oblitus

1188 1488 1227 1518 ‹le
1248 1488 1335 1517 facto
1357 1487 1514 1523 vendere,
1539 1488 1713 1518 infeudare
1732 1493 1763 1519 et
1778 1489 1924 1527 obligare
1940 1490 2141 1527 presumpsit
2158 1490 2193 1518 in

1188 1541 1297 1569 anime
1314 1549 1373 1570 sue
1388 1540 1584 1578 periculum,
1606 1541 1824 1579 plurimorum
1842 1542 2034 1572 scandalum
2053 1546 2084 1572 et
2105 1543 2194 1580 ipso-

1189 1602 1261 1622 rum
1290 1592 1386 1622 electi
1418 1597 1448 1622 et
1483 1593 1621 1623 ecclesie
1652 1603 1716 1623 non
1748 1595 1914 1624 modicum
1946 1595 2193 1625 detrimentum.

1188 1645 1349 1681 Quocirca
1364 1645 1572 1680 mandamUS,
1591 1647 1760 1684 quatinus,
1779 1647 1807 1677 si
1823 1647 1862 1677 de
1877 1647 2063 1683 collatione,
2081 1648 2197 1678 vendi—

1189 1698 1292 1733 tione,
1310 1698 1539 1728 infeudatione
1556 1707 1593 1728 ac
1609 1699 1810 1737 obligatione
1830 1699 2022 1739 hujusmodi
2041 1701 2103 1730 tibi
2118 1709 2196 1730 con-

1189 1751 1311 1780 stiterit-
1336 1759 1391 1780 eas
1416 1751 1612 1781 auctoritate
1637 1756 1749 1781 nostra
1771 1753 1953 1783 decernens
1975 1754 2108 1791 penitus
2131 1763 2196 1784 non

1191 1807 1313 1837 tenere,
1327 1811 1363 1832 36
1375 1803 1577 1834 denuntians
1588 1804 1701 1834 irritas
1714 1808 1745 1834 et
1756 1805 1884 1835 inanes.
1904 1806 1963 1841 eis,
1977 1806 2098 1844 quibus
2110 1807 2198 1837 idem

1191 1856 1225 1884 L.
1252 1859 1460 1893 personatus,
1490 1856 1670 1893 dignitates
1695 1857 1864 1893 ecclesias
1892 1863 1922 1889 et
1945 1859 2107 1889 beneficia
2126 1860 2199 1898 ipsa

1190 1908 1330 1937 contulit
1347 1912 1377 1938 et
1393 1908 1461 1938 illis
1478 1909 1512 1938 in
1529 1909 1651 1947 quibus
1667 1915 1785 1945 castra,
1803 1911 1910 1945 villas,
1928 1913 2156 1950 possessiones
2169 1918 2200 1943 et

1191 1961 1276 1990 bona
1298 1961 1445 1999 predicta
1463 1961 1574 1991 taliter
1590 1963 1757 1998 vendidit,
1776 1964 1961 1994 inseudavit
1982 1970 2013 1995 et
2028 1966 2197 2004 obligavit,

1192 2013 1231 2042 ab
1258 2013 1306 2043 eis
1331 2022 1466 2051 prorsus
1489 2015 1619 2046 amotis.
1644 2020 1762 2051 castra,
1786 2017 1894 2051 villas,
1919 2020 2147 2056 possessiones
2170 2024 2201 2050 et

1194 2066 1275 2095 bona
1293 2066 1407 2096 eadem
1424 2066 1464 2095 ad
1476 2067 1531 2105 jus
1548 2072 1579 2097 et
1596 2069 1832 2106 proprietatem
1844 2070 1928 2100 dicte
1942 2080 2055 2101 mense
2067 2073 2200 2103 studeas

1193 2119 1339 2156 legitime
1356 2128 1522 2150 revocare.
1539 2121 1817 2152 Contradictores.
1835 2124 1909 2153 Non
1928 2124 2079 2155 obstante
2096 2126 2124 2156 si
2141 2126 2203 2156 311-

1193 2172 1315 2210 quibus
1331 2189 1378 2208 —,
1398 2181 1434 2202 ac
1453 2173 1600 2211 qualibet
1617 2174 1683 2203 alia
1697 2174 1906 2213 indulgentia
1920 2178 2117 2217 cuicumque
2131 2189 2200 2218 per-

1194 2234 1273 2254 sone
1296 2225 1346 2254 vel
1370 2225 1440 2255 loco
1465 2226 1525 2255 sub
1549 2236 1757 2266 quacumque
1779 2229 1886 2259 forma
1913 2231 1965 2259 vel
1992 2233 2203 2270 expressione

1194 2277 1369 2306 verborum
1392 2287 1410 2307 a
1429 2278 1516 2307 dicta
1535 2279 1617 2308 Sede
1639 2288 1806 2316 concessa,
1824 2291 1995 2321 perquam
2013 2284 2205 2324 hujusmodi

1195 2329 1341 2358 mandati
1358 2331 1506 2360 executio
1522 2331 1676 2369 impediri
1696 2332 1802 2363 valeat
1821 2334 1871 2364 vel
1888 2335 2015 2365 differri
2036 2342 2067 2367 et
2083 2339 2121 2369 de
2140 2348 2205 2377 qua

1196 2382 1229 2410 in
1248 2383 1370 2412 nostris
1387 2382 1508 2412 litteris
1525 2385 1649 2414 mentio
1666 2385 1738 2415 fieri
1753 2386 1869 2416 debeat
1887 2389 2052 2426 specialis,
2074 2396 2104 2421 et
2126 2402 2204 2422 con-

1195 2435 1368 2465 stitutione
1387 2436 1425 2465 de
1447 2437 1575 2467 duabus
1598 2438 1695 2467 dietis
1715 2439 1802 2469 edita
1825 2440 1859 2469 in
1882 2442 2022 2473 concilio
2045 2447 2206 2479 generali.

1196 2487 1306 2517 Nullis
1329 2488 1450 2518 litteris
1471 2490 1603 2519 veritati
1629 2495 1689 2521 etc.
1714 2501 1819 2530 usque
1844 2503 1850 2521 2
1874 2480 2103 2532 impetrandis.
2130 2500 2205 2529 Dat.

1197 2541 1358 2578 Anagnie,
1377 2542 1443 2571 XII
1461 2541 1620 2572 kalendas
1639 2545 1792 2582 Augusti,
1812 2555 1899 2576 anno
1915 2547 2032 2584 primo.
2053 2561 2065 2575 »

1238 2793 1369 2819 Michaeii
1388 2793 1547 2821 Passaiewc
1566 2796 1749 2831 presbytero,
1767 2799 1870 2824 rectori
1889 2800 2028 2826 ecciesiae
2045 2801 2078 2827 de
2096 2801 2210 2829 Hutke-

1202 2843 1292 2873 chale,
1317 2842 1515 2870 Non-wicensis
1537 2845 1672 2876 diocesis,
1693 2855 1766 2880 quae
1790 2847 1844 2873 XV
1868 2856 2026 2876 marcarum
2049 2853 2160 2885 argenti
2182 2852 2209 2879 in

1203 2891 1307 2917 1111111115
1325 2891 1485 2918 redditibus
1503 2901 1557 2919 non
1570 2894 1695 2928 excedit,
1712 2895 1869 2929 dispensat,
1888 2900 1918 2923 ut
1934 2905 1998 2924 cum
2016 2907 2047 2924 ea
2059 2900 2210 2927 ecclesiam

1799 2736 1924 2770 Anagni,
1944 2738 1958 2763 5
1975 2740 2041 2765 aont
2062 2740 2136 2767 1255.
