2498 3325
962 254 1194 292 PREMIERE·
1206 256 1364 293 ANNEE.

119 334 149 360 et
165 330 316 360 canonici
329 330 415 368 juris
430 329 602 364 insistens,
617 330 656 359 ad
669 334 778 367 partes
795 338 872 359 suas
889 329 977 357 infra
993 332 1122 365 tempus

117 391 222 420 nuper
236 390 333 419 super
348 381 408 410 hoc
423 385 583 411 statutum
596 390 613 411 a
624 381 720 411 nobis
737 381 890 411 accedere
908 383 1049 418 nequeat
1065 388 1123 417 pro

117 434 375 464 consecrationis
403 442 539 464 munere
563 433 757 468 obtinendo,
786 442 908 462 munus
932 431 1123 471 hujusmodi

120 487 184 517 sibi
199 487 432 516 mandaremus
449 486 612 525 impendi,
631 486 726 524 lapsu
742 485 881 524 predicti
897 484 1054 523 temporis
1070 484 1123 513 in-

117 539 212 570 terim
226 539 255 569 ei
266 538 394 568 nullum
407 539 614 569 obstaculum
628 539 797 569 afferente.
812 538 973 574 Quocirca
986 537 1123 567 manda-

117 600 191 621 mus
215 591 390 630 quatinus.
409 591 597 621 convocatis
616 591 784 629 aliquibus
805 591 968 629 episcopis
991 591 1051 620 tibi
1074 589 1123 618 vi-

118 645 214 679 cinis,
230 644 337 674 eidem
350 643 452 674 electo
469 644 664 673 auctoritate
679 648 791 673 nostra
803 644 987 682 predictum
1002 652 1123 673 munus

117 697 306 735 impendas.
327 706 384 735 per
401 696 487 735 quod
502 696 754 734 metropolitano
776 705 835 726 suo
851 695 980 725 nullum
997 696 1032 725 in
1048 704 1124 734 pos—

119 754 227 780 terum
252 749 473 788 prejudicium
498 753 685 787 generetur.
713 748 875 778 Volumus
900 752 1009 778 tamen
1038 748 1125 786 quod

118 802 285 841 predictus
293 802 428 837 electus,
440 802 569 831 sublato
577 801 754 840 cujuslibet
762 801 933 831 dilationis
942 801 1122 836 obstaculo,

119 855 251 886 accedat
270 855 309 884 ad
325 855 536 885 commissam
553 855 618 884 sibi
636 854 826 890 ecclesiam,
846 854 993 892 quolibet
1013 853 1124 883 indul-

118 908 230 946 gentia
253 908 347 938 Sedis
369 907 546 946 apostolice
569 916 632 937 non
649 907 812 937 obstante.
831 908 904 936 Dat.
922 911 957 936 ut
978 916 1088 944 supra.
1109 918 1121 933 n

186 1074 271 1103 942
640 1073 753 1107 Latran,
772 1073 787 1100 9
803 1072 956 1100 decembre
973 1073 1051 1100 1‘255.

151 1136 327 1163 Sententiam
347 1135 504 1166 Johannis,
523 1144 547 1162 s.
568 1135 679 1162 Nicolai
696 1135 723 1161 in
747 1134 867 1161 Carcere
883 1135 1013 1162 Tulliano
1029 1135 1122 1162 cardi-

116 1185 197 1215 nalis,
226 1184 344 1210 Romam
371 1184 467 1210 idibus
493 1184 658 1210 novembris
683 1192 757 1210 anno
782 1187 916 1210 currente
942 1184 1024 1210 latam
1049 1184 1124 1210 inter

115 1233 267 1268 epIscopos
282 1233 463 1268 capitulaque
480 1231 704 1259 Colimbrienses
719 1236 747 1259 et
762 1232 975 1267 EgitanienseS,
992 1232 1040 1267 qui
1056 1241 1122 1259 enm

115 1282 144 1308 in
170 1281 307 1308 arbitrum
329 1281 488 1316 elegerunt,
516 1281 635 1315 Neapoli
662 1280 721 1307 XII
746 1281 792 1307 die
822 1282 931 1307 mensis
957 1281 1122 1308 novembris

114 1329 288 1360 MCCLIIII,
306 1329 457 1356 confirmat
477 1334 504 1356 et
521 1329 555 1355 de
571 1329 658 1355 verbo
674 1329 708 1355 ad
723 1329 843 1355 verbum
860 1329 954 1356 refert.
974 1329 1056 1362 (ΗΕΘ.
1077 1330 1121 1363 24,

116 1385 141 1404 c.
157 1377 344 1407 764,f.110.)

159 1491 171 1505 (t
194 1480 346 1516 Episcopis
362 1484 387 1507 et
403 1480 548 1516 capitulis
569 1479 839 1508 Colimbriensibus
860 1480 1120 1516 Egitaniensibus.

118 1532 163 1561 Ea
188 1540 251 1570 que
275 1531 399 1570 judicio
420 1536 481 1561 etc.
510 1540 612 1570 usque
638 1541 643 1560 :
667 1531 876 1561 communiri.
898 1532 983 1562 Sane
1009 1532 1122 1569 petitio

117 1589 226 1613 vestra
243 1583 338 1613 nohis
355 1583 502 1613 exhibita
518 1583 723 1618 continebat,
742 1583 843 1621 quod,
864 1592 937 1613 cum
955 1584 989 1612 in
1006 1593 1119 1619 causa,

118 1646 181 1675 que
197 1637 284 1666 inter
301 1645 373 1671 vos,
395 1636 497 1666 frater
515 1636 665 1674 episcope
684 1639 715 1665 et
731 1635 792 1664 filii
813 1635 994 1673 capitulum
1010 1637 1122 1673 Egita-

118 1690 272 1720 nienses.
291 1698 328 1719 ex
345 1693 437 1727 parte
454 1697 536 1723 una,
561 1693 592 1718 et
612 1697 686 1723 vos,
709 1689 812 1718 frater
836 1689 986 1727 episcope
1008 1693 1039 1719 et
1062 1690 1123 1719 filii

117 1742 297 1781 capitulum
314 1741 589 1775 Colimhrienses,
609 1750 644 1771 ex
669 1741 788 1775 altera,
814 1741 1029 1771 ecclesiarum
1048 1752 1122 1773 ves—

116 1800 241 1825 trarum
254 1795 397 1827 nomine,
412 1804 510 1833 super
521 1795 720 1825 limitatione
734 1795 987 1825 Colimbriensis
1001 1801 1029 1826 et
1045 1797 1122 1835 Egi-

117 1848 279 1878 taniensis
307 1848 487 1883 diocesum,
512 1847 711 1886 quibusdam
736 1848 886 1878 ecclesiis
915 1850 1121 1887 quorundam

116 1901 279 1936 locorum,
299 1900 541 1939 episcopalibus
556 1901 689 1939 juribus
712 1902 989 1939 sequestrationis
1012 1902 1122 1940 provi-

116 1953 227 1984 dentia
252 1954 337 1983 facta
363 1953 401 1983 de
424 1953 578 1983 mandato
600 1953 707 1983 felicis
728 1954 968 1983 recordationis
994 1956 1018 1984 I.
1040 1964 1121 1993 pape

116 2006 359 2045 predecessoris
377 2006 493 2041 nostri,
510 2006 779 2044 possessionibus
796 2006 970 2036 laicalibus
988 2007 1119 2043 debitis,

115 2059 278 2090 fructibus
288 2059 462 2097 perceptis.
474 2059 717 2093 invasionibus,
729 2059 996 2097 spoliationibus,
1008 2061 1121 2099 damp-

115 2113 182 2149 nis,
206 2112 405 2152 quibusdam
428 2112 503 2142 aliis
527 2112 677 2142 articulis
699 2121 826 2142 necnon
849 2117 879 2143 et
900 2113 1025 2143 eisdem
1044 2123 1122 2143 con-

114 2165 328 2203 surgentibus
351 2165 551 2199 vertebatur,
575 2165 661 2194 idem
684 2165 897 2203 predecessor
919 2166 1025 2195 filium
1045 2176 1122 2196 nos-

115 2223 202 2248 trum
224 2219 248 2248 I.
274 2218 379 2247 sancti
401 2217 530 2247 Nicolai
553 2217 587 2246 in
608 2217 747 2248 Carcere
769 2218 922 2247 Tulliano
946 2219 1122 2249 diaconum

117 2271 320 2301 cardinalem
341 2271 467 2301 dederit
488 2270 637 2308 partibus
661 2271 864 2306 auditorem,
890 2272 1019 2301 tandem
1043 2281 1119 2306 vos,

114 2325 234 2354 fratres
252 2323 396 2361 episcopi
414 2327 443 2352 et
460 2323 572 2353 dilecti
588 2323 649 2352 filii
669 2324 786 2353 Petrus
803 2328 916 2354 cantor
933 2325 1122 2362 Egitanien-

116 2377 162 2407 sis
179 2381 209 2407 et.
224 2376 383 2414 magister
398 2375 580 2411 Joliannes,
593 2376 705 2411 vestri,
725 2376 786 2405 filii
798 2376 953 2415 capitula,
971 2386 1122 2415 procura-

116 2434 219 2464 tores,
243 2429 403 2459 habentes
427 2428 467 2458 ad
489 2429 752 2467 componendum
772 2429 955 2467 plenariam
978 2434 1123 2468 potesta-

115 2487 181 2513 tem
212 2483 246 2512 in
273 2482 414 2512 eundem
444 2481 646 2511 cardinalem
683 2486 850 2520 tamquam
877 2483 911 2511 in
943 2483 1120 2519 arbitrum,

117 2535 347 2565 arbitratorem
364 2538 394 2564 et
411 2533 620 2563 amicabilem
641 2535 894 2572 compositorem
912 2536 1123 2573 compromit-

117 2593 185 2618 tere
211 2587 399 2622 curavistis,
429 2587 513 2616 sicut
543 2586 577 2615 in
605 2585 827 2617 instrumento
852 2587 983 2625 publico
1006 2589 1123 2619 exinde

118 2642 266 2672 confecto
281 2640 425 2678 sigillato
440 2639 561 2678 sigillis
576 2639 707 2675 vestris,
723 2640 842 2670 fratres
860 2641 1016 2680 episcopi,
1033 2646 1063 2672 et
1076 2642 1123 2671 in-

117 2695 222 2725 ferius
246 2697 402 2723 annotato
424 2692 556 2731 plenius
582 2693 782 2722 continetur.
806 2693 908 2733 Cujus
931 2699 1026 2725 tenor
1048 2695 1124 2725 talis

118 2752 167 2778 est
185 2758 190 2776 :

620 2798 736 2832 Napies,
754 2799 785 2825 1⁴2
804 2800 957 2826 novembre
976 2801 1051 2827 ¹254.

159 2875 171 2889 «
184 2863 221 2892 In
235 2861 368 2892 nomine
382 2861 508 2892 Christi
520 2870 628 2891 amen.
643 2861 737 2890 Anno
752 2862 883 2891 Domini
899 2862 1122 2899 M.CC.LIIII‚

122 2929 133 2941 ›>
158 2916 223 2945 XII
237 2915 288 2944 die
306 2915 430 2945 mensis
447 2914 646 2949 nownihris,
665 2914 747 2944 XIII
765 2914 969 2950 indictionis,
986 2916 1125 2954 Neapoli

1210 339 1223 353 ))

1209 389 1221 404 ))

1209 442 1221 456 ὶ)

1208 494 1221 509 ))

1208 548 1221 562 Ὶ)

1209 600 1221 614 ))

1208 653 1221 667 ))

1209 706 1221 720 ))

1209 758 1221 772 ))

1209 811 1221 826 ))

1209 863 1222 878 ))

1208 916 1222 930 ))

1209 969 1221 983 )Ἃ

1209 1022 1221 1036 ))

1208 1074 1221 1088 ))

1208 1126 1220 1141 )Ί

1208 1180 1220 1193 1)

1207 1232 1220 1247 ))

1207 1286 1219 1300 ))

1207 1339 1219 1353 ))

1207 1392 1219 1406 ))

1207 1445 1219 1459 ))

1208 1498 1219 1511 >>

1207 1550 1219 1564 ὶ)

1206 1603 1219 1617 ))

1207 1656 1219 1670 ὶ)

1207 1708 1219 1722 ))

1207 1761 1219 1776 ))

1208 1814 1219 1828 ))

1207 1867 1219 1881 i)

1207 1920 1219 1934 ))

1207 1973 1219 1986 1)

1207 2025 1219 2039 2)

1207 2078 1219 2092 >1

1206 2131 1219 2145 ))

1207 2186 1219 2201 ))

1207 2240 1219 2254 ))

1207 2292 1219 2306 ))

1207 2345 1220 2359 ))

1208 2398 1220 2412 ))

1208 2451 1220 2466 ))

1208 2504 1220 2518 >)

1208 2557 1220 2571 ))

1209 2611 1221 2626 ))

1209 2664 1221 2678 ))

1209 2716 1221 2731 ))

1209 2769 1221 2784 ))

1210 2822 1222 2836 ))

1210 2874 1222 2889 D

1211 2927 1223 2941 ))

2154 269 2210 299 279

1248 328 1283 356 in
1300 329 1438 359 ecclesia
1458 332 1651 361 monasterii
1675 332 1779 361 sancti
1800 333 1967 367 Severini,
1991 334 2025 362 in
2044 335 2211 372 presentia

1246 379 1311 408 mei
1328 380 1490 409 Bernardi
1507 381 1544 411 de
1566 382 1690 411 Littera
1706 383 1827 412 notarii
1849 388 1879 413 et
1897 384 2029 414 testium
2046 386 2209 424 subscrip-

1246 434 1364 465 torum,
1384 432 1510 462 scilicet
1525 433 1675 471 religiosi
1691 435 1754 464 viri
1773 458 1805 469 ..,
1824 436 1952 466 abbatis
1973 438 2207 474 Rotbonensis,

1246 484 1397 521 magistri
1421 486 1557 515 Roberti
1579 487 1837 517 Mediolanensis
1861 489 2138 527 Rotbomagensis
2157 501 2210 521 ca-

1247 537 1370 571 nonici,
1388 538 1539 575 magistri
1556 539 1645 568 Petri
1666 540 1819 569 Roderici
1842 542 1992 571 canonici
2015 543 2206 578 Auriensis,

1246 589 1398 626 magistri
1420 590 1557 620 Roberti
1577 591 1729 620 canonici
1752 592 1857 621 sancti
1873 593 2040 629 Quintini,
2059 597 2209 633 magistri

1247 641 1435 671 Continacii
1458 643 1610 672 canonici
1636 643 1804 679 Esculani,
1826 645 1915 674 Petri
1942 646 2074 676 Codarii
2098 648 2209 678 clerici

1246 695 1434 730 Auriensis,
1456 696 1597 726 Goffridi
1617 696 1729 726 clerici
1750 699 1971 734 procuratoris
1996 700 2123 730 abbatis
2145 703 2209 731 Do-

1246 746 1361 779 Iensis,
1376 748 1498 777 nobilis
1510 749 1573 777 viri
1590 749 1716 778 domini
1731 750 1871 779 Goffridi
1883 751 2012 781 comitis
2025 752 2062 781 de
2077 754 2207 791 Aquila,

1247 800 1373 829 domini
1395 801 1536 831 Goffridi
1557 802 1595 831 de
1611 803 1757 839 Argento
1780 803 1902 832 notarii
1920 804 2060 842 Galgani
2078 806 2115 835 de
2132 807 2211 836 Tra-

1246 857 1372 887 munto,
1392 853 1543 891 magistri
1559 854 1674 884 Jacobi
1689 854 1837 884 Vulteris
1853 855 1891 884 de
1909 855 2046 885 Salerno
2060 861 2090 886 et
2101 867 2211 895 quam-

1246 904 1392 942 plurium
1414 905 1571 941 aliorum,
1590 906 1798 937 venerabiles
1814 911 1923 945 patres
1942 908 2067 937 domini
2087 910 2210 947 Egeas,

1246 957 1515 993 Colimbriensis,
1535 963 1565 988 et
1583 959 1780 993 Rodericus,
1800 960 2026 997 Egitaniensis
2046 962 2208 1001 episcopi.

1247 1019 1360 1039 eorum
1377 1011 1510 1041 nomine
1527 1015 1558 1041 et
1571 1011 1788 1041 ecclesiarum
1804 1021 1950 1048 suarum,
1968 1023 2026 1051 pro
2043 1023 2076 1043 se
2091 1019 2121 1044 et
2137 1024 2211 1045 suc—

1246 1063 1434 1093 cessoribus
1457 1063 1539 1099 suis,
1564 1073 1599 1094 ac
1624 1064 1753 1102 providi
1776 1065 1839 1094 viri
1864 1066 2022 1103 magister
2040 1067 2210 1098 Johannes

1246 1116 1388 1150 Andree,
1404 1117 1584 1147 canonicus
1596 1117 1861 1153 Colimbriensis⁷
1875 1121 2211 1159 procuratorcapituli

1246 1168 1512 1205 Colimbriensis‚
1531 1174 1561 1200 et
1578 1171 1696 1200 Petrus
1715 1171 1869 1206 Martini,
1888 1176 2002 1202 cantor
2018 1173 2211 1211 Egitanien-

1246 1222 1308 1257 sis,
1340 1227 1532 1260 procurator
1557 1223 1784 1261 Egitaniensis
1809 1224 1957 1262 capituli,
1986 1225 2145 1256 habentes
2171 1227 2211 1255 ad

1245 1274 1306 1304 hoc
1328 1275 1486 1313 specialia
1507 1276 1662 1305 mandata
1687 1276 1726 1305 ab
1752 1277 1877 1307 eisdem
1893 1277 2058 1315 capitulis,
2078 1279 2211 1309 nomine

1245 1327 1466 1365 capitulorum
1482 1328 1640 1366 ipsorum,
1663 1333 1788 1367 sponte,
1808 1339 1872 1359 non
1890 1330 1921 1359 vi
1938 1330 1989 1360 vel
2004 1335 2105 1367 metu,
2123 1341 2211 1362 com-

1245 1380 1343 1418 pulsi.
1363 1389 1428 1410 non
1442 1381 1515 1411 dolo
1532 1381 1670 1415 inducti,
1689 1382 1746 1412 sed
1762 1392 1818 1420 pro
1835 1383 1919 1413 bono
1930 1384 2020 1421 pacis
2037 1385 2209 1414 concordie

1246 1437 1277 1463 et
1294 1433 1480 1463 amicabilis
1499 1434 1747 1472 compositionis
1766 1436 2002 1466 renunciantes
2026 1437 2210 1475 exceptioni

1245 1485 1311 1515 doli
1339 1495 1403 1515 non
1430 1487 1599 1516 commissi
1619 1491 1649 1516 ct
1674 1487 1801 1517 fraudis
1822 1488 1957 1517 colludii
1982 1493 2079 1528 atque
2099 1490 2207 1522 falcie,

1244 1539 1542 1576 compromiserunt
1571 1539 1605 1568 in
1636 1540 1859 1570 venerabilem
1887 1545 2012 1579 patrem
2039 1543 2208 1573 dominum

1244 1591 1431 1621 Johannem
1453 1592 1559 1621 sancti
1575 1592 1705 1621 Nicolai
1724 1593 1757 1621 in
1775 1593 1913 1623 Carcere
1929 1595 2081 1624 TuIIIano
2100 1596 2209 1626 diaco-

1244 1653 1323 1673 num
1342 1644 1561 1680 cardinalem,
1581 1646 1764 1675 auditorem
1782 1647 1829 1676 eis
1849 1656 1866 1675 a
1882 1647 2014 1678 domino
2031 1658 2112 1687 papa
2133 1659 2210 1679 con—

1245 1706 1375 1727 cessum
1401 1702 1569 1736 tamquam
1600 1699 1634 1727 in
1663 1699 1824 1728 arbitrum
1854 1704 1884 1729 et
1914 1701 2144 1731 arbitratorem
2174 1712 2210 1732 ac

1245 1750 1454 1780 amicabilem
1480 1752 1733 1789 compositorem
1752 1761 1851 1790 super
1871 1754 1999 1787 causis,
2022 1759 2211 1785 controver-

1246 1803 1323 1837 siis,
1353 1804 1586 1841 questionibus
1612 1809 1643 1834 et
1671 1804 1786 1834 litibus
1813 1806 1910 1835 motis
1939 1811 1968 1836 et
1995 1817 2058 1846 que
2086 1810 2210 1839 moveri

1244 1860 1379 1892 possent
1397 1856 1431 1884 in
1446 1860 1612 1894 posterum
1632 1857 1719 1887 inter
1733 1858 1863 1887 eosdem
1880 1859 2061 1898 episcopos,
2077 1862 2210 1891 nomine

1245 1908 1461 1938 ecclesiarum
1478 1918 1628 1943 suarum,
1645 1914 1676 1939 et
1694 1910 1797 1940 dictos
1814 1917 2059 1949 procuratores,
2079 1915 2211 1945 nomine

1245 1961 1464 1999 capitulorum
1481 1962 1699 1999 prefatorum.
1719 1972 1817 2001 super
1835 1964 2002 2003 dampnis,
2021 1966 2155 2005 inJ'uriis
2172 1968 2211 1997 ab

1245 2013 1404 2043 alterutra
1420 2019 1512 2052 parte
1528 2015 1613 2044 datis
1631 2025 1689 2045 seu
1706 2015 1823 2046 dandis
1844 2026 1949 2055 usque
1967 2018 2006 2047 ad
2022 2018 2211 2057 hujusmodi

1245 2066 1985 2106 diffinitionem,ordinationem.provisionem
1995 2080 2051 2100 seu
2061 2071 2212 2101 determi-

1246 2119 1415 2149 nationem
1433 2120 1573 2157 negocii,
1593 2121 1914 2158 sequestrationilms
1931 2123 2028 2152 sactis
2044 2128 2075 2153 et
2092 2125 2212 2154 facien-

1246 2174 1307 2209 dis,
1326 2174 1569 2204 invasionibus.
1586 2175 1749 2205 frnctibus
1767 2177 1929 2214 perceptis
1946 2178 1996 2207 vel
2014 2179 2070 2216 qui
2087 2181 2211 2218 percipi

1244 2231 1423 2265 potuerunt
1440 2232 1470 2257 et
1492 2232 1645 2265 poterunt
1662 2238 1765 2267 usque
1792 2229 1831 2258 ad
1851 2230 2101 2265 diffinitionem,
2124 2233 2212 2261 ordi-

1246 2288 1332 2312 nem,
1360 2280 1583 2318 provisionem
1607 2277 1665 2310 seu
1687 2281 1998 2313 determinationem
2022 2283 2212 2323 hujusmodi

1246 2333 1381 2371 negotii,
1409 2333 1611 2368 continibus,
1636 2333 1894 2365 limitationibus
1913 2336 2087 2375 utriusque
2104 2338 2213 2368 dioce-

1247 2395 1320 2416 sum
1332 2395 1369 2416 ac
1380 2386 1534 2416 omnibus
1547 2386 1622 2416 aliis
1635 2396 1698 2425 que
1712 2387 1797 2416 facta
1815 2397 1871 2417 scu
1885 2392 2076 2427 attemptata
2088 2391 2213 2420 fuerint

1246 2439 1324 2469 hinc
1342 2439 1437 2473 inde,
1456 2448 1584 2469 necnon
1604 2439 1715 2475 rebus,
1743 2440 1908 2476 ecclesiis,
1931 2441 2012 2472 locis
2033 2447 2063 2472 et
2080 2443 2213 2482 juribus

1246 2491 1490 2530 episcopalibus
1511 2492 1727 2522 ecelesiarum
1754 2493 1792 2523 de
1817 2493 2026 2531 Covelliana,
2051 2496 2210 2533 Celorico,

1246 2545 1396 2580 Linares,
1414 2544 1603 2582 Felgusino,
1622 2545 1767 2575 Caudela
1784 2549 1814 2575 et
1831 2546 1927 2581 Sena,
1946 2549 2213 2585 possessionibus

1247 2604 1278 2629 ct
1307 2599 1459 2629 domibus
1486 2600 1561 2629 sitis
1586 2600 1621 2629 in
1652 2600 1777 2630 eisdem
1802 2602 1919 2631 castris
1950 2607 1981 2632 et
2004 2603 2085 2634 locis
2111 2614 2147 2635 ac
2175 2606 2213 2635 de

1247 2652 1394 2690 quinque
1411 2651 1548 2682 mililms
1565 2661 1741 2682 aureorum
1759 2662 1840 2691 quos
1859 2658 1998 2693 utraque
2015 2666 2089 2694 pars
2109 2658 2149 2687 ab
2166 2659 2213 2687 al-

1248 2708 1373 2734 terutra
1389 2704 1453 2733 sibi
1470 2704 1582 2734 deberi
1599 2705 1743 2740 dicebat,
1763 2710 1793 2735 et
1809 2706 1847 2736 de
1861 2706 1935 2744 jure
1951 2712 2144 2745 patronatus
2161 2720 2213 2741 ec-

1247 2757 1347 2787 clesie
1367 2762 1479 2788 sancte
1496 2758 1599 2788 Marie
1616 2758 1654 2788 de
1674 2758 1882 2794 Covelliana,
1907 2764 1939 2789 et
1960 2761 1998 2791 de
2022 2764 2213 2794 executione

1248 2810 1413 2840 sententie
1430 2810 1490 2839 sub
1507 2810 1707 2840 arbitrorum
1729 2811 1882 2841 facienda
1904 2805 1954 2841 vel
1976 2823 2038 2842 non
2062 2815 2214 2846 facienda

1248 2862 1282 2891 in
1315 2866 1381 2891 tota
1410 2863 1512 2892 Berra
1540 2866 1569 2893 et
1602 2863 1793 2893 Covclliana
1825 2865 1931 2902 quoad
1957 2867 2154 2906 episcopalia
2183 2875 2213 2899 et

1250 2914 1443 2952 temporalia
1455 2914 1541 2953 jura,
1558 2918 1588 2944 et
1605 2915 1643 2944 de
1660 2915 1806 2945 dominio
1820 2918 2005 2955 temporali,
2028 2920 2109 2949 etde
2126 2922 2213 2959 epis—
