<?xml version="1.0" encoding="UTF-8"?>
<!DOCTYPE html PUBLIC "-//W3C//DTD XHTML 1.0 Transitional//EN"
    "http://www.w3.org/TR/xhtml1/DTD/xhtml1-transitional.dtd">
<html xmlns="http://www.w3.org/1999/xhtml" xml:lang="en" lang="en">
 <head>
  <title>
</title>
<meta http-equiv="Content-Type" content="text/html;charset=utf-8" />
  <meta name='ocr-system' content='tesseract 3.04.00' />
  <meta name='ocr-capabilities' content='ocr_page ocr_carea ocr_par ocr_line ocrx_word'/>
</head>
<body>
  <div class='ocr_page' id='page_1' title='image "./lesregistresdale01cathuoft_0228.png"; bbox 0 0 2498 3325; ppageno 0'>
   <div class='ocr_carea' id='block_1_1' title="bbox 237 226 1612 259">
    <p class='ocr_par' dir='ltr' id='par_1_1' title="bbox 237 226 1612 259">
     <span class='ocr_line' id='line_1_1' title="bbox 237 226 1612 259; baseline 0.003 -4"><span class='ocrx_word' id='word_1_1' title='bbox 237 227 294 255; x_wconf 65' lang='grc'>218</span> <span class='ocrx_word' id='word_1_2' title='bbox 962 227 1202 257; x_wconf 85' lang='lat' dir='ltr'>REGISTRES</span> <span class='ocrx_word' id='word_1_3' title='bbox 1225 226 1532 259; x_wconf 82' lang='lat' dir='ltr'>D’ALEXANDRE</span> <span class='ocrx_word' id='word_1_4' title='bbox 1557 230 1612 259; x_wconf 93' lang='lat' dir='ltr'>IV.</span> 
     </span>
    </p>
   </div>
   <div class='ocr_carea' id='block_1_2' title="bbox 235 291 1244 520">
    <p class='ocr_par' dir='ltr' id='par_1_2' title="bbox 235 291 1244 520">
     <span class='ocr_line' id='line_1_2' title="bbox 236 291 1243 328; baseline 0 -10"><span class='ocrx_word' id='word_1_5' title='bbox 236 292 342 318; x_wconf 78' lang='lat' dir='ltr'>tatione</span> <span class='ocrx_word' id='word_1_6' title='bbox 359 291 503 319; x_wconf 79' lang='lat' dir='ltr'>ordinarii.</span> <span class='ocrx_word' id='word_1_7' title='bbox 521 292 648 326; x_wconf 78' lang='lat' dir='ltr'>episcopi</span> <span class='ocrx_word' id='word_1_8' title='bbox 670 293 779 319; x_wconf 79' lang='lat' dir='ltr'>scilicet</span> <span class='ocrx_word' id='word_1_9' title='bbox 796 292 1023 327; x_wconf 68' lang='lat' dir='ltr'>catalaunensis,</span> <span class='ocrx_word' id='word_1_10' title='bbox 1040 293 1192 328; x_wconf 82' lang='lat' dir='ltr'>exemptis,</span> <span class='ocrx_word' id='word_1_11' title='bbox 1209 292 1243 318; x_wconf 84' lang='lat' dir='ltr'>ab</span> 
     </span>
     <span class='ocr_line' id='line_1_3' title="bbox 236 341 1244 374; baseline 0.002 -8"><span class='ocrx_word' id='word_1_12' title='bbox 236 341 298 374; x_wconf 82' lang='lat' dir='ltr'>ipso</span> <span class='ocrx_word' id='word_1_13' title='bbox 314 344 407 366; x_wconf 75' lang='lat' dir='ltr'>autem</span> <span class='ocrx_word' id='word_1_14' title='bbox 421 342 557 374; x_wconf 76' lang='lat' dir='ltr'>episcopo</span> <span class='ocrx_word' id='word_1_15' title='bbox 572 342 840 372; x_wconf 71' lang='lat' dir='ltr'>excommunientis,</span> <span class='ocrx_word' id='word_1_16' title='bbox 855 342 1019 368; x_wconf 83' lang='lat' dir='ltr'>nolentibus</span> <span class='ocrx_word' id='word_1_17' title='bbox 1033 342 1151 373; x_wconf 79' lang='lat' dir='ltr'>visitari,</span> <span class='ocrx_word' id='word_1_18' title='bbox 1165 347 1193 368; x_wconf 85' lang='lat' dir='ltr'>et</span> <span class='ocrx_word' id='word_1_19' title='bbox 1210 342 1244 368; x_wconf 85' lang='grc'>11-</span> 
     </span>
     <span class='ocr_line' id='line_1_4' title="bbox 235 389 1244 426; baseline 0.003 -12"><span class='ocrx_word' id='word_1_20' title='bbox 235 389 404 421; x_wconf 76' lang='lat' dir='ltr'>tigantibus,</span> <span class='ocrx_word' id='word_1_21' title='bbox 423 389 633 415; x_wconf 80' lang='lat' dir='ltr'>absolutionem</span> <span class='ocrx_word' id='word_1_22' title='bbox 651 390 684 415; x_wconf 81' lang='lat' dir='ltr'>ad</span> <span class='ocrx_word' id='word_1_23' title='bbox 703 390 825 423; x_wconf 76' lang='lat' dir='ltr'>Ilugone</span> <span class='ocrx_word' id='word_1_24' title='bbox 843 391 916 417; x_wconf 83' lang='lat' dir='ltr'>tituli</span> <span class='ocrx_word' id='word_1_25' title='bbox 937 399 961 418; x_wconf 87' lang='lat' dir='ltr'>s.</span> <span class='ocrx_word' id='word_1_26' title='bbox 984 391 1107 417; x_wconf 63' lang='lat' dir='ltr'>sabinae</span> <span class='ocrx_word' id='word_1_27' title='bbox 1124 392 1244 426; x_wconf 76' lang='lat' dir='ltr'>presby-</span> 
     </span>
     <span class='ocr_line' id='line_1_5' title="bbox 236 438 1244 470; baseline 0.003 -7"><span class='ocrx_word' id='word_1_28' title='bbox 236 442 297 463; x_wconf 77' lang='lat' dir='ltr'>tero</span> <span class='ocrx_word' id='word_1_29' title='bbox 313 438 448 464; x_wconf 73' lang='lat' dir='ltr'>cardinali</span> <span class='ocrx_word' id='word_1_30' title='bbox 465 439 673 464; x_wconf 73' lang='lat' dir='ltr'>sententialiter</span> <span class='ocrx_word' id='word_1_31' title='bbox 697 439 780 465; x_wconf 68' lang='lat' dir='ltr'>tutam</span> <span class='ocrx_word' id='word_1_32' title='bbox 801 440 949 470; x_wconf 57' lang='lat' dir='ltr'>Anazniae</span> <span class='ocrx_word' id='word_1_33' title='bbox 969 440 1014 466; x_wconf 85' lang='lat' dir='ltr'>die</span> <span class='ocrx_word' id='word_1_34' title='bbox 1039 448 1111 466; x_wconf 87' lang='lat' dir='ltr'>nona</span> <span class='ocrx_word' id='word_1_35' title='bbox 1135 441 1244 466; x_wconf 77' lang='lat' dir='ltr'>mensis</span> 
     </span>
     <span class='ocr_line' id='line_1_6' title="bbox 235 485 1076 520; baseline 0.005 -9"><span class='ocrx_word' id='word_1_36' title='bbox 235 487 352 519; x_wconf 64' lang='lat' dir='ltr'>augusti</span> <span class='ocrx_word' id='word_1_37' title='bbox 370 485 495 512; x_wconf 72' lang='lat' dir='ltr'>MCCLV</span> <span class='ocrx_word' id='word_1_38' title='bbox 513 487 771 518; x_wconf 68' lang='lat' dir='ltr'>contii-mat.(1{eo.</span> <span class='ocrx_word' id='word_1_39' title='bbox 787 488 831 518; x_wconf 68' lang='lat'>⁴24,</span> <span class='ocrx_word' id='word_1_40' title='bbox 849 496 873 515; x_wconf 90' lang='lat' dir='ltr'>c.</span> <span class='ocrx_word' id='word_1_41' title='bbox 893 489 953 519; x_wconf 75' lang='lat'>576,</span> <span class='ocrx_word' id='word_1_42' title='bbox 972 489 990 514; x_wconf 88' lang='lat' dir='ltr'>f.</span> <span class='ocrx_word' id='word_1_43' title='bbox 1009 488 1076 520; x_wconf 73' lang='lat'>86¹)</span> 
     </span>
    </p>
   </div>
   <div class='ocr_carea' id='block_1_3' title="bbox 227 602 1244 2544">
    <p class='ocr_par' dir='ltr' id='par_1_3' title="bbox 227 602 1244 2544">
     <span class='ocr_line' id='line_1_7' title="bbox 277 602 1244 635; baseline 0.008 -8"><span class='ocrx_word' id='word_1_44' title='bbox 277 614 289 627; x_wconf 82' lang='lat'>«</span> <span class='ocrx_word' id='word_1_45' title='bbox 311 624 342 635; x_wconf 88' lang='lat'>..,</span> <span class='ocrx_word' id='word_1_46' title='bbox 363 602 465 630; x_wconf 74' lang='lat' dir='ltr'>abbali</span> <span class='ocrx_word' id='word_1_47' title='bbox 480 607 505 630; x_wconf 81' lang='lat' dir='ltr'>et</span> <span class='ocrx_word' id='word_1_48' title='bbox 524 603 688 631; x_wconf 71' lang='grc'><strong>0001100101</strong></span> <span class='ocrx_word' id='word_1_49' title='bbox 704 604 884 632; x_wconf 74' lang='lat' dir='ltr'>monasterii</span> <span class='ocrx_word' id='word_1_50' title='bbox 903 606 1004 634; x_wconf 72' lang='lat' dir='ltr'>sancti</span> <span class='ocrx_word' id='word_1_51' title='bbox 1022 606 1114 634; x_wconf 76' lang='lat' dir='ltr'>Pauli</span> <span class='ocrx_word' id='word_1_52' title='bbox 1133 606 1244 635; x_wconf 80' lang='lat' dir='ltr'>Virdu-</span> 
     </span>
     <span class='ocr_line' id='line_1_8' title="bbox 233 655 1243 697; baseline 0.007 -15"><span class='ocrx_word' id='word_1_53' title='bbox 233 655 350 687; x_wconf 62' lang='lat' dir='ltr'>nensis,</span> <span class='ocrx_word' id='word_1_54' title='bbox 383 655 672 684; x_wconf 59' lang='lat' dir='ltr'>Premeanso-aleam</span> <span class='ocrx_word' id='word_1_55' title='bbox 701 657 832 685; x_wconf 76' lang='lat' dir='ltr'><em>ordinis.</em></span> <span class='ocrx_word' id='word_1_56' title='bbox 864 657 908 686; x_wconf 85' lang='lat' dir='ltr'>Ea</span> <span class='ocrx_word' id='word_1_57' title='bbox 938 666 1001 696; x_wconf 83' lang='lat' dir='ltr'>que</span> <span class='ocrx_word' id='word_1_58' title='bbox 1025 658 1151 697; x_wconf 88' lang='lat' dir='ltr'>judicio</span> <span class='ocrx_word' id='word_1_59' title='bbox 1181 664 1243 690; x_wconf 88' lang='lat' dir='ltr'>ete.</span> 
     </span>
     <span class='ocr_line' id='line_1_9' title="bbox 235 707 1244 750; baseline 0.008 -15"><span class='ocrx_word' id='word_1_60' title='bbox 235 716 339 745; x_wconf 77' lang='lat' dir='ltr'>usque</span> <span class='ocrx_word' id='word_1_61' title='bbox 367 717 372 735; x_wconf 92' lang='lat'><strong>:</strong></span> <span class='ocrx_word' id='word_1_62' title='bbox 395 707 605 736; x_wconf 81' lang='lat' dir='ltr'>communiri.</span> <span class='ocrx_word' id='word_1_63' title='bbox 630 710 715 737; x_wconf 71' lang='lat' dir='ltr'>Sane</span> <span class='ocrx_word' id='word_1_64' title='bbox 740 709 849 738; x_wconf 86' lang='lat' dir='ltr'>oblata</span> <span class='ocrx_word' id='word_1_65' title='bbox 876 710 971 740; x_wconf 91' lang='lat' dir='ltr'>nobis</span> <span class='ocrx_word' id='word_1_66' title='bbox 997 715 1106 741; x_wconf 81' lang='lat' dir='ltr'>vestra</span> <span class='ocrx_word' id='word_1_67' title='bbox 1129 713 1244 750; x_wconf 88' lang='lat' dir='ltr'>petitio</span> 
     </span>
     <span class='ocr_line' id='line_1_10' title="bbox 233 760 1244 801; baseline 0.006 -12"><span class='ocrx_word' id='word_1_68' title='bbox 233 760 438 793; x_wconf 82' lang='lat' dir='ltr'>continebat,</span> <span class='ocrx_word' id='word_1_69' title='bbox 459 760 545 798; x_wconf 76' lang='lat' dir='ltr'>quod</span> <span class='ocrx_word' id='word_1_70' title='bbox 565 760 643 789; x_wconf 88' lang='grc'><strong>011111</strong></span> <span class='ocrx_word' id='word_1_71' title='bbox 663 761 750 791; x_wconf 83' lang='lat' dir='ltr'>inter</span> <span class='ocrx_word' id='word_1_72' title='bbox 768 771 824 791; x_wconf 88' lang='lat' dir='ltr'>vos</span> <span class='ocrx_word' id='word_1_73' title='bbox 842 772 879 791; x_wconf 82' lang='lat' dir='ltr'>ex</span> <span class='ocrx_word' id='word_1_74' title='bbox 899 767 989 801; x_wconf 88' lang='lat' dir='ltr'>parte</span> <span class='ocrx_word' id='word_1_75' title='bbox 1010 772 1075 793; x_wconf 91' lang='lat' dir='ltr'>una</span> <span class='ocrx_word' id='word_1_76' title='bbox 1097 768 1244 796; x_wconf 56' lang='grc'><strong>0111000-</strong></span> 
     </span>
     <span class='ocr_line' id='line_1_11' title="bbox 234 813 1244 857; baseline 0.007 -15"><span class='ocrx_word' id='word_1_77' title='bbox 234 813 372 843; x_wconf 85' lang='lat' dir='ltr'>rabilem</span> <span class='ocrx_word' id='word_1_78' title='bbox 396 814 531 843; x_wconf 80' lang='lat' dir='ltr'>fratrem</span> <span class='ocrx_word' id='word_1_79' title='bbox 556 818 704 843; x_wconf 87' lang='lat' dir='ltr'>nostrum</span> <span class='ocrx_word' id='word_1_80' title='bbox 728 838 763 849; x_wconf 84' lang='lat'>..‚</span> <span class='ocrx_word' id='word_1_81' title='bbox 791 816 1094 847; x_wconf 79' lang='lat' dir='ltr'>Catbalaunensem</span> <span class='ocrx_word' id='word_1_82' title='bbox 1117 819 1244 857; x_wconf 76' lang='lat' dir='ltr'>episco-</span> 
     </span>
     <span class='ocr_line' id='line_1_12' title="bbox 233 866 1244 907; baseline 0.008 -13"><span class='ocrx_word' id='word_1_83' title='bbox 233 875 328 904; x_wconf 82' lang='lat' dir='ltr'>puni,</span> <span class='ocrx_word' id='word_1_84' title='bbox 356 875 454 904; x_wconf 83' lang='lat' dir='ltr'>super</span> <span class='ocrx_word' id='word_1_85' title='bbox 477 875 514 895; x_wconf 88' lang='lat' dir='ltr'>eo</span> <span class='ocrx_word' id='word_1_86' title='bbox 540 866 625 904; x_wconf 77' lang='lat' dir='ltr'>quod</span> <span class='ocrx_word' id='word_1_87' title='bbox 652 867 738 897; x_wconf 85' lang='lat' dir='ltr'>idem</span> <span class='ocrx_word' id='word_1_88' title='bbox 765 868 938 907; x_wconf 85' lang='lat' dir='ltr'>episcopus</span> <span class='ocrx_word' id='word_1_89' title='bbox 963 869 1189 901; x_wconf 78' lang='lat' dir='ltr'>visitationem</span> <span class='ocrx_word' id='word_1_90' title='bbox 1213 876 1244 902; x_wconf 92' lang='lat' dir='ltr'>et</span> 
     </span>
     <span class='ocr_line' id='line_1_13' title="bbox 234 919 1243 959; baseline 0.006 -11"><span class='ocrx_word' id='word_1_91' title='bbox 234 919 471 949; x_wconf 77' lang='lat' dir='ltr'>roi-rectionem</span> <span class='ocrx_word' id='word_1_92' title='bbox 489 928 616 949; x_wconf 88' lang='lat' dir='ltr'>necnon</span> <span class='ocrx_word' id='word_1_93' title='bbox 641 924 671 949; x_wconf 85' lang='lat' dir='ltr'>et</span> <span class='ocrx_word' id='word_1_94' title='bbox 693 922 958 959; x_wconf 71' lang='lat' dir='ltr'>procurationem</span> <span class='ocrx_word' id='word_1_95' title='bbox 976 923 1105 954; x_wconf 88' lang='lat' dir='ltr'>ratione</span> <span class='ocrx_word' id='word_1_96' title='bbox 1127 924 1243 954; x_wconf 81' lang='lat' dir='ltr'>visita-</span> 
     </span>
     <span class='ocr_line' id='line_1_14' title="bbox 234 972 1243 1013; baseline 0.008 -13"><span class='ocrx_word' id='word_1_97' title='bbox 234 972 334 1001; x_wconf 80' lang='lat' dir='ltr'>tionis</span> <span class='ocrx_word' id='word_1_98' title='bbox 347 972 380 1000; x_wconf 93' lang='grc'>111</span> <span class='ocrx_word' id='word_1_99' title='bbox 394 972 488 1001; x_wconf 89' lang='lat' dir='ltr'>domo</span> <span class='ocrx_word' id='word_1_100' title='bbox 498 973 536 1002; x_wconf 88' lang='lat' dir='ltr'>de</span> <span class='ocrx_word' id='word_1_101' title='bbox 546 974 678 1002; x_wconf 67' lang='lat' dir='ltr'>VVanou</span> <span class='ocrx_word' id='word_1_102' title='bbox 692 983 749 1003; x_wconf 83' lang='lat' dir='ltr'>sue</span> <span class='ocrx_word' id='word_1_103' title='bbox 760 974 912 1009; x_wconf 85' lang='lat' dir='ltr'>diocesis,</span> <span class='ocrx_word' id='word_1_104' title='bbox 926 975 1113 1013; x_wconf 89' lang='lat' dir='ltr'>pertinente</span> <span class='ocrx_word' id='word_1_105' title='bbox 1124 977 1164 1007; x_wconf 86' lang='lat' dir='ltr'>ad</span> <span class='ocrx_word' id='word_1_106' title='bbox 1174 987 1243 1008; x_wconf 84' lang='lat' dir='ltr'>ves-</span> 
     </span>
     <span class='ocr_line' id='line_1_15' title="bbox 233 1026 1239 1068; baseline 0.007 -14"><span class='ocrx_word' id='word_1_107' title='bbox 233 1029 319 1055; x_wconf 85' lang='lat' dir='ltr'>trum</span> <span class='ocrx_word' id='word_1_108' title='bbox 341 1026 592 1061; x_wconf 24' lang='lat' dir='ltr'>monastica-iuni,</span> <span class='ocrx_word' id='word_1_109' title='bbox 612 1027 774 1064; x_wconf 69' lang='lat' dir='ltr'>exigebat,</span> <span class='ocrx_word' id='word_1_110' title='bbox 794 1032 865 1057; x_wconf 86' lang='lat' dir='ltr'>orta</span> <span class='ocrx_word' id='word_1_111' title='bbox 885 1029 1023 1059; x_wconf 86' lang='lat' dir='ltr'>materia</span> <span class='ocrx_word' id='word_1_112' title='bbox 1037 1031 1239 1068; x_wconf 74' lang='lat' dir='ltr'>questionis,</span> 
     </span>
     <span class='ocr_line' id='line_1_16' title="bbox 233 1079 1241 1122; baseline 0.007 -15"><span class='ocrx_word' id='word_1_113' title='bbox 233 1087 337 1117; x_wconf 80' lang='lat' dir='ltr'>eaque</span> <span class='ocrx_word' id='word_1_114' title='bbox 361 1088 470 1107; x_wconf 84' lang='lat' dir='ltr'>coram</span> <span class='ocrx_word' id='word_1_115' title='bbox 495 1079 636 1108; x_wconf 77' lang='lat' dir='ltr'>diversis</span> <span class='ocrx_word' id='word_1_116' title='bbox 657 1080 827 1118; x_wconf 86' lang='lat' dir='ltr'>judicibus</span> <span class='ocrx_word' id='word_1_117' title='bbox 848 1082 988 1119; x_wconf 71' lang='lat' dir='ltr'>agitata,</span> <span class='ocrx_word' id='word_1_118' title='bbox 1012 1083 1143 1113; x_wconf 82' lang='lat' dir='ltr'>tandem</span> <span class='ocrx_word' id='word_1_119' title='bbox 1170 1084 1241 1122; x_wconf 90' lang='lat' dir='ltr'>ipsa</span> 
     </span>
     <span class='ocr_line' id='line_1_17' title="bbox 232 1130 1242 1175; baseline 0.009 -17"><span class='ocrx_word' id='word_1_120' title='bbox 232 1130 372 1160; x_wconf 83' lang='lat' dir='ltr'>remissa</span> <span class='ocrx_word' id='word_1_121' title='bbox 385 1130 425 1159; x_wconf 80' lang='lat' dir='ltr'>ad</span> <span class='ocrx_word' id='word_1_122' title='bbox 441 1131 588 1165; x_wconf 81' lang='lat' dir='ltr'>Cui-lam,</span> <span class='ocrx_word' id='word_1_123' title='bbox 608 1132 716 1161; x_wconf 79' lang='lat' dir='ltr'>felicis</span> <span class='ocrx_word' id='word_1_124' title='bbox 732 1133 971 1164; x_wconf 87' lang='lat' dir='ltr'>recordationis</span> <span class='ocrx_word' id='word_1_125' title='bbox 986 1136 1011 1164; x_wconf 88' lang='lat' dir='ltr'>I.</span> <span class='ocrx_word' id='word_1_126' title='bbox 1029 1145 1112 1174; x_wconf 86' lang='lat' dir='ltr'>papa</span> <span class='ocrx_word' id='word_1_127' title='bbox 1126 1137 1242 1175; x_wconf 86' lang='lat' dir='ltr'>prede-</span> 
     </span>
     <span class='ocr_line' id='line_1_18' title="bbox 231 1183 1241 1222; baseline 0.009 -11"><span class='ocrx_word' id='word_1_128' title='bbox 231 1191 342 1211; x_wconf 79' lang='lat' dir='ltr'>cessor</span> <span class='ocrx_word' id='word_1_129' title='bbox 352 1188 464 1212; x_wconf 76' lang='lat' dir='ltr'>noster</span> <span class='ocrx_word' id='word_1_130' title='bbox 475 1183 633 1213; x_wconf 85' lang='lat' dir='ltr'>dilectum</span> <span class='ocrx_word' id='word_1_131' title='bbox 647 1185 753 1214; x_wconf 83' lang='grc'><strong>11111110</strong></span> <span class='ocrx_word' id='word_1_132' title='bbox 763 1190 912 1216; x_wconf 88' lang='lat' dir='ltr'>nostrum</span> <span class='ocrx_word' id='word_1_133' title='bbox 922 1187 972 1222; x_wconf 85' lang='lat' dir='ltr'>O.,</span> <span class='ocrx_word' id='word_1_134' title='bbox 985 1189 1091 1218; x_wconf 89' lang='lat' dir='ltr'>sancti</span> <span class='ocrx_word' id='word_1_135' title='bbox 1101 1190 1241 1220; x_wconf 85' lang='lat' dir='ltr'>Adriani</span> 
     </span>
     <span class='ocr_line' id='line_1_19' title="bbox 232 1235 1241 1277; baseline 0.01 -14"><span class='ocrx_word' id='word_1_136' title='bbox 232 1235 407 1264; x_wconf 79' lang='lat' dir='ltr'>diaconum</span> <span class='ocrx_word' id='word_1_137' title='bbox 417 1236 630 1271; x_wconf 79' lang='lat' dir='ltr'>cardinalem,</span> <span class='ocrx_word' id='word_1_138' title='bbox 645 1238 808 1267; x_wconf 70' lang='lat' dir='ltr'>concessit</span> <span class='ocrx_word' id='word_1_139' title='bbox 818 1239 967 1277; x_wconf 84' lang='lat' dir='ltr'>partibus</span> <span class='ocrx_word' id='word_1_140' title='bbox 977 1241 1172 1272; x_wconf 77' lang='lat' dir='ltr'>auditorem.</span> <span class='ocrx_word' id='word_1_141' title='bbox 1183 1243 1241 1273; x_wconf 87' lang='lat' dir='ltr'>Co-</span> 
     </span>
     <span class='ocr_line' id='line_1_20' title="bbox 232 1288 1241 1332; baseline 0.01 -16"><span class='ocrx_word' id='word_1_142' title='bbox 232 1297 301 1317; x_wconf 83' lang='lat' dir='ltr'>ram</span> <span class='ocrx_word' id='word_1_143' title='bbox 316 1297 380 1326; x_wconf 83' lang='lat' dir='ltr'>quo</span> <span class='ocrx_word' id='word_1_144' title='bbox 397 1288 453 1317; x_wconf 77' lang='lat' dir='ltr'>lite</span> <span class='ocrx_word' id='word_1_145' title='bbox 468 1289 615 1325; x_wconf 59' lang='lat' dir='ltr'>legitime</span> <span class='ocrx_word' id='word_1_146' title='bbox 628 1294 821 1324; x_wconf 82' lang='lat' dir='ltr'>contestata,</span> <span class='ocrx_word' id='word_1_147' title='bbox 841 1292 1004 1331; x_wconf 79' lang='lat' dir='ltr'>factisque</span> <span class='ocrx_word' id='word_1_148' title='bbox 1018 1295 1241 1332; x_wconf 80' lang='lat' dir='ltr'>positionibus</span> 
     </span>
     <span class='ocr_line' id='line_1_21' title="bbox 231 1341 1242 1379; baseline 0.008 -9"><span class='ocrx_word' id='word_1_149' title='bbox 231 1345 261 1370; x_wconf 84' lang='lat' dir='ltr'>et</span> <span class='ocrx_word' id='word_1_150' title='bbox 279 1341 552 1378; x_wconf 77' lang='lat' dir='ltr'>responsionibus</span> <span class='ocrx_word' id='word_1_151' title='bbox 569 1342 607 1371; x_wconf 88' lang='lat' dir='ltr'>ad</span> <span class='ocrx_word' id='word_1_152' title='bbox 623 1343 771 1379; x_wconf 71' lang='lat' dir='ltr'>easdem,</span> <span class='ocrx_word' id='word_1_153' title='bbox 793 1344 878 1374; x_wconf 85' lang='lat' dir='ltr'>facta</span> <span class='ocrx_word' id='word_1_154' title='bbox 895 1345 994 1375; x_wconf 82' lang='lat' dir='ltr'>etiam</span> <span class='ocrx_word' id='word_1_155' title='bbox 1007 1348 1242 1379; x_wconf 73' lang='lat' dir='ltr'>commissione</span> 
     </span>
     <span class='ocr_line' id='line_1_22' title="bbox 231 1394 1241 1433; baseline 0.008 -10"><span class='ocrx_word' id='word_1_156' title='bbox 231 1403 330 1432; x_wconf 86' lang='lat' dir='ltr'>super</span> <span class='ocrx_word' id='word_1_157' title='bbox 356 1394 496 1424; x_wconf 81' lang='lat' dir='ltr'>testibus</span> <span class='ocrx_word' id='word_1_158' title='bbox 519 1395 740 1433; x_wconf 76' lang='lat' dir='ltr'>producendis</span> <span class='ocrx_word' id='word_1_159' title='bbox 764 1401 795 1426; x_wconf 88' lang='lat' dir='ltr'>et</span> <span class='ocrx_word' id='word_1_160' title='bbox 817 1406 931 1428; x_wconf 88' lang='lat' dir='ltr'>eorum</span> <span class='ocrx_word' id='word_1_161' title='bbox 960 1399 1058 1429; x_wconf 85' lang='lat' dir='ltr'>dictis</span> <span class='ocrx_word' id='word_1_162' title='bbox 1077 1409 1144 1430; x_wconf 89' lang='lat' dir='ltr'>una</span> <span class='ocrx_word' id='word_1_163' title='bbox 1167 1410 1241 1431; x_wconf 87' lang='lat' dir='ltr'>cum</span> 
     </span>
     <span class='ocr_line' id='line_1_23' title="bbox 231 1447 1242 1491; baseline 0.01 -17"><span class='ocrx_word' id='word_1_164' title='bbox 231 1447 441 1484; x_wconf 72' lang='lat' dir='ltr'>transcriptis</span> <span class='ocrx_word' id='word_1_165' title='bbox 458 1447 742 1485; x_wconf 66' lang='lat' dir='ltr'>indulgentiarum</span> <span class='ocrx_word' id='word_1_166' title='bbox 757 1451 1091 1491; x_wconf 83' lang='lat' dir='ltr'>quarumdam,juxta</span> <span class='ocrx_word' id='word_1_167' title='bbox 1104 1454 1242 1484; x_wconf 88' lang='lat' dir='ltr'>manda-</span> 
     </span>
     <span class='ocr_line' id='line_1_24' title="bbox 232 1499 1242 1542; baseline 0.01 -15"><span class='ocrx_word' id='word_1_168' title='bbox 232 1503 300 1527; x_wconf 90' lang='lat' dir='ltr'>tum</span> <span class='ocrx_word' id='word_1_169' title='bbox 314 1499 558 1537; x_wconf 65' lang='lat' dir='ltr'>predecessoris</span> <span class='ocrx_word' id='word_1_170' title='bbox 569 1501 727 1539; x_wconf 83' lang='lat' dir='ltr'>ejusdem.</span> <span class='ocrx_word' id='word_1_171' title='bbox 742 1502 893 1533; x_wconf 79' lang='lat' dir='ltr'>remissis</span> <span class='ocrx_word' id='word_1_172' title='bbox 905 1503 945 1532; x_wconf 84' lang='lat' dir='ltr'>ad</span> <span class='ocrx_word' id='word_1_173' title='bbox 954 1504 1132 1542; x_wconf 84' lang='lat' dir='ltr'>apostolice</span> <span class='ocrx_word' id='word_1_174' title='bbox 1147 1507 1242 1538; x_wconf 84' lang='lat' dir='ltr'>Sedis</span> 
     </span>
     <span class='ocr_line' id='line_1_25' title="bbox 230 1556 1243 1596; baseline 0.01 -14"><span class='ocrx_word' id='word_1_175' title='bbox 230 1563 385 1589; x_wconf 78' lang='lat' dir='ltr'>examen,</span> <span class='ocrx_word' id='word_1_176' title='bbox 413 1564 471 1584; x_wconf 89' lang='lat' dir='ltr'>nos</span> <span class='ocrx_word' id='word_1_177' title='bbox 502 1564 575 1584; x_wconf 85' lang='lat' dir='ltr'>cum</span> <span class='ocrx_word' id='word_1_178' title='bbox 606 1556 786 1587; x_wconf 86' lang='lat' dir='ltr'>cardinalis</span> <span class='ocrx_word' id='word_1_179' title='bbox 811 1558 978 1596; x_wconf 79' lang='lat' dir='ltr'>predictus</span> <span class='ocrx_word' id='word_1_180' title='bbox 1004 1561 1243 1592; x_wconf 77' lang='lat' dir='ltr'>examinationi</span> 
     </span>
     <span class='ocr_line' id='line_1_26' title="bbox 230 1606 1242 1651; baseline 0.011 -17"><span class='ocrx_word' id='word_1_181' title='bbox 230 1616 328 1636; x_wconf 85' lang='lat' dir='ltr'>cause</span> <span class='ocrx_word' id='word_1_182' title='bbox 346 1606 536 1646; x_wconf 80' lang='lat' dir='ltr'>hujusmodi</span> <span class='ocrx_word' id='word_1_183' title='bbox 553 1618 669 1638; x_wconf 81' lang='lat' dir='ltr'>vacare</span> <span class='ocrx_word' id='word_1_184' title='bbox 693 1618 758 1639; x_wconf 91' lang='lat' dir='ltr'>non</span> <span class='ocrx_word' id='word_1_185' title='bbox 777 1614 902 1648; x_wconf 86' lang='lat' dir='ltr'>posset,</span> <span class='ocrx_word' id='word_1_186' title='bbox 924 1611 1000 1642; x_wconf 89' lang='lat' dir='ltr'>aliis</span> <span class='ocrx_word' id='word_1_187' title='bbox 1021 1614 1168 1651; x_wconf 76' lang='lat' dir='ltr'>negociis</span> <span class='ocrx_word' id='word_1_188' title='bbox 1187 1624 1242 1645; x_wconf 88' lang='lat' dir='ltr'>oc-</span> 
     </span>
     <span class='ocr_line' id='line_1_27' title="bbox 230 1660 1242 1699; baseline 0.01 -11"><span class='ocrx_word' id='word_1_189' title='bbox 230 1664 380 1697; x_wconf 73' lang='lat' dir='ltr'>capatus,</span> <span class='ocrx_word' id='word_1_190' title='bbox 399 1660 518 1690; x_wconf 84' lang='lat' dir='ltr'>dilecto</span> <span class='ocrx_word' id='word_1_191' title='bbox 535 1661 602 1689; x_wconf 86' lang='grc'><strong>11110</strong></span> <span class='ocrx_word' id='word_1_192' title='bbox 621 1666 731 1691; x_wconf 79' lang='lat' dir='ltr'>nostro</span> <span class='ocrx_word' id='word_1_193' title='bbox 748 1663 843 1692; x_wconf 85' lang='lat' dir='ltr'>fratri</span> <span class='ocrx_word' id='word_1_194' title='bbox 862 1664 919 1699; x_wconf 92' lang='lat' dir='ltr'>H.,</span> <span class='ocrx_word' id='word_1_195' title='bbox 938 1664 1027 1694; x_wconf 87' lang='lat' dir='ltr'>tituli</span> <span class='ocrx_word' id='word_1_196' title='bbox 1050 1671 1162 1697; x_wconf 85' lang='lat' dir='ltr'>sancte</span> <span class='ocrx_word' id='word_1_197' title='bbox 1182 1668 1242 1698; x_wconf 83' lang='lat' dir='ltr'>Sa-</span> 
     </span>
     <span class='ocr_line' id='line_1_28' title="bbox 233 1712 1241 1751; baseline 0.01 -11"><span class='ocrx_word' id='word_1_198' title='bbox 233 1712 309 1741; x_wconf 88' lang='lat' dir='ltr'>bine</span> <span class='ocrx_word' id='word_1_199' title='bbox 335 1712 518 1750; x_wconf 74' lang='lat' dir='ltr'>presbitero</span> <span class='ocrx_word' id='word_1_200' title='bbox 546 1714 722 1743; x_wconf 80' lang='lat' dir='ltr'>cardinali.</span> <span class='ocrx_word' id='word_1_201' title='bbox 754 1724 888 1745; x_wconf 87' lang='lat' dir='ltr'>causam</span> <span class='ocrx_word' id='word_1_202' title='bbox 919 1718 1057 1748; x_wconf 89' lang='lat' dir='ltr'>eandem</span> <span class='ocrx_word' id='word_1_203' title='bbox 1087 1719 1241 1751; x_wconf 81' lang='lat' dir='ltr'>duximus</span> 
     </span>
     <span class='ocr_line' id='line_1_29' title="bbox 229 1765 1240 1811; baseline 0.009 -17"><span class='ocrx_word' id='word_1_204' title='bbox 229 1765 512 1795; x_wconf 65' lang='lat' dir='ltr'>committendam.</span> <span class='ocrx_word' id='word_1_205' title='bbox 543 1767 621 1803; x_wconf 74' lang='lat' dir='ltr'>Qui,</span> <span class='ocrx_word' id='word_1_206' title='bbox 646 1768 824 1805; x_wconf 81' lang='lat' dir='ltr'>publicatis</span> <span class='ocrx_word' id='word_1_207' title='bbox 855 1770 996 1800; x_wconf 87' lang='lat' dir='ltr'>testibus</span> <span class='ocrx_word' id='word_1_208' title='bbox 1031 1780 1141 1801; x_wconf 88' lang='lat' dir='ltr'>eoram</span> <span class='ocrx_word' id='word_1_209' title='bbox 1168 1773 1240 1811; x_wconf 90' lang='lat' dir='ltr'>ipso</span> 
     </span>
     <span class='ocr_line' id='line_1_30' title="bbox 230 1818 1240 1860; baseline 0.01 -14"><span class='ocrx_word' id='word_1_210' title='bbox 230 1818 437 1856; x_wconf 69' lang='lat' dir='ltr'>sumptisque</span> <span class='ocrx_word' id='word_1_211' title='bbox 464 1819 606 1848; x_wconf 79' lang='lat' dir='ltr'>rubricis</span> <span class='ocrx_word' id='word_1_212' title='bbox 633 1829 669 1849; x_wconf 76' lang='lat' dir='ltr'>ex</span> <span class='ocrx_word' id='word_1_213' title='bbox 700 1821 747 1850; x_wconf 87' lang='lat' dir='ltr'>eis</span> <span class='ocrx_word' id='word_1_214' title='bbox 778 1826 809 1851; x_wconf 86' lang='lat' dir='ltr'>et</span> <span class='ocrx_word' id='word_1_215' title='bbox 834 1822 1011 1860; x_wconf 79' lang='lat' dir='ltr'>diligenter</span> <span class='ocrx_word' id='word_1_216' title='bbox 1043 1826 1240 1856; x_wconf 76' lang='lat' dir='ltr'>examinatis</span> 
     </span>
     <span class='ocr_line' id='line_1_31' title="bbox 229 1871 1241 1917; baseline 0.008 -16"><span class='ocrx_word' id='word_1_217' title='bbox 229 1871 353 1901; x_wconf 81' lang='lat' dir='ltr'>eisdem</span> <span class='ocrx_word' id='word_1_218' title='bbox 375 1880 500 1901; x_wconf 83' lang='lat' dir='ltr'>necnon</span> <span class='ocrx_word' id='word_1_219' title='bbox 524 1872 647 1902; x_wconf 83' lang='lat' dir='ltr'>auditis</span> <span class='ocrx_word' id='word_1_220' title='bbox 671 1877 701 1903; x_wconf 82' lang='lat' dir='ltr'>et</span> <span class='ocrx_word' id='word_1_221' title='bbox 722 1873 902 1904; x_wconf 78' lang='lat' dir='ltr'>intellectis</span> <span class='ocrx_word' id='word_1_222' title='bbox 922 1884 985 1914; x_wconf 84' lang='lat' dir='ltr'>que</span> <span class='ocrx_word' id='word_1_223' title='bbox 1009 1881 1118 1914; x_wconf 86' lang='lat' dir='ltr'>partes</span> <span class='ocrx_word' id='word_1_224' title='bbox 1142 1887 1241 1917; x_wconf 86' lang='lat' dir='ltr'>super</span> 
     </span>
     <span class='ocr_line' id='line_1_32' title="bbox 229 1925 1239 1968; baseline 0.008 -15"><span class='ocrx_word' id='word_1_225' title='bbox 229 1934 327 1954; x_wconf 82' lang='lat' dir='ltr'>causa</span> <span class='ocrx_word' id='word_1_226' title='bbox 343 1925 411 1962; x_wconf 76' lang='lat' dir='ltr'>ipsa</span> <span class='ocrx_word' id='word_1_227' title='bbox 427 1934 607 1963; x_wconf 77' lang='lat' dir='ltr'>proponere</span> <span class='ocrx_word' id='word_1_228' title='bbox 626 1926 810 1962; x_wconf 85' lang='lat' dir='ltr'>voluerunt,</span> <span class='ocrx_word' id='word_1_229' title='bbox 830 1928 879 1957; x_wconf 88' lang='lat' dir='ltr'>eis</span> <span class='ocrx_word' id='word_1_230' title='bbox 896 1938 1027 1968; x_wconf 85' lang='lat' dir='ltr'>quoque</span> <span class='ocrx_word' id='word_1_231' title='bbox 1044 1930 1239 1961; x_wconf 86' lang='lat' dir='ltr'>concluden-</span> 
     </span>
     <span class='ocr_line' id='line_1_33' title="bbox 229 1977 1240 2022; baseline 0.008 -16"><span class='ocrx_word' id='word_1_232' title='bbox 229 1977 317 2006; x_wconf 80' lang='lat' dir='ltr'>tibus</span> <span class='ocrx_word' id='word_1_233' title='bbox 334 1977 367 2006; x_wconf 90' lang='lat' dir='ltr'>iu</span> <span class='ocrx_word' id='word_1_234' title='bbox 384 1977 513 2012; x_wconf 82' lang='lat' dir='ltr'>eadem,</span> <span class='ocrx_word' id='word_1_235' title='bbox 533 1978 645 2008; x_wconf 77' lang='lat' dir='ltr'>habito</span> <span class='ocrx_word' id='word_1_236' title='bbox 668 1979 848 2017; x_wconf 89' lang='lat' dir='ltr'>peritorum</span> <span class='ocrx_word' id='word_1_237' title='bbox 865 1981 1005 2011; x_wconf 89' lang='lat' dir='ltr'>consilio</span> <span class='ocrx_word' id='word_1_238' title='bbox 1024 1986 1054 2012; x_wconf 86' lang='lat' dir='ltr'>et</span> <span class='ocrx_word' id='word_1_239' title='bbox 1072 1988 1204 2022; x_wconf 86' lang='lat' dir='ltr'>recepta</span> <span class='ocrx_word' id='word_1_240' title='bbox 1222 1994 1240 2014; x_wconf 85' lang='lat' dir='ltr'>a</span> 
     </span>
     <span class='ocr_line' id='line_1_34' title="bbox 228 2030 1239 2076; baseline 0.009 -17"><span class='ocrx_word' id='word_1_241' title='bbox 228 2030 324 2059; x_wconf 88' lang='lat' dir='ltr'>nobis</span> <span class='ocrx_word' id='word_1_242' title='bbox 341 2030 475 2060; x_wconf 83' lang='lat' dir='ltr'>licentia</span> <span class='ocrx_word' id='word_1_243' title='bbox 493 2031 530 2061; x_wconf 79' lang='lat' dir='ltr'>dc</span> <span class='ocrx_word' id='word_1_244' title='bbox 553 2033 719 2062; x_wconf 84' lang='lat' dir='ltr'>sententia</span> <span class='ocrx_word' id='word_1_245' title='bbox 738 2035 935 2071; x_wconf 75' lang='lat' dir='ltr'>proferenda</span> <span class='ocrx_word' id='word_1_246' title='bbox 954 2035 1165 2066; x_wconf 86' lang='lat' dir='ltr'>diffinitivam</span> <span class='ocrx_word' id='word_1_247' title='bbox 1181 2047 1239 2076; x_wconf 89' lang='lat' dir='ltr'>pro</span> 
     </span>
     <span class='ocr_line' id='line_1_35' title="bbox 229 2083 1239 2128; baseline 0.009 -16"><span class='ocrx_word' id='word_1_248' title='bbox 229 2083 321 2112; x_wconf 79' lang='lat' dir='ltr'>vobis</span> <span class='ocrx_word' id='word_1_249' title='bbox 341 2084 552 2117; x_wconf 82' lang='lat' dir='ltr'>seutentiam,</span> <span class='ocrx_word' id='word_1_250' title='bbox 572 2086 842 2122; x_wconf 83' lang='lat' dir='ltr'>procuratoribus</span> <span class='ocrx_word' id='word_1_251' title='bbox 857 2087 1031 2127; x_wconf 79' lang='lat' dir='ltr'>utriusque</span> <span class='ocrx_word' id='word_1_252' title='bbox 1050 2090 1153 2127; x_wconf 81' lang='lat' dir='ltr'>partis</span> <span class='ocrx_word' id='word_1_253' title='bbox 1170 2100 1239 2128; x_wconf 87' lang='lat' dir='ltr'>pre-</span> 
     </span>
     <span class='ocr_line' id='line_1_36' title="bbox 229 2135 1239 2180; baseline 0.009 -16"><span class='ocrx_word' id='word_1_254' title='bbox 229 2135 395 2170; x_wconf 63' lang='lat' dir='ltr'>sentibus,</span> <span class='ocrx_word' id='word_1_255' title='bbox 415 2136 649 2173; x_wconf 55' lang='lat' dir='ltr'>promulgavit.</span> <span class='ocrx_word' id='word_1_256' title='bbox 677 2143 772 2175; x_wconf 90' lang='lat' dir='ltr'>prout</span> <span class='ocrx_word' id='word_1_257' title='bbox 796 2139 830 2167; x_wconf 93' lang='grc'>111</span> <span class='ocrx_word' id='word_1_258' title='bbox 855 2139 1077 2171; x_wconf 87' lang='lat' dir='ltr'>instrumento</span> <span class='ocrx_word' id='word_1_259' title='bbox 1106 2143 1239 2180; x_wconf 85' lang='lat' dir='ltr'>publico</span> 
     </span>
     <span class='ocr_line' id='line_1_37' title="bbox 228 2188 1238 2233; baseline 0.009 -16"><span class='ocrx_word' id='word_1_260' title='bbox 228 2188 303 2217; x_wconf 85' lang='lat' dir='ltr'>inde</span> <span class='ocrx_word' id='word_1_261' title='bbox 316 2189 464 2217; x_wconf 79' lang='lat' dir='ltr'>contecto</span> <span class='ocrx_word' id='word_1_262' title='bbox 481 2189 592 2225; x_wconf 59' lang='lat' dir='ltr'>sigillo</span> <span class='ocrx_word' id='word_1_263' title='bbox 607 2191 786 2221; x_wconf 55' lang='grc' dir='ltr'><strong>σευ-1111111115</strong></span> <span class='ocrx_word' id='word_1_264' title='bbox 800 2192 948 2230; x_wconf 87' lang='lat' dir='ltr'>ejusdem</span> <span class='ocrx_word' id='word_1_265' title='bbox 962 2193 1092 2231; x_wconf 75' lang='lat' dir='ltr'>signato</span> <span class='ocrx_word' id='word_1_266' title='bbox 1105 2195 1238 2233; x_wconf 84' lang='lat' dir='ltr'>plenius</span> 
     </span>
     <span class='ocr_line' id='line_1_38' title="bbox 227 2241 1238 2282; baseline 0.009 -12"><span class='ocrx_word' id='word_1_267' title='bbox 227 2241 416 2270; x_wconf 75' lang='lat' dir='ltr'>continetur</span> <span class='ocrx_word' id='word_1_268' title='bbox 437 2252 442 2270; x_wconf 88' lang='lat'>:</span> <span class='ocrx_word' id='word_1_269' title='bbox 465 2252 562 2280; x_wconf 75' lang='lat' dir='ltr'>quam</span> <span class='ocrx_word' id='word_1_270' title='bbox 581 2243 723 2280; x_wconf 82' lang='lat' dir='ltr'>petiistis</span> <span class='ocrx_word' id='word_1_271' title='bbox 741 2245 920 2282; x_wconf 78' lang='lat' dir='ltr'>apostolico</span> <span class='ocrx_word' id='word_1_272' title='bbox 937 2247 1123 2278; x_wconf 83' lang='lat' dir='ltr'>munimine</span> <span class='ocrx_word' id='word_1_273' title='bbox 1141 2249 1238 2279; x_wconf 89' lang='lat' dir='ltr'>robo-</span> 
     </span>
     <span class='ocr_line' id='line_1_39' title="bbox 228 2294 1238 2336; baseline 0.01 -14"><span class='ocrx_word' id='word_1_274' title='bbox 228 2294 305 2323; x_wconf 81' lang='lat' dir='ltr'>rari.</span> <span class='ocrx_word' id='word_1_275' title='bbox 324 2295 452 2324; x_wconf 70' lang='lat' dir='ltr'>Vestris</span> <span class='ocrx_word' id='word_1_276' title='bbox 474 2295 575 2332; x_wconf 69' lang='lat' dir='ltr'>igitur</span> <span class='ocrx_word' id='word_1_277' title='bbox 596 2296 894 2334; x_wconf 74' lang='lat' dir='ltr'>supplicationilms</span> <span class='ocrx_word' id='word_1_278' title='bbox 917 2299 1086 2336; x_wconf 88' lang='lat' dir='ltr'>inclinati,</span> <span class='ocrx_word' id='word_1_279' title='bbox 1107 2306 1238 2332; x_wconf 88' lang='lat' dir='ltr'>senten-</span> 
     </span>
     <span class='ocr_line' id='line_1_40' title="bbox 228 2347 1236 2391; baseline 0.011 -16"><span class='ocrx_word' id='word_1_280' title='bbox 228 2347 307 2376; x_wconf 86' lang='lat' dir='ltr'>tiam</span> <span class='ocrx_word' id='word_1_281' title='bbox 323 2347 428 2384; x_wconf 73' lang='lat' dir='ltr'>ipsam</span> <span class='ocrx_word' id='word_1_282' title='bbox 448 2348 581 2385; x_wconf 65' lang='grc'><strong>01011111·</strong></span> <span class='ocrx_word' id='word_1_283' title='bbox 603 2349 717 2385; x_wconf 82' lang='lat' dir='ltr'>latam,</span> <span class='ocrx_word' id='word_1_284' title='bbox 737 2355 842 2380; x_wconf 83' lang='lat' dir='ltr'>ratam</span> <span class='ocrx_word' id='word_1_285' title='bbox 864 2356 894 2381; x_wconf 85' lang='lat' dir='ltr'>et</span> <span class='ocrx_word' id='word_1_286' title='bbox 915 2357 1041 2389; x_wconf 78' lang='lat' dir='ltr'>gratam</span> <span class='ocrx_word' id='word_1_287' title='bbox 1062 2353 1236 2391; x_wconf 83' lang='lat' dir='ltr'>habentes,</span> 
     </span>
     <span class='ocr_line' id='line_1_41' title="bbox 227 2401 1235 2446; baseline 0.01 -18"><span class='ocrx_word' id='word_1_288' title='bbox 227 2408 299 2429; x_wconf 83' lang='lat' dir='ltr'>cain</span> <span class='ocrx_word' id='word_1_289' title='bbox 327 2401 521 2430; x_wconf 79' lang='lat' dir='ltr'>auctoritate</span> <span class='ocrx_word' id='word_1_290' title='bbox 544 2402 722 2439; x_wconf 74' lang='lat' dir='ltr'>apostoliea</span> <span class='ocrx_word' id='word_1_291' title='bbox 748 2404 983 2435; x_wconf 84' lang='lat' dir='ltr'>confirmamus</span> <span class='ocrx_word' id='word_1_292' title='bbox 1009 2410 1070 2435; x_wconf 86' lang='lat' dir='ltr'>etc.</span> <span class='ocrx_word' id='word_1_293' title='bbox 1095 2416 1201 2446; x_wconf 85' lang='lat' dir='ltr'>usque</span> <span class='ocrx_word' id='word_1_294' title='bbox 1229 2418 1235 2437; x_wconf 88' lang='lat'>:</span> 
     </span>
     <span class='ocr_line' id='line_1_42' title="bbox 227 2452 1236 2497; baseline 0.012 -18"><span class='ocrx_word' id='word_1_295' title='bbox 227 2452 482 2481; x_wconf 77' lang='lat' dir='ltr'>communimus.</span> <span class='ocrx_word' id='word_1_296' title='bbox 496 2454 655 2483; x_wconf 82' lang='lat' dir='ltr'>Tenorem</span> <span class='ocrx_word' id='word_1_297' title='bbox 674 2455 778 2493; x_wconf 83' lang='lat' dir='ltr'>ipsius</span> <span class='ocrx_word' id='word_1_298' title='bbox 794 2456 1009 2487; x_wconf 81' lang='lat' dir='ltr'>instrumenti</span> <span class='ocrx_word' id='word_1_299' title='bbox 1023 2460 1236 2497; x_wconf 85' lang='lat' dir='ltr'>presentibus</span> 
     </span>
     <span class='ocr_line' id='line_1_43' title="bbox 228 2504 775 2544; baseline 0.009 -12"><span class='ocrx_word' id='word_1_300' title='bbox 228 2504 331 2533; x_wconf 79' lang='lat' dir='ltr'>inseri</span> <span class='ocrx_word' id='word_1_301' title='bbox 349 2505 519 2540; x_wconf 79' lang='lat' dir='ltr'>facientes,</span> <span class='ocrx_word' id='word_1_302' title='bbox 539 2506 595 2544; x_wconf 78' lang='lat' dir='ltr'>qui</span> <span class='ocrx_word' id='word_1_303' title='bbox 614 2507 688 2536; x_wconf 80' lang='lat' dir='ltr'>talis</span> <span class='ocrx_word' id='word_1_304' title='bbox 703 2512 751 2537; x_wconf 83' lang='lat' dir='ltr'>est</span> <span class='ocrx_word' id='word_1_305' title='bbox 770 2519 775 2537; x_wconf 83' lang='lat' dir='ltr'>z</span> 
     </span>
    </p>
   </div>
   <div class='ocr_carea' id='block_1_4' title="bbox 827 2609 1162 2643">
    <p class='ocr_par' dir='ltr' id='par_1_4' title="bbox 827 2609 1162 2643">
     <span class='ocr_line' id='line_1_44' title="bbox 827 2609 1162 2643; baseline 0.015 -9"><span class='ocrx_word' id='word_1_306' title='bbox 827 2609 952 2643; x_wconf 79' lang='lat' dir='ltr'>Anagni,</span> <span class='ocrx_word' id='word_1_307' title='bbox 969 2610 985 2636; x_wconf 84' lang='lat'>9</span> <span class='ocrx_word' id='word_1_308' title='bbox 1001 2612 1067 2637; x_wconf 74' lang='lat' dir='ltr'>aeut</span> <span class='ocrx_word' id='word_1_309' title='bbox 1087 2611 1162 2639; x_wconf 63' lang='lat'>1255.</span> 
     </span>
    </p>
   </div>
   <div class='ocr_carea' id='block_1_5' title="bbox 230 2673 1236 2927">
    <p class='ocr_par' dir='ltr' id='par_1_5' title="bbox 230 2673 1236 2927">
     <span class='ocr_line' id='line_1_45' title="bbox 270 2673 1236 2720; baseline 0.012 -20"><span class='ocrx_word' id='word_1_310' title='bbox 270 2686 281 2699; x_wconf 74' lang='lat' dir='ltr'>u</span> <span class='ocrx_word' id='word_1_311' title='bbox 305 2673 342 2701; x_wconf 91' lang='lat' dir='ltr'>In</span> <span class='ocrx_word' id='word_1_312' title='bbox 369 2673 502 2703; x_wconf 89' lang='lat' dir='ltr'>nomine</span> <span class='ocrx_word' id='word_1_313' title='bbox 522 2674 672 2707; x_wconf 82' lang='lat' dir='ltr'>Domini,</span> <span class='ocrx_word' id='word_1_314' title='bbox 695 2684 802 2705; x_wconf 86' lang='lat' dir='ltr'>amen.</span> <span class='ocrx_word' id='word_1_315' title='bbox 825 2677 921 2706; x_wconf 84' lang='lat' dir='ltr'>Anno</span> <span class='ocrx_word' id='word_1_316' title='bbox 942 2678 1127 2710; x_wconf 86' lang='lat' dir='ltr'>nativitatis</span> <span class='ocrx_word' id='word_1_317' title='bbox 1147 2681 1236 2720; x_wconf 88' lang='lat' dir='ltr'>ejus—</span> 
     </span>
     <span class='ocr_line' id='line_1_46' title="bbox 230 2725 1232 2771; baseline 0.011 -18"><span class='ocrx_word' id='word_1_318' title='bbox 230 2738 241 2751; x_wconf 84' lang='lat'>»</span> <span class='ocrx_word' id='word_1_319' title='bbox 268 2725 341 2754; x_wconf 89' lang='lat' dir='ltr'>dem</span> <span class='ocrx_word' id='word_1_320' title='bbox 372 2725 563 2761; x_wconf 50' lang='lat' dir='ltr'>M⁰CC0LVQ</span> <span class='ocrx_word' id='word_1_321' title='bbox 596 2726 777 2758; x_wconf 85' lang='lat' dir='ltr'>indictione</span> <span class='ocrx_word' id='word_1_322' title='bbox 806 2729 905 2765; x_wconf 84' lang='lat' dir='ltr'>XIII,</span> <span class='ocrx_word' id='word_1_323' title='bbox 940 2739 1054 2762; x_wconf 87' lang='lat' dir='ltr'>mense</span> <span class='ocrx_word' id='word_1_324' title='bbox 1082 2735 1232 2771; x_wconf 78' lang='lat' dir='ltr'>augusti,</span> 
     </span>
     <span class='ocr_line' id='line_1_47' title="bbox 230 2778 1235 2821; baseline 0.012 -16"><span class='ocrx_word' id='word_1_325' title='bbox 230 2790 241 2804; x_wconf 82' lang='grc'>11</span> <span class='ocrx_word' id='word_1_326' title='bbox 268 2778 319 2807; x_wconf 88' lang='lat' dir='ltr'>die</span> <span class='ocrx_word' id='word_1_327' title='bbox 344 2787 447 2808; x_wconf 81' lang='lat' dir='ltr'>nona,</span> <span class='ocrx_word' id='word_1_328' title='bbox 479 2779 689 2815; x_wconf 61' lang='lat' dir='ltr'>poi‘itiiicatus</span> <span class='ocrx_word' id='word_1_329' title='bbox 713 2781 839 2810; x_wconf 90' lang='grc'><strong>1101111111</strong></span> <span class='ocrx_word' id='word_1_330' title='bbox 863 2792 944 2821; x_wconf 88' lang='lat' dir='ltr'>pape</span> <span class='ocrx_word' id='word_1_331' title='bbox 966 2784 1145 2815; x_wconf 81' lang='lat' dir='ltr'>Alexandri</span> <span class='ocrx_word' id='word_1_332' title='bbox 1167 2788 1235 2817; x_wconf 92' lang='lat' dir='ltr'>IIII</span> 
     </span>
     <span class='ocr_line' id='line_1_48' title="bbox 230 2831 1235 2870; baseline 0.011 -11"><span class='ocrx_word' id='word_1_333' title='bbox 230 2844 241 2858; x_wconf 92' lang='grc'>11</span> <span class='ocrx_word' id='word_1_334' title='bbox 268 2840 353 2860; x_wconf 82' lang='lat' dir='ltr'>anno</span> <span class='ocrx_word' id='word_1_335' title='bbox 385 2831 502 2869; x_wconf 85' lang='lat' dir='ltr'>primo.</span> <span class='ocrx_word' id='word_1_336' title='bbox 535 2833 572 2861; x_wconf 90' lang='grc'>111</span> <span class='ocrx_word' id='word_1_337' title='bbox 605 2834 772 2870; x_wconf 77' lang='lat' dir='ltr'>presentia</span> <span class='ocrx_word' id='word_1_338' title='bbox 798 2835 863 2864; x_wconf 82' lang='grc'><strong>11101</strong></span> <span class='ocrx_word' id='word_1_339' title='bbox 894 2837 1015 2866; x_wconf 86' lang='lat' dir='ltr'>notarii</span> <span class='ocrx_word' id='word_1_340' title='bbox 1043 2842 1074 2868; x_wconf 89' lang='lat' dir='ltr'>et</span> <span class='ocrx_word' id='word_1_341' title='bbox 1100 2839 1235 2869; x_wconf 87' lang='lat' dir='ltr'>testium</span> 
     </span>
     <span class='ocr_line' id='line_1_49' title="bbox 230 2884 1234 2927; baseline 0.013 -17"><span class='ocrx_word' id='word_1_342' title='bbox 230 2898 241 2910; x_wconf 89' lang='grc'>11</span> <span class='ocrx_word' id='word_1_343' title='bbox 268 2884 528 2922; x_wconf 79' lang='lat' dir='ltr'>subscriptorum</span> <span class='ocrx_word' id='word_1_344' title='bbox 551 2885 666 2915; x_wconf 84' lang='lat' dir='ltr'>adhoc</span> <span class='ocrx_word' id='word_1_345' title='bbox 687 2891 875 2917; x_wconf 82' lang='lat' dir='ltr'>vocatorum</span> <span class='ocrx_word' id='word_1_346' title='bbox 896 2893 926 2919; x_wconf 89' lang='lat' dir='ltr'>et</span> <span class='ocrx_word' id='word_1_347' title='bbox 947 2894 1151 2927; x_wconf 80' lang='lat' dir='ltr'>rogatorum,</span> <span class='ocrx_word' id='word_1_348' title='bbox 1178 2902 1234 2923; x_wconf 90' lang='lat' dir='ltr'>ve-</span> 
     </span>
    </p>
   </div>
   <div class='ocr_carea' id='block_1_6' title="bbox 1319 294 2345 2929">
    <p class='ocr_par' dir='ltr' id='par_1_6' title="bbox 1330 294 2342 384">
     <span class='ocr_line' id='line_1_50' title="bbox 1330 294 2342 335; baseline 0.009 -13"><span class='ocrx_word' id='word_1_349' title='bbox 1330 304 1343 318; x_wconf 83' lang='lat'>»</span> <span class='ocrx_word' id='word_1_350' title='bbox 1369 294 1529 324; x_wconf 83' lang='lat' dir='ltr'>nei-abilis</span> <span class='ocrx_word' id='word_1_351' title='bbox 1548 299 1639 333; x_wconf 81' lang='lat' dir='ltr'>pater</span> <span class='ocrx_word' id='word_1_352' title='bbox 1660 296 1815 327; x_wconf 87' lang='lat' dir='ltr'>dominus</span> <span class='ocrx_word' id='word_1_353' title='bbox 1839 298 1950 335; x_wconf 77' lang='lat' dir='ltr'>Hugo,</span> <span class='ocrx_word' id='word_1_354' title='bbox 1972 298 2061 328; x_wconf 82' lang='lat' dir='ltr'>tituli</span> <span class='ocrx_word' id='word_1_355' title='bbox 2082 304 2194 330; x_wconf 79' lang='lat' dir='ltr'>sancte</span> <span class='ocrx_word' id='word_1_356' title='bbox 2218 301 2342 332; x_wconf 85' lang='lat' dir='ltr'>Sabine</span> 
     </span>
     <span class='ocr_line' id='line_1_51' title="bbox 1331 346 2340 384; baseline 0.012 -13"><span class='ocrx_word' id='word_1_357' title='bbox 1331 357 1343 371; x_wconf 76' lang='lat'>1)</span> <span class='ocrx_word' id='word_1_358' title='bbox 1368 346 1731 384; x_wconf 81' lang='lat' dir='ltr'>presbitercardinalis,</span> <span class='ocrx_word' id='word_1_359' title='bbox 1746 349 1821 379; x_wconf 89' lang='lat' dir='ltr'>tulit</span> <span class='ocrx_word' id='word_1_360' title='bbox 1834 351 2034 380; x_wconf 83' lang='lat' dir='ltr'>sententiam</span> <span class='ocrx_word' id='word_1_361' title='bbox 2045 351 2080 380; x_wconf 91' lang='lat' dir='ltr'>in</span> <span class='ocrx_word' id='word_1_362' title='bbox 2094 351 2183 382; x_wconf 91' lang='grc'><strong>11000</strong></span> <span class='ocrx_word' id='word_1_363' title='bbox 2194 353 2340 384; x_wconf 90' lang='lat' dir='ltr'>modum.</span> 
     </span>
    </p>

    <p class='ocr_par' dir='ltr' id='par_1_7' title="bbox 1326 399 2343 1491">
     <span class='ocr_line' id='line_1_52' title="bbox 1371 399 2342 442; baseline 0.011 -17"><span class='ocrx_word' id='word_1_364' title='bbox 1371 412 1382 425; x_wconf 81' lang='grc'>11</span> <span class='ocrx_word' id='word_1_365' title='bbox 1406 399 1582 430; x_wconf 81' lang='lat' dir='ltr'>Universis</span> <span class='ocrx_word' id='word_1_366' title='bbox 1605 401 1731 432; x_wconf 83' lang='lat' dir='ltr'>Christi</span> <span class='ocrx_word' id='word_1_367' title='bbox 1750 402 1905 433; x_wconf 86' lang='lat' dir='ltr'>fidelibus</span> <span class='ocrx_word' id='word_1_368' title='bbox 1927 408 2099 442; x_wconf 86' lang='lat' dir='ltr'>presentes</span> <span class='ocrx_word' id='word_1_369' title='bbox 2120 404 2248 436; x_wconf 79' lang='lat' dir='ltr'>litteras</span> <span class='ocrx_word' id='word_1_370' title='bbox 2269 406 2342 437; x_wconf 90' lang='lat' dir='ltr'>ins-</span> 
     </span>
     <span class='ocr_line' id='line_1_53' title="bbox 1331 454 2342 493; baseline 0.008 -12"><span class='ocrx_word' id='word_1_371' title='bbox 1331 464 1343 478; x_wconf 87' lang='lat'>»</span> <span class='ocrx_word' id='word_1_372' title='bbox 1368 454 1524 490; x_wconf 74' lang='lat' dir='ltr'>pecturis,</span> <span class='ocrx_word' id='word_1_373' title='bbox 1539 454 1642 484; x_wconf 82' lang='lat' dir='ltr'>frater</span> <span class='ocrx_word' id='word_1_374' title='bbox 1654 456 1760 493; x_wconf 73' lang='grc' dir='ltr'><strong>111ιὲ0,</strong></span> <span class='ocrx_word' id='word_1_375' title='bbox 1775 456 1990 487; x_wconf 85' lang='lat' dir='ltr'>miseratione</span> <span class='ocrx_word' id='word_1_376' title='bbox 2002 457 2115 486; x_wconf 84' lang='lat' dir='ltr'>divina</span> <span class='ocrx_word' id='word_1_377' title='bbox 2127 457 2215 488; x_wconf 88' lang='lat' dir='ltr'>tituli</span> <span class='ocrx_word' id='word_1_378' title='bbox 2228 463 2342 490; x_wconf 85' lang='lat' dir='ltr'>sancte</span> 
     </span>
     <span class='ocr_line' id='line_1_54' title="bbox 1331 505 2341 544; baseline 0.009 -13"><span class='ocrx_word' id='word_1_379' title='bbox 1331 517 1343 531; x_wconf 83' lang='lat'>»</span> <span class='ocrx_word' id='word_1_380' title='bbox 1369 505 1491 536; x_wconf 83' lang='lat' dir='ltr'>Sabine</span> <span class='ocrx_word' id='word_1_381' title='bbox 1506 507 1668 544; x_wconf 85' lang='lat' dir='ltr'>presbiter</span> <span class='ocrx_word' id='word_1_382' title='bbox 1680 507 1871 543; x_wconf 86' lang='lat' dir='ltr'>cardinalis,</span> <span class='ocrx_word' id='word_1_383' title='bbox 1888 508 2030 539; x_wconf 83' lang='lat' dir='ltr'>salutem</span> <span class='ocrx_word' id='word_1_384' title='bbox 2045 509 2080 538; x_wconf 90' lang='lat' dir='ltr'>in</span> <span class='ocrx_word' id='word_1_385' title='bbox 2097 510 2238 541; x_wconf 92' lang='lat' dir='ltr'>Domino</span> <span class='ocrx_word' id='word_1_386' title='bbox 2253 520 2341 541; x_wconf 88' lang='lat' dir='ltr'>sem-</span> 
     </span>
     <span class='ocr_line' id='line_1_55' title="bbox 1330 558 2343 599; baseline 0.007 -13"><span class='ocrx_word' id='word_1_387' title='bbox 1330 570 1343 584; x_wconf 86' lang='lat'>»</span> <span class='ocrx_word' id='word_1_388' title='bbox 1368 558 1542 596; x_wconf 84' lang='lat' dir='ltr'>piternam.</span> <span class='ocrx_word' id='word_1_389' title='bbox 1563 560 1608 589; x_wconf 81' lang='lat' dir='ltr'>Ex</span> <span class='ocrx_word' id='word_1_390' title='bbox 1624 560 1722 598; x_wconf 90' lang='lat' dir='ltr'>primi</span> <span class='ocrx_word' id='word_1_391' title='bbox 1736 561 1882 599; x_wconf 89' lang='lat' dir='ltr'>parentis</span> <span class='ocrx_word' id='word_1_392' title='bbox 1894 561 2066 592; x_wconf 82' lang='lat' dir='ltr'>occasibus</span> <span class='ocrx_word' id='word_1_393' title='bbox 2083 563 2182 592; x_wconf 78' lang='lat' dir='ltr'>traxit</span> <span class='ocrx_word' id='word_1_394' title='bbox 2197 563 2343 594; x_wconf 84' lang='lat' dir='ltr'>infirmi-</span> 
     </span>
     <span class='ocr_line' id='line_1_56' title="bbox 1330 610 2342 653; baseline 0.007 -14"><span class='ocrx_word' id='word_1_395' title='bbox 1330 622 1343 637; x_wconf 81' lang='lat'>»</span> <span class='ocrx_word' id='word_1_396' title='bbox 1369 610 1446 640; x_wconf 84' lang='lat' dir='ltr'>tatis</span> <span class='ocrx_word' id='word_1_397' title='bbox 1467 611 1610 642; x_wconf 85' lang='lat' dir='ltr'>humane</span> <span class='ocrx_word' id='word_1_398' title='bbox 1634 612 1795 648; x_wconf 84' lang='lat' dir='ltr'>conditio,</span> <span class='ocrx_word' id='word_1_399' title='bbox 1827 617 1861 642; x_wconf 91' lang='lat' dir='ltr'>ut</span> <span class='ocrx_word' id='word_1_400' title='bbox 1887 613 2013 644; x_wconf 85' lang='lat' dir='ltr'>alterne</span> <span class='ocrx_word' id='word_1_401' title='bbox 2038 615 2187 645; x_wconf 82' lang='lat' dir='ltr'>caritatis</span> <span class='ocrx_word' id='word_1_402' title='bbox 2212 615 2342 653; x_wconf 81' lang='lat' dir='ltr'>glutino</span> 
     </span>
     <span class='ocr_line' id='line_1_57' title="bbox 1330 664 2343 704; baseline 0.006 -12"><span class='ocrx_word' id='word_1_403' title='bbox 1330 676 1342 690; x_wconf 86' lang='lat'>»</span> <span class='ocrx_word' id='word_1_404' title='bbox 1368 664 1529 694; x_wconf 86' lang='lat' dir='ltr'>dissoluto</span> <span class='ocrx_word' id='word_1_405' title='bbox 1559 665 1791 704; x_wconf 79' lang='lat' dir='ltr'>questionibus</span> <span class='ocrx_word' id='word_1_406' title='bbox 1822 666 2067 697; x_wconf 86' lang='lat' dir='ltr'>immisceretur</span> <span class='ocrx_word' id='word_1_407' title='bbox 2099 672 2129 697; x_wconf 88' lang='lat' dir='ltr'>et</span> <span class='ocrx_word' id='word_1_408' title='bbox 2160 667 2277 698; x_wconf 83' lang='lat' dir='ltr'>litibus</span> <span class='ocrx_word' id='word_1_409' title='bbox 2304 677 2343 699; x_wconf 87' lang='lat' dir='ltr'>ac</span> 
     </span>
     <span class='ocr_line' id='line_1_58' title="bbox 1330 717 2341 759; baseline 0.006 -14"><span class='ocrx_word' id='word_1_410' title='bbox 1330 729 1342 743; x_wconf 89' lang='lat'>»</span> <span class='ocrx_word' id='word_1_411' title='bbox 1368 717 1625 747; x_wconf 85' lang='lat' dir='ltr'>multiformium</span> <span class='ocrx_word' id='word_1_412' title='bbox 1667 719 1918 759; x_wconf 83' lang='lat' dir='ltr'>contentionum</span> <span class='ocrx_word' id='word_1_413' title='bbox 1964 719 2110 750; x_wconf 88' lang='lat' dir='ltr'>stimulis</span> <span class='ocrx_word' id='word_1_414' title='bbox 2154 725 2341 759; x_wconf 78' lang='lat' dir='ltr'>urgeretur.</span> 
     </span>
     <span class='ocr_line' id='line_1_59' title="bbox 1330 770 2342 812; baseline 0.006 -15"><span class='ocrx_word' id='word_1_415' title='bbox 1330 782 1342 797; x_wconf 89' lang='grc'>11</span> <span class='ocrx_word' id='word_1_416' title='bbox 1366 770 1462 801; x_wconf 87' lang='lat' dir='ltr'>Unde</span> <span class='ocrx_word' id='word_1_417' title='bbox 1479 780 1621 809; x_wconf 86' lang='lat' dir='ltr'>superne</span> <span class='ocrx_word' id='word_1_418' title='bbox 1635 771 1866 810; x_wconf 84' lang='lat' dir='ltr'>dispositionis</span> <span class='ocrx_word' id='word_1_419' title='bbox 1882 772 2028 810; x_wconf 82' lang='lat' dir='ltr'>provisio</span> <span class='ocrx_word' id='word_1_420' title='bbox 2041 773 2160 812; x_wconf 90' lang='lat' dir='ltr'>judicii</span> <span class='ocrx_word' id='word_1_421' title='bbox 2180 773 2342 804; x_wconf 85' lang='lat' dir='ltr'>trutinam</span> 
     </span>
     <span class='ocr_line' id='line_1_60' title="bbox 1329 823 2341 864; baseline 0.004 -12"><span class='ocrx_word' id='word_1_422' title='bbox 1329 835 1342 849; x_wconf 93' lang='lat'>»</span> <span class='ocrx_word' id='word_1_423' title='bbox 1367 823 1529 853; x_wconf 85' lang='lat' dir='ltr'>stabilivit</span> <span class='ocrx_word' id='word_1_424' title='bbox 1544 823 1577 853; x_wconf 94' lang='lat' dir='ltr'>in</span> <span class='ocrx_word' id='word_1_425' title='bbox 1591 823 1734 862; x_wconf 80' lang='lat' dir='ltr'>populis,</span> <span class='ocrx_word' id='word_1_426' title='bbox 1751 834 1815 863; x_wconf 79' lang='lat' dir='ltr'>qua</span> <span class='ocrx_word' id='word_1_427' title='bbox 1827 833 2004 855; x_wconf 86' lang='lat' dir='ltr'>causarum</span> <span class='ocrx_word' id='word_1_428' title='bbox 2016 825 2145 855; x_wconf 89' lang='lat' dir='ltr'>meritis</span> <span class='ocrx_word' id='word_1_429' title='bbox 2159 825 2341 864; x_wconf 85' lang='lat' dir='ltr'>equalance</span> 
     </span>
     <span class='ocr_line' id='line_1_61' title="bbox 1329 877 2342 918; baseline 0.004 -13"><span class='ocrx_word' id='word_1_430' title='bbox 1329 888 1341 903; x_wconf 92' lang='grc'>11</span> <span class='ocrx_word' id='word_1_431' title='bbox 1367 877 1531 915; x_wconf 78' lang='lat' dir='ltr'>pensatis,</span> <span class='ocrx_word' id='word_1_432' title='bbox 1550 881 1584 907; x_wconf 86' lang='lat' dir='ltr'>ut</span> <span class='ocrx_word' id='word_1_433' title='bbox 1609 882 1798 908; x_wconf 81' lang='lat' dir='ltr'>servaretur</span> <span class='ocrx_word' id='word_1_434' title='bbox 1820 882 1926 908; x_wconf 85' lang='lat' dir='ltr'>status</span> <span class='ocrx_word' id='word_1_435' title='bbox 1943 878 2081 908; x_wconf 87' lang='lat' dir='ltr'>humani</span> <span class='ocrx_word' id='word_1_436' title='bbox 2101 878 2234 916; x_wconf 76' lang='lat' dir='ltr'>generis</span> <span class='ocrx_word' id='word_1_437' title='bbox 2249 879 2342 918; x_wconf 89' lang='lat' dir='ltr'>paci-</span> 
     </span>
     <span class='ocr_line' id='line_1_62' title="bbox 1329 930 2341 969; baseline 0.004 -11"><span class='ocrx_word' id='word_1_438' title='bbox 1329 942 1341 956; x_wconf 86' lang='lat'>»</span> <span class='ocrx_word' id='word_1_439' title='bbox 1366 930 1448 959; x_wconf 79' lang='lat' dir='ltr'>ficus</span> <span class='ocrx_word' id='word_1_440' title='bbox 1472 939 1531 959; x_wconf 78' lang='lat' dir='ltr'>sua</span> <span class='ocrx_word' id='word_1_441' title='bbox 1549 930 1731 969; x_wconf 83' lang='lat' dir='ltr'>unicuique</span> <span class='ocrx_word' id='word_1_442' title='bbox 1746 930 1879 969; x_wconf 84' lang='lat' dir='ltr'>justitia</span> <span class='ocrx_word' id='word_1_443' title='bbox 1896 931 2062 961; x_wconf 85' lang='lat' dir='ltr'>sententie</span> <span class='ocrx_word' id='word_1_444' title='bbox 2078 931 2204 961; x_wconf 83' lang='lat' dir='ltr'>calculo</span> <span class='ocrx_word' id='word_1_445' title='bbox 2219 931 2341 962; x_wconf 88' lang='lat' dir='ltr'>minis-</span> 
     </span>
     <span class='ocr_line' id='line_1_63' title="bbox 1328 983 2340 1020; baseline 0.006 -10"><span class='ocrx_word' id='word_1_446' title='bbox 1328 996 1340 1010; x_wconf 84' lang='lat'>»</span> <span class='ocrx_word' id='word_1_447' title='bbox 1366 988 1481 1014; x_wconf 90' lang='lat' dir='ltr'>tretur.</span> <span class='ocrx_word' id='word_1_448' title='bbox 1507 984 1593 1014; x_wconf 87' lang='lat' dir='ltr'>Sane</span> <span class='ocrx_word' id='word_1_449' title='bbox 1616 983 1747 1013; x_wconf 89' lang='lat' dir='ltr'>dilectis</span> <span class='ocrx_word' id='word_1_450' title='bbox 1768 984 1802 1013; x_wconf 90' lang='lat' dir='ltr'>in</span> <span class='ocrx_word' id='word_1_451' title='bbox 1826 983 1961 1014; x_wconf 90' lang='lat' dir='ltr'>Christo</span> <span class='ocrx_word' id='word_1_452' title='bbox 1983 984 2063 1014; x_wconf 89' lang='lat' dir='ltr'>filiis</span> <span class='ocrx_word' id='word_1_453' title='bbox 2093 1008 2126 1020; x_wconf 92' lang='lat'>..,</span> <span class='ocrx_word' id='word_1_454' title='bbox 2153 984 2282 1020; x_wconf 79' lang='lat' dir='ltr'>abbate,</span> <span class='ocrx_word' id='word_1_455' title='bbox 2307 989 2340 1016; x_wconf 82' lang='lat' dir='ltr'>et</span> 
     </span>
     <span class='ocr_line' id='line_1_64' title="bbox 1327 1036 2340 1073; baseline 0.001 -7"><span class='ocrx_word' id='word_1_456' title='bbox 1327 1048 1340 1063; x_wconf 85' lang='lat'>»</span> <span class='ocrx_word' id='word_1_457' title='bbox 1365 1041 1530 1067; x_wconf 87' lang='lat' dir='ltr'>conventu</span> <span class='ocrx_word' id='word_1_458' title='bbox 1550 1037 1744 1066; x_wconf 85' lang='lat' dir='ltr'>monasterii</span> <span class='ocrx_word' id='word_1_459' title='bbox 1762 1036 1868 1066; x_wconf 85' lang='lat' dir='ltr'>sancti</span> <span class='ocrx_word' id='word_1_460' title='bbox 1886 1036 1982 1066; x_wconf 86' lang='lat' dir='ltr'>Pauli</span> <span class='ocrx_word' id='word_1_461' title='bbox 1999 1037 2238 1073; x_wconf 86' lang='lat' dir='ltr'>Vi1·dunensis‚</span> <span class='ocrx_word' id='word_1_462' title='bbox 2258 1038 2340 1068; x_wconf 88' lang='lat' dir='ltr'>Pre-</span> 
     </span>
     <span class='ocr_line' id='line_1_65' title="bbox 1328 1089 2338 1124; baseline 0.002 -8"><span class='ocrx_word' id='word_1_463' title='bbox 1328 1102 1340 1116; x_wconf 85' lang='lat'>»</span> <span class='ocrx_word' id='word_1_464' title='bbox 1365 1089 1621 1120; x_wconf 78' lang='lat' dir='ltr'>monstratensis</span> <span class='ocrx_word' id='word_1_465' title='bbox 1648 1089 1791 1124; x_wconf 89' lang='lat' dir='ltr'>ordinis,</span> <span class='ocrx_word' id='word_1_466' title='bbox 1821 1089 1944 1118; x_wconf 89' lang='lat' dir='ltr'>dudum</span> <span class='ocrx_word' id='word_1_467' title='bbox 1972 1094 2086 1119; x_wconf 85' lang='lat' dir='ltr'>contra</span> <span class='ocrx_word' id='word_1_468' title='bbox 2111 1089 2338 1120; x_wconf 75' lang='lat' dir='ltr'>venerabilem</span> 
     </span>
     <span class='ocr_line' id='line_1_66' title="bbox 1327 1141 2338 1181; baseline 0.004 -12"><span class='ocrx_word' id='word_1_469' title='bbox 1327 1155 1339 1170; x_wconf 83' lang='lat'>»</span> <span class='ocrx_word' id='word_1_470' title='bbox 1364 1147 1491 1181; x_wconf 88' lang='lat' dir='ltr'>patrem</span> <span class='ocrx_word' id='word_1_471' title='bbox 1515 1142 1685 1172; x_wconf 89' lang='lat' dir='ltr'>dominum</span> <span class='ocrx_word' id='word_1_472' title='bbox 1710 1143 1855 1177; x_wconf 87' lang='lat' dir='ltr'>Petrum,</span> <span class='ocrx_word' id='word_1_473' title='bbox 1880 1141 2186 1172; x_wconf 84' lang='lat' dir='ltr'>Cathalaunensem</span> <span class='ocrx_word' id='word_1_474' title='bbox 2209 1142 2338 1181; x_wconf 89' lang='lat' dir='ltr'>episco-</span> 
     </span>
     <span class='ocr_line' id='line_1_67' title="bbox 1327 1194 2338 1234; baseline 0.002 -12"><span class='ocrx_word' id='word_1_475' title='bbox 1327 1207 1340 1222; x_wconf 84' lang='lat'>»</span> <span class='ocrx_word' id='word_1_476' title='bbox 1364 1204 1453 1233; x_wconf 86' lang='lat' dir='ltr'>pum,</span> <span class='ocrx_word' id='word_1_477' title='bbox 1478 1194 1563 1233; x_wconf 88' lang='lat' dir='ltr'>apud</span> <span class='ocrx_word' id='word_1_478' title='bbox 1581 1194 1699 1224; x_wconf 81' lang='lat' dir='ltr'>Sedem</span> <span class='ocrx_word' id='word_1_479' title='bbox 1720 1194 1934 1232; x_wconf 85' lang='lat' dir='ltr'>apostolicam</span> <span class='ocrx_word' id='word_1_480' title='bbox 1956 1194 2167 1225; x_wconf 88' lang='lat' dir='ltr'>moventibus</span> <span class='ocrx_word' id='word_1_481' title='bbox 2188 1194 2338 1234; x_wconf 88' lang='lat' dir='ltr'>questio-</span> 
     </span>
     <span class='ocr_line' id='line_1_68' title="bbox 1326 1246 2338 1284; baseline 0.003 -10"><span class='ocrx_word' id='word_1_482' title='bbox 1326 1259 1339 1274; x_wconf 86' lang='lat'>»</span> <span class='ocrx_word' id='word_1_483' title='bbox 1366 1257 1456 1281; x_wconf 85' lang='lat' dir='ltr'>nem,</span> <span class='ocrx_word' id='word_1_484' title='bbox 1488 1256 1598 1277; x_wconf 79' lang='lat' dir='ltr'>corani</span> <span class='ocrx_word' id='word_1_485' title='bbox 1632 1246 1816 1276; x_wconf 85' lang='lat' dir='ltr'>venerabili</span> <span class='ocrx_word' id='word_1_486' title='bbox 1851 1250 1943 1284; x_wconf 85' lang='lat' dir='ltr'>patre</span> <span class='ocrx_word' id='word_1_487' title='bbox 1975 1246 2108 1276; x_wconf 86' lang='lat' dir='ltr'>domino</span> <span class='ocrx_word' id='word_1_488' title='bbox 2140 1246 2194 1282; x_wconf 87' lang='grc'>0.,</span> <span class='ocrx_word' id='word_1_489' title='bbox 2229 1247 2338 1277; x_wconf 86' lang='lat' dir='ltr'>sancti</span> 
     </span>
     <span class='ocr_line' id='line_1_69' title="bbox 1327 1299 2337 1334; baseline 0.002 -6"><span class='ocrx_word' id='word_1_490' title='bbox 1327 1313 1339 1327; x_wconf 80' lang='grc'>11</span> <span class='ocrx_word' id='word_1_491' title='bbox 1364 1300 1503 1330; x_wconf 86' lang='lat' dir='ltr'>Adriani</span> <span class='ocrx_word' id='word_1_492' title='bbox 1530 1300 1668 1329; x_wconf 86' lang='lat' dir='ltr'>diacono</span> <span class='ocrx_word' id='word_1_493' title='bbox 1702 1299 1882 1334; x_wconf 77' lang='lat' dir='ltr'>cardinali,</span> <span class='ocrx_word' id='word_1_494' title='bbox 1914 1308 1932 1329; x_wconf 86' lang='lat' dir='ltr'>a</span> <span class='ocrx_word' id='word_1_495' title='bbox 1958 1299 2068 1330; x_wconf 83' lang='lat' dir='ltr'>felicis</span> <span class='ocrx_word' id='word_1_496' title='bbox 2095 1300 2337 1330; x_wconf 88' lang='lat' dir='ltr'>recordationis</span> 
     </span>
     <span class='ocr_line' id='line_1_70' title="bbox 1326 1351 2337 1390; baseline 0.002 -10"><span class='ocrx_word' id='word_1_497' title='bbox 1326 1366 1339 1380; x_wconf 83' lang='lat'>»</span> <span class='ocrx_word' id='word_1_498' title='bbox 1364 1353 1497 1384; x_wconf 87' lang='lat' dir='ltr'>domino</span> <span class='ocrx_word' id='word_1_499' title='bbox 1519 1353 1544 1382; x_wconf 90' lang='grc' dir='ltr'>Ι.</span> <span class='ocrx_word' id='word_1_500' title='bbox 1569 1361 1651 1390; x_wconf 88' lang='lat' dir='ltr'>papa</span> <span class='ocrx_word' id='word_1_501' title='bbox 1674 1352 1741 1382; x_wconf 89' lang='lat' dir='ltr'>IIII</span> <span class='ocrx_word' id='word_1_502' title='bbox 1762 1351 1912 1390; x_wconf 86' lang='lat' dir='ltr'>partibus</span> <span class='ocrx_word' id='word_1_503' title='bbox 1930 1351 2080 1382; x_wconf 84' lang='lat' dir='ltr'>auditore</span> <span class='ocrx_word' id='word_1_504' title='bbox 2103 1360 2272 1387; x_wconf 84' lang='grc'><strong>00000550,</strong></span> <span class='ocrx_word' id='word_1_505' title='bbox 2297 1361 2337 1383; x_wconf 79' lang='lat' dir='ltr'>ex</span> 
     </span>
     <span class='ocr_line' id='line_1_71' title="bbox 1326 1404 2336 1445; baseline 0.003 -12"><span class='ocrx_word' id='word_1_506' title='bbox 1326 1419 1339 1434; x_wconf 77' lang='grc'>11</span> <span class='ocrx_word' id='word_1_507' title='bbox 1364 1411 1456 1445; x_wconf 84' lang='lat' dir='ltr'>parte</span> <span class='ocrx_word' id='word_1_508' title='bbox 1473 1407 1621 1444; x_wconf 88' lang='lat' dir='ltr'>ipsorum</span> <span class='ocrx_word' id='word_1_509' title='bbox 1644 1405 1774 1435; x_wconf 84' lang='lat' dir='ltr'>abbatis</span> <span class='ocrx_word' id='word_1_510' title='bbox 1798 1408 1829 1434; x_wconf 89' lang='lat' dir='ltr'>et</span> <span class='ocrx_word' id='word_1_511' title='bbox 1852 1408 2035 1435; x_wconf 89' lang='lat' dir='ltr'>conventus</span> <span class='ocrx_word' id='word_1_512' title='bbox 2052 1404 2186 1435; x_wconf 89' lang='lat' dir='ltr'>libellus</span> <span class='ocrx_word' id='word_1_513' title='bbox 2204 1404 2336 1436; x_wconf 84' lang='lat' dir='ltr'>oblatus</span> 
     </span>
     <span class='ocr_line' id='line_1_72' title="bbox 1326 1458 1788 1491; baseline -0.002 -3"><span class='ocrx_word' id='word_1_514' title='bbox 1326 1473 1339 1488; x_wconf 80' lang='lat'><strong>»</strong></span> <span class='ocrx_word' id='word_1_515' title='bbox 1364 1460 1473 1491; x_wconf 75' lang='lat' dir='ltr'>extitit</span> <span class='ocrx_word' id='word_1_516' title='bbox 1488 1460 1523 1489; x_wconf 91' lang='lat' dir='ltr'>in</span> <span class='ocrx_word' id='word_1_517' title='bbox 1539 1459 1629 1489; x_wconf 88' lang='lat' dir='ltr'>hune</span> <span class='ocrx_word' id='word_1_518' title='bbox 1645 1458 1788 1488; x_wconf 86' lang='lat' dir='ltr'>modum.</span> 
     </span>
    </p>

    <p class='ocr_par' dir='ltr' id='par_1_8' title="bbox 1319 1511 2345 2929">
     <span class='ocr_line' id='line_1_73' title="bbox 1366 1511 2337 1550; baseline -0.001 -8"><span class='ocrx_word' id='word_1_519' title='bbox 1366 1528 1379 1542; x_wconf 84' lang='lat'>»</span> <span class='ocrx_word' id='word_1_520' title='bbox 1403 1514 1523 1545; x_wconf 84' lang='lat' dir='ltr'>Coram</span> <span class='ocrx_word' id='word_1_521' title='bbox 1542 1513 1654 1548; x_wconf 87' lang='lat' dir='ltr'>vobis,</span> <span class='ocrx_word' id='word_1_522' title='bbox 1678 1512 1866 1542; x_wconf 87' lang='lat' dir='ltr'>venerande</span> <span class='ocrx_word' id='word_1_523' title='bbox 1891 1516 1994 1550; x_wconf 87' lang='lat' dir='ltr'>pater,</span> <span class='ocrx_word' id='word_1_524' title='bbox 2019 1511 2153 1542; x_wconf 88' lang='lat' dir='ltr'>domino</span> <span class='ocrx_word' id='word_1_525' title='bbox 2171 1511 2209 1543; x_wconf 92' lang='grc' dir='ltr'>Ο.</span> <span class='ocrx_word' id='word_1_526' title='bbox 2229 1511 2337 1542; x_wconf 86' lang='lat' dir='ltr'>sancti</span> 
     </span>
     <span class='ocr_line' id='line_1_74' title="bbox 1326 1565 2334 1603; baseline 0.001 -8"><span class='ocrx_word' id='word_1_527' title='bbox 1326 1581 1339 1595; x_wconf 65' lang='lat' dir='ltr'>n</span> <span class='ocrx_word' id='word_1_528' title='bbox 1363 1567 1502 1598; x_wconf 80' lang='lat' dir='ltr'>Adriani</span> <span class='ocrx_word' id='word_1_529' title='bbox 1514 1567 1652 1596; x_wconf 82' lang='lat' dir='ltr'>diacono</span> <span class='ocrx_word' id='word_1_530' title='bbox 1664 1565 1826 1596; x_wconf 84' lang='lat' dir='ltr'>cardinali</span> <span class='ocrx_word' id='word_1_531' title='bbox 1838 1565 1987 1603; x_wconf 84' lang='lat' dir='ltr'>partibus</span> <span class='ocrx_word' id='word_1_532' title='bbox 2002 1565 2152 1596; x_wconf 82' lang='lat' dir='ltr'>auditore</span> <span class='ocrx_word' id='word_1_533' title='bbox 2166 1574 2334 1601; x_wconf 83' lang='lat' dir='ltr'>concesso,</span> 
     </span>
     <span class='ocr_line' id='line_1_75' title="bbox 1326 1617 2337 1659; baseline 0.001 -12"><span class='ocrx_word' id='word_1_534' title='bbox 1326 1634 1339 1647; x_wconf 82' lang='grc'>11</span> <span class='ocrx_word' id='word_1_535' title='bbox 1363 1620 1516 1659; x_wconf 87' lang='lat' dir='ltr'>proponit</span> <span class='ocrx_word' id='word_1_536' title='bbox 1536 1618 1706 1649; x_wconf 78' lang='lat' dir='ltr'>Renaldus</span> <span class='ocrx_word' id='word_1_537' title='bbox 1729 1618 1767 1648; x_wconf 89' lang='lat' dir='ltr'>de</span> <span class='ocrx_word' id='word_1_538' title='bbox 1791 1617 1943 1651; x_wconf 79' lang='lat' dir='ltr'>Callene.</span> <span class='ocrx_word' id='word_1_539' title='bbox 1969 1618 2149 1648; x_wconf 89' lang='lat' dir='ltr'>canonicus</span> <span class='ocrx_word' id='word_1_540' title='bbox 2173 1617 2337 1648; x_wconf 88' lang='lat' dir='ltr'>Liberdu-</span> 
     </span>
     <span class='ocr_line' id='line_1_76' title="bbox 1326 1669 2337 1711; baseline -0.001 -10"><span class='ocrx_word' id='word_1_541' title='bbox 1326 1687 1338 1701; x_wconf 86' lang='grc'>11</span> <span class='ocrx_word' id='word_1_542' title='bbox 1364 1674 1490 1708; x_wconf 78' lang='lat' dir='ltr'>nensis,</span> <span class='ocrx_word' id='word_1_543' title='bbox 1508 1675 1701 1711; x_wconf 83' lang='lat' dir='ltr'>procurator</span> <span class='ocrx_word' id='word_1_544' title='bbox 1717 1670 1846 1700; x_wconf 87' lang='lat' dir='ltr'>abbatis</span> <span class='ocrx_word' id='word_1_545' title='bbox 1863 1674 1894 1700; x_wconf 86' lang='lat' dir='ltr'>et</span> <span class='ocrx_word' id='word_1_546' title='bbox 1913 1674 2095 1700; x_wconf 86' lang='lat' dir='ltr'>conventus</span> <span class='ocrx_word' id='word_1_547' title='bbox 2112 1670 2219 1700; x_wconf 85' lang='lat' dir='ltr'>sancti</span> <span class='ocrx_word' id='word_1_548' title='bbox 2239 1669 2337 1700; x_wconf 83' lang='lat' dir='ltr'>Pauli</span> 
     </span>
     <span class='ocr_line' id='line_1_77' title="bbox 1326 1722 2345 1768; baseline -0.001 -15"><span class='ocrx_word' id='word_1_549' title='bbox 1326 1739 1338 1753; x_wconf 83' lang='grc'>11</span> <span class='ocrx_word' id='word_1_550' title='bbox 1355 1722 2345 1768; x_wconf 66' lang='lat' dir='ltr'>Virdunensis.Prenionstratensisordinis,nomineeorun-v</span> 
     </span>
     <span class='ocr_line' id='line_1_78' title="bbox 1326 1775 2336 1814; baseline -0.001 -8"><span class='ocrx_word' id='word_1_551' title='bbox 1326 1792 1338 1807; x_wconf 81' lang='grc'>11</span> <span class='ocrx_word' id='word_1_552' title='bbox 1364 1780 1448 1814; x_wconf 88' lang='lat' dir='ltr'>dem,</span> <span class='ocrx_word' id='word_1_553' title='bbox 1462 1782 1576 1808; x_wconf 87' lang='lat' dir='ltr'>contra</span> <span class='ocrx_word' id='word_1_554' title='bbox 1590 1776 1808 1807; x_wconf 85' lang='lat' dir='ltr'>reverendum</span> <span class='ocrx_word' id='word_1_555' title='bbox 1820 1780 1947 1814; x_wconf 83' lang='lat' dir='ltr'>patrem</span> <span class='ocrx_word' id='word_1_556' title='bbox 1961 1799 1993 1811; x_wconf 86' lang='lat'>..,</span> <span class='ocrx_word' id='word_1_557' title='bbox 2010 1775 2200 1814; x_wconf 86' lang='lat' dir='ltr'>episcopum</span> <span class='ocrx_word' id='word_1_558' title='bbox 2212 1775 2336 1806; x_wconf 89' lang='lat' dir='ltr'>Catha-</span> 
     </span>
     <span class='ocr_line' id='line_1_79' title="bbox 1326 1827 2336 1869; baseline -0.001 -10"><span class='ocrx_word' id='word_1_559' title='bbox 1326 1846 1338 1859; x_wconf 84' lang='lat'>»</span> <span class='ocrx_word' id='word_1_560' title='bbox 1363 1833 1570 1862; x_wconf 74' lang='lat' dir='ltr'>launensem,</span> <span class='ocrx_word' id='word_1_561' title='bbox 1586 1830 1683 1869; x_wconf 84' lang='lat' dir='ltr'>quod,</span> <span class='ocrx_word' id='word_1_562' title='bbox 1696 1838 1769 1858; x_wconf 88' lang='lat' dir='ltr'>cum</span> <span class='ocrx_word' id='word_1_563' title='bbox 1781 1828 1891 1858; x_wconf 91' lang='lat' dir='ltr'>ordini</span> <span class='ocrx_word' id='word_1_564' title='bbox 1907 1828 2209 1858; x_wconf 86' lang='lat' dir='ltr'>Premonstratensi</span> <span class='ocrx_word' id='word_1_565' title='bbox 2220 1837 2238 1858; x_wconf 86' lang='lat' dir='ltr'>a</span> <span class='ocrx_word' id='word_1_566' title='bbox 2251 1827 2336 1858; x_wconf 85' lang='lat' dir='ltr'>Sede</span> 
     </span>
     <span class='ocr_line' id='line_1_80' title="bbox 1325 1880 2336 1923; baseline -0.004 -10"><span class='ocrx_word' id='word_1_567' title='bbox 1325 1899 1337 1913; x_wconf 81' lang='lat'>›&gt;</span> <span class='ocrx_word' id='word_1_568' title='bbox 1363 1884 1543 1923; x_wconf 84' lang='lat' dir='ltr'>apostolica</span> <span class='ocrx_word' id='word_1_569' title='bbox 1570 1884 1613 1913; x_wconf 86' lang='lat' dir='ltr'>sit</span> <span class='ocrx_word' id='word_1_570' title='bbox 1633 1881 1816 1917; x_wconf 86' lang='lat' dir='ltr'>indultum,</span> <span class='ocrx_word' id='word_1_571' title='bbox 1843 1885 1877 1910; x_wconf 89' lang='lat' dir='ltr'>ut</span> <span class='ocrx_word' id='word_1_572' title='bbox 1906 1885 1970 1910; x_wconf 84' lang='lat' dir='ltr'>tam</span> <span class='ocrx_word' id='word_1_573' title='bbox 1993 1880 2080 1910; x_wconf 79' lang='lat' dir='ltr'>dicta</span> <span class='ocrx_word' id='word_1_574' title='bbox 2104 1881 2336 1910; x_wconf 86' lang='lat' dir='ltr'>Premonstra-</span> 
     </span>
     <span class='ocr_line' id='line_1_81' title="bbox 1325 1932 2334 1974; baseline -0.007 -6"><span class='ocrx_word' id='word_1_575' title='bbox 1325 1951 1337 1965; x_wconf 87' lang='lat'>»</span> <span class='ocrx_word' id='word_1_576' title='bbox 1362 1938 1467 1968; x_wconf 81' lang='lat' dir='ltr'>tensis</span> <span class='ocrx_word' id='word_1_577' title='bbox 1480 1936 1620 1967; x_wconf 84' lang='lat' dir='ltr'>ecclesia</span> <span class='ocrx_word' id='word_1_578' title='bbox 1634 1943 1732 1974; x_wconf 86' lang='lat' dir='ltr'>quam</span> <span class='ocrx_word' id='word_1_579' title='bbox 1749 1934 1812 1964; x_wconf 88' lang='lat' dir='ltr'>alie</span> <span class='ocrx_word' id='word_1_580' title='bbox 1827 1933 1976 1972; x_wconf 87' lang='lat' dir='ltr'>ejusdem</span> <span class='ocrx_word' id='word_1_581' title='bbox 1990 1932 2117 1962; x_wconf 86' lang='lat' dir='ltr'>ordinis</span> <span class='ocrx_word' id='word_1_582' title='bbox 2129 1941 2147 1962; x_wconf 87' lang='lat' dir='ltr'>a</span> <span class='ocrx_word' id='word_1_583' title='bbox 2161 1933 2334 1962; x_wconf 90' lang='lat' dir='ltr'>Premons-</span> 
     </span>
     <span class='ocr_line' id='line_1_82' title="bbox 1324 1984 2331 2026; baseline -0.004 -8"><span class='ocrx_word' id='word_1_584' title='bbox 1324 2004 1336 2018; x_wconf 84' lang='grc'>11</span> <span class='ocrx_word' id='word_1_585' title='bbox 1362 1989 1566 2020; x_wconf 86' lang='lat' dir='ltr'>tratensibus</span> <span class='ocrx_word' id='word_1_586' title='bbox 1587 1992 1618 2018; x_wconf 92' lang='lat' dir='ltr'>et</span> <span class='ocrx_word' id='word_1_587' title='bbox 1641 1987 1791 2026; x_wconf 87' lang='lat' dir='ltr'>patribus</span> <span class='ocrx_word' id='word_1_588' title='bbox 1815 1985 2009 2020; x_wconf 85' lang='lat' dir='ltr'>abbatibus,</span> <span class='ocrx_word' id='word_1_589' title='bbox 2034 1993 2070 2014; x_wconf 85' lang='lat' dir='ltr'>ac</span> <span class='ocrx_word' id='word_1_590' title='bbox 2090 1984 2331 2020; x_wconf 86' lang='lat' dir='ltr'>visitatoribus,</span> 
     </span>
     <span class='ocr_line' id='line_1_83' title="bbox 1324 2037 2334 2078; baseline -0.005 -7"><span class='ocrx_word' id='word_1_591' title='bbox 1324 2057 1336 2071; x_wconf 84' lang='lat'>»</span> <span class='ocrx_word' id='word_1_592' title='bbox 1362 2048 1393 2073; x_wconf 90' lang='lat' dir='ltr'>et</span> <span class='ocrx_word' id='word_1_593' title='bbox 1407 2043 1482 2073; x_wconf 91' lang='lat' dir='ltr'>aliis</span> <span class='ocrx_word' id='word_1_594' title='bbox 1494 2043 1532 2072; x_wconf 88' lang='lat' dir='ltr'>de</span> <span class='ocrx_word' id='word_1_595' title='bbox 1549 2041 1664 2071; x_wconf 89' lang='lat' dir='ltr'>ordine</span> <span class='ocrx_word' id='word_1_596' title='bbox 1680 2040 1752 2078; x_wconf 91' lang='lat' dir='ltr'>ipso</span> <span class='ocrx_word' id='word_1_597' title='bbox 1767 2038 1942 2068; x_wconf 83' lang='lat' dir='ltr'>destinatis</span> <span class='ocrx_word' id='word_1_598' title='bbox 1960 2037 1999 2067; x_wconf 86' lang='lat' dir='ltr'>ab</span> <span class='ocrx_word' id='word_1_599' title='bbox 2017 2037 2065 2067; x_wconf 86' lang='lat' dir='ltr'>eis</span> <span class='ocrx_word' id='word_1_600' title='bbox 2082 2041 2113 2067; x_wconf 87' lang='lat' dir='ltr'>et</span> <span class='ocrx_word' id='word_1_601' title='bbox 2127 2046 2145 2067; x_wconf 87' lang='lat' dir='ltr'>a</span> <span class='ocrx_word' id='word_1_602' title='bbox 2161 2037 2252 2068; x_wconf 92' lang='lat' dir='ltr'>nullo</span> <span class='ocrx_word' id='word_1_603' title='bbox 2268 2037 2334 2067; x_wconf 86' lang='lat' dir='ltr'>alio</span> 
     </span>
     <span class='ocr_line' id='line_1_84' title="bbox 1324 2090 2334 2136; baseline -0.004 -12"><span class='ocrx_word' id='word_1_604' title='bbox 1324 2110 1336 2124; x_wconf 84' lang='lat'>»</span> <span class='ocrx_word' id='word_1_605' title='bbox 1363 2097 1420 2136; x_wconf 86' lang='lat' dir='ltr'>qui</span> <span class='ocrx_word' id='word_1_606' title='bbox 1444 2105 1509 2126; x_wconf 89' lang='lat' dir='ltr'>non</span> <span class='ocrx_word' id='word_1_607' title='bbox 1535 2095 1577 2124; x_wconf 86' lang='lat' dir='ltr'>sit</span> <span class='ocrx_word' id='word_1_608' title='bbox 1598 2093 1746 2132; x_wconf 82' lang='lat' dir='ltr'>ejusdem</span> <span class='ocrx_word' id='word_1_609' title='bbox 1765 2091 1904 2125; x_wconf 79' lang='lat' dir='ltr'>ordinis,</span> <span class='ocrx_word' id='word_1_610' title='bbox 1926 2090 1992 2119; x_wconf 79' lang='lat' dir='ltr'>nisi</span> <span class='ocrx_word' id='word_1_611' title='bbox 2008 2090 2046 2119; x_wconf 88' lang='lat' dir='ltr'>de</span> <span class='ocrx_word' id='word_1_612' title='bbox 2065 2090 2221 2120; x_wconf 84' lang='lat' dir='ltr'>mandato</span> <span class='ocrx_word' id='word_1_613' title='bbox 2237 2090 2334 2120; x_wconf 86' lang='lat' dir='ltr'>Sedis</span> 
     </span>
     <span class='ocr_line' id='line_1_85' title="bbox 1323 2142 2334 2189; baseline -0.005 -12"><span class='ocrx_word' id='word_1_614' title='bbox 1323 2163 1335 2178; x_wconf 83' lang='lat'>»</span> <span class='ocrx_word' id='word_1_615' title='bbox 1360 2150 1467 2189; x_wconf 87' lang='lat' dir='ltr'>ipsius</span> <span class='ocrx_word' id='word_1_616' title='bbox 1485 2148 1627 2178; x_wconf 78' lang='lat' dir='ltr'>faciente</span> <span class='ocrx_word' id='word_1_617' title='bbox 1640 2146 1678 2175; x_wconf 87' lang='lat' dir='ltr'>de</span> <span class='ocrx_word' id='word_1_618' title='bbox 1692 2144 1820 2174; x_wconf 87' lang='lat' dir='ltr'>indulto</span> <span class='ocrx_word' id='word_1_619' title='bbox 1832 2143 2025 2182; x_wconf 84' lang='lat' dir='ltr'>hujusmodi</span> <span class='ocrx_word' id='word_1_620' title='bbox 2042 2142 2257 2177; x_wconf 90' lang='lat' dir='ltr'>mentionem,</span> <span class='ocrx_word' id='word_1_621' title='bbox 2275 2151 2334 2172; x_wconf 86' lang='lat' dir='ltr'>va-</span> 
     </span>
     <span class='ocr_line' id='line_1_86' title="bbox 1322 2194 2333 2235; baseline -0.007 -5"><span class='ocrx_word' id='word_1_622' title='bbox 1322 2216 1335 2231; x_wconf 80' lang='lat'>»</span> <span class='ocrx_word' id='word_1_623' title='bbox 1360 2203 1449 2233; x_wconf 89' lang='lat' dir='ltr'>leant</span> <span class='ocrx_word' id='word_1_624' title='bbox 1468 2201 1609 2235; x_wconf 86' lang='lat' dir='ltr'>visitari,</span> <span class='ocrx_word' id='word_1_625' title='bbox 1629 2199 1715 2228; x_wconf 87' lang='lat' dir='ltr'>idem</span> <span class='ocrx_word' id='word_1_626' title='bbox 1732 2197 1906 2235; x_wconf 85' lang='lat' dir='ltr'>episcopus</span> <span class='ocrx_word' id='word_1_627' title='bbox 1924 2200 1996 2234; x_wconf 90' lang='lat' dir='ltr'>post</span> <span class='ocrx_word' id='word_1_628' title='bbox 2012 2195 2204 2234; x_wconf 86' lang='lat' dir='ltr'>hujusmodi</span> <span class='ocrx_word' id='word_1_629' title='bbox 2220 2194 2333 2224; x_wconf 88' lang='lat' dir='ltr'>indul-</span> 
     </span>
     <span class='ocr_line' id='line_1_87' title="bbox 1322 2245 2333 2286; baseline -0.01 -1"><span class='ocrx_word' id='word_1_630' title='bbox 1322 2268 1334 2282; x_wconf 85' lang='lat'>»</span> <span class='ocrx_word' id='word_1_631' title='bbox 1359 2260 1428 2285; x_wconf 88' lang='lat' dir='ltr'>tum</span> <span class='ocrx_word' id='word_1_632' title='bbox 1445 2254 1485 2284; x_wconf 88' lang='lat' dir='ltr'>ad</span> <span class='ocrx_word' id='word_1_633' title='bbox 1501 2254 1634 2283; x_wconf 87' lang='lat' dir='ltr'>domum</span> <span class='ocrx_word' id='word_1_634' title='bbox 1651 2251 1689 2280; x_wconf 88' lang='lat' dir='ltr'>de</span> <span class='ocrx_word' id='word_1_635' title='bbox 1705 2250 1856 2282; x_wconf 86' lang='lat' dir='ltr'>Wanou,</span> <span class='ocrx_word' id='word_1_636' title='bbox 1875 2247 2023 2286; x_wconf 86' lang='lat' dir='ltr'>ejusdem</span> <span class='ocrx_word' id='word_1_637' title='bbox 2040 2246 2183 2282; x_wconf 87' lang='lat' dir='ltr'>ordinis,</span> <span class='ocrx_word' id='word_1_638' title='bbox 2201 2245 2241 2276; x_wconf 88' lang='lat' dir='ltr'>ad</span> <span class='ocrx_word' id='word_1_639' title='bbox 2257 2254 2333 2284; x_wconf 87' lang='lat' dir='ltr'>pre-</span> 
     </span>
     <span class='ocr_line' id='line_1_88' title="bbox 1322 2298 2333 2337; baseline -0.011 1"><span class='ocrx_word' id='word_1_640' title='bbox 1322 2321 1334 2336; x_wconf 87' lang='lat'>»</span> <span class='ocrx_word' id='word_1_641' title='bbox 1360 2304 1736 2337; x_wconf 84' lang='lat' dir='ltr'>dictummonasterium</span> <span class='ocrx_word' id='word_1_642' title='bbox 1750 2300 1856 2331; x_wconf 85' lang='lat' dir='ltr'>sancti</span> <span class='ocrx_word' id='word_1_643' title='bbox 1870 2299 1965 2330; x_wconf 86' lang='lat' dir='ltr'>Pauli</span> <span class='ocrx_word' id='word_1_644' title='bbox 1977 2303 2191 2337; x_wconf 75' lang='lat' dir='ltr'>spectantem,</span> <span class='ocrx_word' id='word_1_645' title='bbox 2209 2298 2333 2330; x_wconf 84' lang='lat' dir='ltr'>Catha-</span> 
     </span>
     <span class='ocr_line' id='line_1_89' title="bbox 1322 2351 2333 2396; baseline -0.007 -7"><span class='ocrx_word' id='word_1_646' title='bbox 1322 2375 1334 2390; x_wconf 85' lang='lat'>»</span> <span class='ocrx_word' id='word_1_647' title='bbox 1357 2360 1530 2392; x_wconf 86' lang='lat' dir='ltr'>launensis</span> <span class='ocrx_word' id='word_1_648' title='bbox 1553 2357 1710 2396; x_wconf 85' lang='lat' dir='ltr'>diocesis,</span> <span class='ocrx_word' id='word_1_649' title='bbox 1735 2354 1910 2388; x_wconf 74' lang='lat' dir='ltr'>aceedenS,</span> <span class='ocrx_word' id='word_1_650' title='bbox 1933 2357 1968 2382; x_wconf 92' lang='lat' dir='ltr'>ut</span> <span class='ocrx_word' id='word_1_651' title='bbox 1991 2352 2115 2382; x_wconf 84' lang='lat' dir='ltr'>ibidem</span> <span class='ocrx_word' id='word_1_652' title='bbox 2136 2351 2333 2382; x_wconf 84' lang='lat' dir='ltr'>auctoritate</span> 
     </span>
     <span class='ocr_line' id='line_1_90' title="bbox 1321 2403 2334 2454; baseline -0.009 -12"><span class='ocrx_word' id='word_1_653' title='bbox 1321 2429 1333 2443; x_wconf 93' lang='grc'>11</span> <span class='ocrx_word' id='word_1_654' title='bbox 1358 2414 1502 2454; x_wconf 86' lang='lat' dir='ltr'>propria,</span> <span class='ocrx_word' id='word_1_655' title='bbox 1520 2417 1555 2442; x_wconf 92' lang='lat' dir='ltr'>ut</span> <span class='ocrx_word' id='word_1_656' title='bbox 1574 2410 1714 2444; x_wconf 86' lang='lat' dir='ltr'>dicebat,</span> <span class='ocrx_word' id='word_1_657' title='bbox 1735 2406 1940 2438; x_wconf 85' lang='lat' dir='ltr'>visitationis</span> <span class='ocrx_word' id='word_1_658' title='bbox 1957 2409 2125 2435; x_wconf 82' lang='lat' dir='ltr'>exerceret</span> <span class='ocrx_word' id='word_1_659' title='bbox 2140 2403 2296 2440; x_wconf 77' lang='lat' dir='ltr'>officium,</span> <span class='ocrx_word' id='word_1_660' title='bbox 2314 2413 2334 2434; x_wconf 85' lang='lat' dir='ltr'>a</span> 
     </span>
     <span class='ocr_line' id='line_1_91' title="bbox 1321 2457 2331 2499; baseline -0.01 -3"><span class='ocrx_word' id='word_1_661' title='bbox 1321 2482 1333 2496; x_wconf 86' lang='grc'>11</span> <span class='ocrx_word' id='word_1_662' title='bbox 1358 2467 1519 2498; x_wconf 83' lang='lat' dir='ltr'>fratribus</span> <span class='ocrx_word' id='word_1_663' title='bbox 1540 2465 1625 2494; x_wconf 87' lang='lat' dir='ltr'>dicte</span> <span class='ocrx_word' id='word_1_664' title='bbox 1648 2463 1764 2492; x_wconf 88' lang='lat' dir='ltr'>domus</span> <span class='ocrx_word' id='word_1_665' title='bbox 1782 2461 1888 2499; x_wconf 88' lang='lat' dir='ltr'>ipsius</span> <span class='ocrx_word' id='word_1_666' title='bbox 1906 2458 2034 2489; x_wconf 87' lang='lat' dir='ltr'>ordinis</span> <span class='ocrx_word' id='word_1_667' title='bbox 2053 2457 2331 2496; x_wconf 86' lang='lat' dir='ltr'>procurationem,</span> 
     </span>
     <span class='ocr_line' id='line_1_92' title="bbox 1321 2509 2334 2551; baseline -0.01 -2"><span class='ocrx_word' id='word_1_668' title='bbox 1321 2535 1333 2549; x_wconf 86' lang='grc'>11</span> <span class='ocrx_word' id='word_1_669' title='bbox 1358 2521 1487 2551; x_wconf 86' lang='lat' dir='ltr'>ratione</span> <span class='ocrx_word' id='word_1_670' title='bbox 1508 2516 1712 2548; x_wconf 83' lang='lat' dir='ltr'>visitationis</span> <span class='ocrx_word' id='word_1_671' title='bbox 1736 2514 1800 2544; x_wconf 84' lang='lat' dir='ltr'>sibi</span> <span class='ocrx_word' id='word_1_672' title='bbox 1825 2512 1989 2546; x_wconf 80' lang='lat' dir='ltr'>debitam,</span> <span class='ocrx_word' id='word_1_673' title='bbox 2012 2515 2048 2540; x_wconf 85' lang='lat' dir='ltr'>ut</span> <span class='ocrx_word' id='word_1_674' title='bbox 2069 2509 2213 2546; x_wconf 87' lang='lat' dir='ltr'>dicebat,</span> <span class='ocrx_word' id='word_1_675' title='bbox 2236 2510 2334 2548; x_wconf 83' lang='lat' dir='ltr'>petiit</span> 
     </span>
     <span class='ocr_line' id='line_1_93' title="bbox 1320 2563 2332 2608; baseline -0.011 -6"><span class='ocrx_word' id='word_1_676' title='bbox 1320 2587 1333 2602; x_wconf 85' lang='lat'>»</span> <span class='ocrx_word' id='word_1_677' title='bbox 1359 2574 1423 2604; x_wconf 88' lang='lat' dir='ltr'>sibi</span> <span class='ocrx_word' id='word_1_678' title='bbox 1440 2572 1522 2602; x_wconf 79' lang='lat' dir='ltr'>dari.</span> <span class='ocrx_word' id='word_1_679' title='bbox 1537 2572 1582 2601; x_wconf 80' lang='lat' dir='ltr'>Ex</span> <span class='ocrx_word' id='word_1_680' title='bbox 1595 2574 1685 2608; x_wconf 84' lang='lat' dir='ltr'>parte</span> <span class='ocrx_word' id='word_1_681' title='bbox 1697 2577 1774 2597; x_wconf 88' lang='lat' dir='ltr'>vero</span> <span class='ocrx_word' id='word_1_682' title='bbox 1790 2566 2012 2605; x_wconf 80' lang='lat' dir='ltr'>predictorum</span> <span class='ocrx_word' id='word_1_683' title='bbox 2026 2564 2178 2599; x_wconf 85' lang='lat' dir='ltr'>fratrum,</span> <span class='ocrx_word' id='word_1_684' title='bbox 2197 2563 2332 2593; x_wconf 86' lang='lat' dir='ltr'>nomine</span> 
     </span>
     <span class='ocr_line' id='line_1_94' title="bbox 1358 2615 2333 2660; baseline -0.011 -3"><span class='ocrx_word' id='word_1_685' title='bbox 1358 2627 1443 2657; x_wconf 87' lang='lat' dir='ltr'>dicte</span> <span class='ocrx_word' id='word_1_686' title='bbox 1465 2625 1581 2655; x_wconf 86' lang='lat' dir='ltr'>domus</span> <span class='ocrx_word' id='word_1_687' title='bbox 1605 2627 1635 2653; x_wconf 90' lang='lat' dir='ltr'>ct</span> <span class='ocrx_word' id='word_1_688' title='bbox 1659 2621 1764 2660; x_wconf 87' lang='lat' dir='ltr'>ipsius</span> <span class='ocrx_word' id='word_1_689' title='bbox 1786 2617 1981 2648; x_wconf 82' lang='lat' dir='ltr'>monasterii</span> <span class='ocrx_word' id='word_1_690' title='bbox 2008 2616 2115 2646; x_wconf 87' lang='lat' dir='ltr'>sancti</span> <span class='ocrx_word' id='word_1_691' title='bbox 2136 2615 2243 2649; x_wconf 76' lang='lat' dir='ltr'>Pauli.</span> <span class='ocrx_word' id='word_1_692' title='bbox 2267 2615 2333 2646; x_wconf 79' lang='lat' dir='ltr'>fuit</span> 
     </span>
     <span class='ocr_line' id='line_1_95' title="bbox 1320 2668 2331 2719; baseline -0.015 -8"><span class='ocrx_word' id='word_1_693' title='bbox 1320 2693 1332 2707; x_wconf 82' lang='lat'>&gt;›</span> <span class='ocrx_word' id='word_1_694' title='bbox 1357 2679 1562 2719; x_wconf 88' lang='lat' dir='ltr'>propositum</span> <span class='ocrx_word' id='word_1_695' title='bbox 1579 2684 1688 2706; x_wconf 82' lang='lat' dir='ltr'>coram</span> <span class='ocrx_word' id='word_1_696' title='bbox 1706 2674 1858 2712; x_wconf 87' lang='lat' dir='ltr'>episcopo</span> <span class='ocrx_word' id='word_1_697' title='bbox 1876 2669 2082 2708; x_wconf 73' lang='lat' dir='ltr'>supradicto,</span> <span class='ocrx_word' id='word_1_698' title='bbox 2101 2668 2187 2708; x_wconf 85' lang='lat' dir='ltr'>quod</span> <span class='ocrx_word' id='word_1_699' title='bbox 2205 2668 2331 2698; x_wconf 86' lang='lat' dir='ltr'>dictum</span> 
     </span>
     <span class='ocr_line' id='line_1_96' title="bbox 1319 2720 2331 2772; baseline -0.014 -9"><span class='ocrx_word' id='word_1_700' title='bbox 1319 2746 1332 2760; x_wconf 88' lang='lat'>»</span> <span class='ocrx_word' id='word_1_701' title='bbox 1357 2733 1558 2772; x_wconf 83' lang='lat' dir='ltr'>episcopum,</span> <span class='ocrx_word' id='word_1_702' title='bbox 1576 2728 1704 2759; x_wconf 85' lang='lat' dir='ltr'>nullum</span> <span class='ocrx_word' id='word_1_703' title='bbox 1721 2735 1819 2764; x_wconf 81' lang='lat' dir='ltr'>super</span> <span class='ocrx_word' id='word_1_704' title='bbox 1835 2724 1896 2753; x_wconf 85' lang='lat' dir='ltr'>hoc</span> <span class='ocrx_word' id='word_1_705' title='bbox 1908 2722 2100 2752; x_wconf 84' lang='lat' dir='ltr'>mandatum</span> <span class='ocrx_word' id='word_1_706' title='bbox 2113 2720 2331 2759; x_wconf 82' lang='lat' dir='ltr'>apostolicum</span> 
     </span>
     <span class='ocr_line' id='line_1_97' title="bbox 1319 2774 2332 2815; baseline -0.01 -2"><span class='ocrx_word' id='word_1_707' title='bbox 1319 2798 1332 2813; x_wconf 87' lang='lat'>»</span> <span class='ocrx_word' id='word_1_708' title='bbox 1357 2784 1586 2815; x_wconf 86' lang='lat' dir='ltr'>ostendentem</span> <span class='ocrx_word' id='word_1_709' title='bbox 1605 2781 1644 2811; x_wconf 85' lang='lat' dir='ltr'>ad</span> <span class='ocrx_word' id='word_1_710' title='bbox 1663 2779 1889 2810; x_wconf 81' lang='lat' dir='ltr'>visitationem</span> <span class='ocrx_word' id='word_1_711' title='bbox 1910 2774 2102 2815; x_wconf 87' lang='lat' dir='ltr'>hujusmodi</span> <span class='ocrx_word' id='word_1_712' title='bbox 2122 2774 2192 2804; x_wconf 89' lang='lat' dir='ltr'>sive</span> <span class='ocrx_word' id='word_1_713' title='bbox 2211 2782 2332 2812; x_wconf 87' lang='lat' dir='ltr'>procu—</span> 
     </span>
     <span class='ocr_line' id='line_1_98' title="bbox 1319 2826 2331 2868; baseline -0.011 -2"><span class='ocrx_word' id='word_1_714' title='bbox 1319 2851 1332 2866; x_wconf 80' lang='lat'>»</span> <span class='ocrx_word' id='word_1_715' title='bbox 1358 2838 1520 2868; x_wconf 86' lang='lat' dir='ltr'>rationem</span> <span class='ocrx_word' id='word_1_716' title='bbox 1537 2835 1665 2865; x_wconf 83' lang='lat' dir='ltr'>ratione</span> <span class='ocrx_word' id='word_1_717' title='bbox 1684 2830 1888 2862; x_wconf 82' lang='lat' dir='ltr'>visitationis</span> <span class='ocrx_word' id='word_1_718' title='bbox 1905 2829 1935 2858; x_wconf 87' lang='lat' dir='ltr'>ei</span> <span class='ocrx_word' id='word_1_719' title='bbox 1955 2828 2050 2862; x_wconf 82' lang='lat' dir='ltr'>dare,</span> <span class='ocrx_word' id='word_1_720' title='bbox 2069 2830 2180 2865; x_wconf 88' lang='lat' dir='ltr'>utpote</span> <span class='ocrx_word' id='word_1_721' title='bbox 2197 2827 2245 2856; x_wconf 88' lang='grc'>510</span> <span class='ocrx_word' id='word_1_722' title='bbox 2260 2826 2331 2865; x_wconf 89' lang='lat' dir='ltr'>pri-</span> 
     </span>
     <span class='ocr_line' id='line_1_99' title="bbox 1319 2879 2331 2929; baseline -0.015 -7"><span class='ocrx_word' id='word_1_723' title='bbox 1319 2905 1331 2920; x_wconf 83' lang='lat'>»</span> <span class='ocrx_word' id='word_1_724' title='bbox 1357 2890 1517 2929; x_wconf 76' lang='lat' dir='ltr'>vilegiati,</span> <span class='ocrx_word' id='word_1_725' title='bbox 1535 2893 1570 2919; x_wconf 84' lang='lat' dir='ltr'>ut</span> <span class='ocrx_word' id='word_1_726' title='bbox 1587 2888 1711 2917; x_wconf 87' lang='lat' dir='ltr'>dictum</span> <span class='ocrx_word' id='word_1_727' title='bbox 1727 2889 1793 2916; x_wconf 75' lang='lat' dir='ltr'>est,</span> <span class='ocrx_word' id='word_1_728' title='bbox 1814 2887 1845 2914; x_wconf 85' lang='lat' dir='ltr'>et</span> <span class='ocrx_word' id='word_1_729' title='bbox 1862 2885 2024 2921; x_wconf 83' lang='lat' dir='ltr'>quantum</span> <span class='ocrx_word' id='word_1_730' title='bbox 2041 2879 2081 2910; x_wconf 82' lang='lat' dir='ltr'>ad</span> <span class='ocrx_word' id='word_1_731' title='bbox 2097 2879 2185 2909; x_wconf 89' lang='lat' dir='ltr'>hunc</span> <span class='ocrx_word' id='word_1_732' title='bbox 2204 2879 2331 2909; x_wconf 84' lang='lat' dir='ltr'>articu-</span> 
     </span>
    </p>
   </div>
  </div>
 </body>
</html>
