2498 3325
964 216 1187 254 PREMIERE
1210 215 1370 252 ANNEE.
2160 220 2217 250 195

115 296 201 326 sicut
220 294 280 324 uni
291 303 329 324 ex
346 293 421 323 aliis
436 293 584 332 ejusdem
599 293 738 323 ecclesie
757 291 926 322 canonicis
943 299 1017 319 cum
1031 287 1126 318 stallo

115 348 151 377 in
174 347 273 377 choro
292 350 324 376 et
343 345 413 375 loco
430 346 466 374 in
488 345 632 383 capitulo
649 344 826 382 assignari.
847 343 1125 373 Contradictores.

118 400 266 436 Quarum
282 398 488 433 auctoritate,
506 402 542 427 tu
557 398 592 427 in
609 397 749 427 ecclesia
767 395 959 426 Florentina
976 398 1127 432 receptus

118 461 153 482 es
170 452 204 480 in
222 451 418 481 canonicum
440 455 471 480 et
493 450 528 479 in
546 451 701 484 fratrem,
724 449 785 478 tibi
804 448 900 478 stallo
922 448 957 477 in
979 447 1077 477 choro
1098 451 1129 476 et

118 503 189 534 loco
203 504 238 532 in
249 502 392 541 capitulo
407 503 598 540 assignatis.
608 503 732 532 Verum
747 501 825 540 quia
840 500 1046 538 receptiones
1059 500 1129 529 fac-

119 561 170 586 tas
184 556 219 584 in
234 556 499 594 quibuscumque
511 555 673 589 ecclesiis,
686 559 826 592 quatuor
838 553 955 591 primis
971 552 1130 581 duntaxat

120 609 276 647 exceptis,
291 609 496 638 decrevimus
508 608 622 638 irritas
634 612 665 638 et
674 608 803 639 inanes,
815 610 846 636 et
859 606 894 635 in
908 606 981 644 ipsa
990 605 1130 635 ecclesia

121 666 197 692 ante
213 666 242 692 te
256 661 367 699 plures
381 669 479 699 quam
496 664 637 699 quatuor
653 660 721 689 sint
735 659 870 697 recepti,
888 657 1053 696 provideri
1070 657 1131 687 tibi

122 723 221 752 super
247 713 309 743 hoc
334 722 393 751 per
420 712 597 750 apostolice
629 711 723 742 Sedis
748 711 931 741 remedium
958 710 1131 739 humiliter

122 766 326 805 supplicasti.
352 766 419 795 Nos
442 765 545 803 igitur
564 765 631 794 tuis
656 763 955 802 supplicationibus
978 762 1131 792 inclinati

121 828 159 849 ac
175 818 343 848 nobilitati
365 822 395 848 et
413 817 599 856 paupertati
615 821 670 846 tue
689 826 787 854 super
804 816 866 846 hoc
883 820 1020 854 paterno
1042 824 1131 844 com-

121 872 286 910 patientes
303 871 440 905 affeetu,
458 869 682 908 receptionem
700 869 807 907 ipsam
829 872 955 906 gratam
979 872 1010 897 et
1025 872 1132 897 ratam

120 924 293 959 habentes,
308 928 354 958 ut,
369 923 606 952 constitutione
619 922 811 961 hujusmodi
822 931 887 951 non
900 922 1062 956 obstante,
1077 925 1132 950 tua

120 977 265 1015 receptio
281 976 315 1006 in
333 985 393 1006 sua
408 976 564 1006 firmitate
577 975 733 1014 perduret
745 979 776 1005 et
788 984 847 1013 per
860 975 1132 1005 constitutionem

122 1029 273 1060 eamdem
293 1029 358 1067 ipsi
382 1028 544 1066 receptori
565 1037 631 1058 non
652 1028 759 1058 valeat
779 1028 815 1057 in
834 1027 945 1066 aliquo
968 1027 1130 1064 derogari,

121 1082 183 1111 tibi
195 1081 390 1111 auctoritate
398 1081 604 1119 presentium
615 1080 839 1118 indulgemus,
851 1089 925 1110 cum
935 1079 1132 1109 intentionis
1171 1091 1173 1098 ·

122 1138 233 1164 nostre
250 1142 315 1163 non
333 1133 435 1163 fuerit
456 1133 550 1163 illum
568 1133 717 1172 ejusdem
737 1132 986 1162 constitutionis
1003 1131 1132 1170 laqueis

124 1186 374 1224 comprehendi,
402 1195 459 1224 per
482 1186 569 1225 quod
593 1185 911 1224 recompensationis
934 1185 1133 1214 beneficium

122 1240 159 1270 in
179 1239 292 1278 aliqua
311 1239 451 1269 ecclesia
472 1239 515 1269 sit
540 1243 703 1277 receptus.
725 1238 818 1268 Nulli
840 1243 900 1268 etc.
924 1243 1035 1268 nostre
1055 1247 1133 1268 con-

124 1292 286 1322 cessionis
300 1296 360 1322 etc.
378 1292 452 1321 Dat.
466 1291 629 1329 Anagnie,
647 1292 693 1321 VI
708 1291 867 1321 kalendas
884 1291 1028 1328 augusti,
1047 1299 1133 1320 anno

122 1344 240 1383 primo.
260 1356 273 1370 υ

196 1548 284 1577 653

160 1611 339 1646 Episcopum
360 1611 589 1646 Majoi-1censem,
608 1611 759 1637 transitum
782 1611 868 1637 maris
884 1612 1031 1637 timentem
1048 1620 1134 1645 quem

127 1660 233 1695 piratae
257 1660 422 1695 frequenter
444 1660 614 1695 impediunt,
636 1668 651 1686 a
677 1659 842 1686 visitatione
869 1659 936 1686 Sedi
961 1660 1136 1694 apostolicae

127 1707 222 1734 debita
239 1717 288 1743 pro
308 1708 426 1735 instanti
443 1708 566 1734 triennio
583 1708 715 1735 absolvit.
732 1708 815 1741 (Rau.
832 1708 865 1734 ‘24
878 1729 884 1739 ,
902 1715 928 1734 c.
946 1707 1011 1738 531,
1028 1708 1048 1734 f.
1068 1709 1135 1741 76¹¹.)

685 1548 811 1583 Anagni,
828 1549 858 1576 18
876 1548 966 1583 iuillct
986 1549 1061 1574 1255.

167 1835 180 1849 «
250 1824 384 1861 episcopo
399 1824 603 1860 illajoricensi.
618 1822 744 1852 Retulit
761 1831 870 1852 coram
886 1822 982 1852 nobis
996 1822 1136 1852 dilectus

126 1875 217 1905 filius
234 1875 388 1910 Pontius,
406 1880 598 1914 procurator
615 1879 707 1911 tuus,
726 1884 784 1913 per
800 1884 898 1913 quem
919 1884 1024 1913 nuper
1041 1884 1137 1914 apos-

125 1927 259 1958 tolicam
287 1928 405 1958 Sedem
434 1937 492 1966 pro
521 1928 667 1958 triennio
689 1928 837 1966 proximo
861 1928 1030 1966 preterito,
1052 1928 1137 1958 sicut

124 1980 263 2019 prestito
275 1980 465 2019 juramento
482 1980 617 2015 teneris,
636 1989 711 2010 cum
726 1980 837 2010 debita
853 1981 1039 2010 reverentia
1056 1981 1137 2011 visi-

127 2033 216 2068 tasti,
232 2032 318 2071 quod
330 2032 560 2071 Majoricensis
574 2032 716 2063 ecclesia
728 2037 861 2071 propter
876 2032 1043 2062 maliciam
1060 2037 1137 2063 tem-

126 2093 243 2123 porum
260 2085 508 2123 precedentium
530 2089 579 2115 est
597 2085 632 2114 in
654 2085 751 2115 bonis
772 2085 1010 2123 temporalibus
1033 2086 1138 2123 pluri-

127 2145 218 2167 mum
233 2137 408 2167 diminuta.
425 2138 493 2167 Nos
509 2138 621 2176 itaque
633 2142 702 2168 tum
716 2142 848 2176 propter
863 2137 935 2173 hoc,
954 2142 1022 2167 tum
1038 2139 1137 2168 etiam

128 2190 314 2229 periculose
329 2194 426 2228 prout
442 2190 603 2220 asseritur
619 2190 659 2220 ad
674 2190 855 2228 predictam
874 2191 991 2221 Sedem
1012 2191 1050 2222 de
1072 2195 1138 2221 tam

127 2243 264 2273 remotis
291 2242 442 2280 partibus
462 2243 570 2273 medio
594 2243 697 2273 maris
720 2243 880 2278 transitu,
908 2252 1006 2282 quem
1032 2244 1138 2282 pirate

127 2295 321 2333 frequenter
335 2295 531 2333 impediunt,
544 2296 747 2334 pervenitur,
761 2295 827 2325 tuis
839 2296 1138 2334 supplicationibus

127 2347 296 2383 inclinati,
318 2352 348 2377 te
371 2356 389 2377 a
409 2348 600 2378 visitatione
617 2348 727 2378 debita
742 2357 800 2386 pro
817 2348 958 2378 instanti
974 2349 1137 2385 triennio,

130 2400 326 2430 auctoritate
347 2400 553 2438 presentium
573 2400 612 2430 de
633 2400 769 2439 speciali
785 2400 892 2438 gratia
911 2401 1065 2431 duximus
1082 2402 1139 2431 ab-

131 2452 337 2482 solvendum.
355 2453 428 2482 Dat.
446 2452 614 2490 Anagnie,
631 2453 692 2483 XV
707 2452 866 2483 kalendas
883 2454 1031 2491 augusti,
1053 2463 1139 2484 anno

127 2513 246 2544 primo.
266 2516 279 2531 n

201 2710 289 2738 654
688 2710 814 2745 Anagni‚
832 2711 972 2746 28juillet
989 2712 1068 2739 1255.

169 2772 260 2798 Priori
276 2776 304 2798 et
319 2772 444 2806 capitulo
460 2771 663 2799 Lateranensis
679 2773 819 2799 ecclesiae
835 2773 975 2808 indulget,
993 2777 1033 2805 ut,
1051 2773 1075 2800 si
1091 2781 1141 2800 eo-

135 2828 194 2847 ram
216 2821 310 2855 priore
331 2820 466 2847 basilicae
481 2820 515 2847 ad
534 2820 639 2847 Sancta
656 2820 826 2848 Sanctorum
846 2825 874 2848 et
889 2822 1139 2857 archipresbytero

131 2876 175 2896 as.
192 2868 259 2904 Cyri
275 2872 303 2895 et.
321 2867 464 2895 «Iohannis
483 2869 518 2895 de
539 2868 618 2896 Urbe
634 2870 723 2904 parati
739 2870 845 2896 fuerint
861 2869 997 2896 exhibere
1009 2869 1140 2904 justitiae

1209 288 1467 321 complementum,
1491 296 1586 314 coram
1611 288 1673 313 aliis
1698 287 1847 321 judicibus
1877 289 2019 320 nequeant
2048 286 2214 312 convenire.

1210 335 1293 368 (Res.
1311 336 1355 366 24,
1372 343 1397 361 c.
1416 335 1476 367 532,
1494 336 1511 361 f.
1530 336 1596 368 76¹.)

1253 447 1265 461 α
1283 458 1314 469 ..‚
1326 437 1427 473 priori
1443 441 1467 464 el
1484 437 1617 472 capitulo
1627 436 1837 464 Lateranensz‘s
1853 436 1978 464 ecclesie.
1996 435 2092 464 Lecta
2107 443 2216 463 coram

1212 487 1307 517 nobis
1332 488 1516 517 devotionis
1538 492 1645 517 vestre
1669 488 1783 525 petitio
1807 487 2012 520 continebat,
2032 487 2118 525 quod
2135 496 2217 516 non—

1212 539 1296 569 nulli
1312 539 1425 569 clerici
1441 543 1470 569 et
1489 539 1566 568 laici
1584 540 1790 568 diversarum
1811 539 1952 576 partium
1969 539 2135 568 interdum
2152 547 2217 567 non

1212 596 1247 621 ut
1270 600 1364 621 suam
1385 591 1551 630 justitiam
1574 595 1803 629 prosequatur,
1827 591 1883 620 sed
1908 595 1941 619 ut
1965 591 2080 620 litibus
2104 591 2218 620 cedere

1212 644 1264 674 vel
1288 644 1485 682 dampnosas
1508 644 1593 673 inire
1617 643 1782 681 cogamini
1802 643 1970 681 pactiones
1994 643 2161 672 latmi-ibus
2188 648 2218 672 et

1214 696 1401 734 sumptibus
1421 696 1563 733 fatigati,
1582 704 1638 725 vos
1655 704 1764 724 coram
1785 695 1926 724 diversis
1939 695 2107 733 judicibus
2131 695 2220 724 dele—

1214 749 1299 787 gatis
1316 753 1345 778 et
1364 748 1463 779 etiam
1480 748 1659 778 ordinariis
1676 747 1877 777 conveniunt
1896 747 2134 776 fraudulenter.
2152 748 2220 777 Nos

1214 806 1323 830 autem
1334 800 1455 839 quibus
1472 800 1510 830 de
1519 800 1610 829 vobis
1623 804 1732 837 utpote
1750 798 1904 836 specialis
1915 798 2059 827 Ecclesie
2072 799 2219 828 Romane

1214 854 1293 883 filiis
1316 857 1406 883 tenet
1428 862 1507 882 cura
1528 852 1734 890 propensior,
1757 850 1902 880 volentes
1919 850 2011 879 vobis
2033 856 2064 880 et
2084 851 2222 880 ecclesie

1214 911 1322 936 vestre
1337 905 1508 935 consulere
1525 905 1559 933 in
1574 904 1634 933 hac
1651 907 1753 942 parte.
1772 903 1966 932 auctoritate
1983 903 2075 931 vobis
2091 912 2222 940 presen-

1214 959 1298 988 tium
1314 957 1537 995 indulgemus,
1553 962 1599 991 ut,
1613 956 1773 995 quamdiu
1784 956 1822 985 de
1835 955 1928 984 volus
1942 955 2222 993 conquerentibus

1216 1020 1324 1042 coram
1344 1010 1462 1040 dilecto
1483 1009 1551 1039 filio
1625 1009 1732 1047 priore
1755 1008 1892 1037 basilice
1918 1007 1956 1036 ad
1981 1008 2101 1037 Sancta
2122 1008 2225 1036 Sanc-

1216 1068 1334 1098 torum,
1349 1063 1402 1092 vel
1421 1061 1737 1100 ..,archipresbitero
1755 1064 1943 1089 sanctorum
1960 1060 2039 1098 Cyri
2057 1064 2086 1089 et
2101 1059 2225 1089 ,Iohan-

1216 1118 1268 1147 nis
1292 1117 1330 1146 de
1352 1116 1453 1150 Urbe,
1481 1115 1588 1153 parati
1613 1114 1745 1144 fueritis
1767 1113 1921 1143 exhibere
1935 1113 2065 1152 justitie
2083 1113 2225 1150 comple·-

1215 1174 1381 1203 mentum,
1413 1169 1590 1207 quisquam
1626 1176 1682 1196 vos
1713 1175 1822 1196 coram
1852 1166 1927 1195 aliis
1957 1165 2222 1204 quibuscumque

1213 1221 1383 1261 judicibus
1400 1221 1595 1251 auctoritate
1617 1219 1796 1258 apostolica
1815 1219 1864 1248 vel
1886 1219 1985 1248 etiam
2002 1218 2168 1247 ordinaria
2191 1218 2225 1246 in

1217 1274 1327 1304 causis
1353 1273 1532 1312 aliquibus,
1559 1273 1624 1302 nisi
1646 1272 1680 1301 in
1709 1272 1757 1301 eis
1780 1271 1849 1300 litis
1874 1270 2069 1300 contestatio
2091 1270 2158 1308 jam
2184 1270 2226 1298 >it

1216 1327 1314 1361 facta,
1333 1329 1475 1364 nequeat
1491 1325 1678 1358 convenire,
1696 1323 1902 1362 beneplacito
1918 1322 2033 1352 vicarii
2049 1322 2151 1351 nostri
2169 1322 2226 1360 qui

1216 1388 1274 1418 pro
1297 1383 1442 1417 tempore
1463 1378 1498 1407 in
1524 1378 1614 1408 Urbe
1640 1377 1741 1406 fuerit
1767 1385 1895 1414 semper
1919 1375 2018 1405 salvo.
2045 1374 2136 1404 Nulli
2163 1379 2223 1403 etc.

1218 1436 1328 1462 nostre
1339 1430 1563 1462 concessionis
1574 1435 1634 1460 etc.
1650 1429 1866 1459 Presentibus
1877 1433 1949 1467 post
1959 1428 2227 1466 quinquennium

1219 1488 1279 1515 etc.
1296 1485 1370 1514 Dat.
1388 1484 1558 1521 Anagnie,
1575 1484 1604 1513 V
1622 1483 1780 1512 kalendas
1804 1481 1952 1519 augusti,
1971 1489 2057 1510 anno
2073 1480 2188 1519 primo.
2212 1492 2224 1506 ι)

1291 1663 1378 1691 655

1254 1724 1450 1759 Insrascriptis
1480 1723 1606 1755 mandat,
1640 1723 1778 1757 quatinus
1808 1722 2001 1757 provisionem
2032 1721 2170 1756 Stephani
2195 1721 2233 1747 de

1220 1774 1326 1803 Ponte,
1344 1774 1473 1799 canonici
1492 1772 1627 1799 basilicae
1646 1771 1792 1805 Principis
1807 1770 2013 1805 Apostolorum
2034 1770 2069 1796 dc
2086 1769 2177 1800 Urbe,
2195 1770 2229 1796 de

1220 1823 1368 1849 beneficiis
1389 1821 1598 1848 ecclesiasticis
1617 1820 1792 1854 adimpleant
1812 1819 1840 1845 in
1857 1818 2054 1845 Cantuariensi
2072 1818 2227 1853 provincia,

1216 1873 1301 1907 juxta
1330 1870 1536 1905 continentiam
1566 1870 1725 1896 litterarum
1755 1868 1916 1894 lnnocentii
1945 1876 2043 1902 papae.
2070 1867 2153 1900 (Rho.
2185 1868 2231 1901 24,

1220 1929 1246 1949 c.
1264 1920 1324 1952 533,
1342 1921 1360 1947 s.
1379 1920 1447 1952 w.)

1771 1660 1899 1694 Anagni,
1916 1659 1949 1686 24
1964 1660 2059 1694 juillet.
2078 1660 2155 1686 1⁶:55.

1263 2035 1276 2050 α
1304 2045 1334 2058 ..‚
1354 2022 1572 2051 archidiacono
1588 2021 1786 2054 lt'orfwicensi,
1808 2025 1833 2048 et
1850 2021 1996 2056 mayistro
2018 2019 2172 2048 Bernarclo
2198 2019 2231 2047 (le

1220 2076 1366 2113 Nimplza,
1382 2075 1538 2112 capellano
1551 2079 1663 2108 nostro,
1684 2074 1716 2102 in
1732 2073 1844 2110 Anylicz
1861 2073 2075 2101 connum-anti.
2095 2071 2231 2109 Signifi-

1221 2129 1307 2158 cavit
1325 2127 1420 2157 nobis
1436 2126 1576 2156 dilectus
1593 2125 1683 2155 filius
1701 2124 1888 2163 Stephanus
1907 2124 1945 2153 de
1961 2125 2075 2157 Ponte,
2094 2123 2230 2152 canoni-

1221 2190 1278 2211 cus
1301 2180 1437 2209 basilice
1457 2178 1624 2217 Principis
1647 2177 1869 2216 apostolorum
1895 2176 2047 2219 deffUrbe
2071 2180 2102 2205 et
2124 2181 2232 2205 rector

1221 2233 1359 2264 ecclesie
1376 2233 1415 2262 de
1432 2233 1592 2270 Bystone,
1608 2229 1836 2261 Nol-wicensis
1847 2229 2000 2263 diocesis,
2019 2228 2105 2267 quod
2122 2228 2230 2258 felicis

1220 2278 1459 2316 recordationis
1477 2285 1502 2313 Ι.
1520 2292 1603 2322 papa
1618 2283 1831 2321 predecessor
1847 2285 1958 2311 noster
1971 2281 2094 2310 dudum
2112 2280 2230 2310 dilecto

1220 2338 1289 2367 filio
1316 2337 1473 2375 magistro
1495 2335 1640 2366 Ber-ardo
1669 2335 1708 2365 de
1732 2334 1837 2369 Secia,
1865 2333 2019 2372 scriptori
2046 2338 2170 2367 nostro,
2200 2337 2231 2362 et

1221 2390 1378 2425 ι1011311111,
1400 2389 1559 2419 canonico
1576 2393 1688 2418 sancte
1707 2387 1811 2417 Marie
1830 2387 1870 2417 de
1887 2386 2040 2424 Piperno,
2059 2386 2093 2414 in
2110 2385 2231 2423 Anglia

1222 2441 1514 2473 commorantibus,
1524 2440 1641 2478 primo,
1652 2444 1680 2469 et
1690 2439 1897 2478 postmodum
1904 2438 2063 2475 magistro
2071 2437 2230 2467 Silvestre

1222 2494 1405 2533 [canonico]
1425 2493 1538 2523 Sancti
1558 2492 1724 2523 ,Iohannis
1742 2492 1780 2522 de
1797 2492 1887 2521 Duce
1907 2490 2084 2528 Anagnino
2105 2499 2231 2519 moram

1221 2549 1346 2578 ibidem
1359 2546 1515 2581 trahenti,
1532 2551 1562 2576 et
1572 2545 1736 2584 quondam
1750 2544 1909 2581 magistro
1920 2545 2016 2573 Petro
2026 2543 2064 2572 de
2079 2542 2228 2581 Depban,

1223 2599 1529 2631 Saresbiriensibus
1539 2598 1719 2632 canonicis,
1731 2606 1767 2627 ac
1777 2596 1917 2626 tamdem
1928 2596 2000 2630 tibi,
2012 2595 2059 2624 fili
2069 2595 2230 2624 archidia-

1223 2662 1314 2688 cone,
1329 2657 1359 2683 et
1369 2652 1487 2682 dilecto
1498 2651 1565 2681 filio
1577 2651 1736 2689 magistro
1747 2649 1945 2683 Alexandro,
1956 2648 2114 2678 canonico
2126 2647 2230 2677 eccle-

1223 2706 1271 2736 sie
1282 2709 1394 2734 sancte
1407 2704 1510 2733 Marie
1521 2703 1656 2742 Majoris
1669 2703 1707 2732 ‹le
1720 2701 1909 2735 Ferentino,
1924 2699 2093 2738 capellano
2105 2704 2228 2733 nostro,

1223 2762 1301 2788 tunc
1318 2757 1351 2786 in
1369 2756 1489 2794 Anglia
1504 2755 1731 2789 commoranti,
1748 2763 1847 2792 super
1861 2753 2049 2792 provisione
2064 2751 2231 2790 Stephano

1222 2810 1375 2841 facienda
1401 2809 1548 2848 predicto
1575 2809 1614 2839 de
1635 2807 1806 2838 beneficiis
1831 2805 2066 2836 ecclesiasticis
2091 2814 2156 2834 uno
2180 2804 2231 2833 vel

1221 2864 1454 2903 pluribusque
1475 2861 1657 2892 secundum
1678 2868 1886 2890 communem
1907 2858 2153 2888 extimationem
2174 2867 2230 2894 pa-
