2498 3325
158 349 171 363 >7

158 401 171 415 D

157 453 171 468 ))

158 506 171 520 'i

159 558 172 572 ))

159 610 172 624 1)

159 662 172 676 1)

159 715 172 730 1>

159 768 172 782 5)

159 873 172 888 1)

159 925 172 940 ))

159 979 172 994 J)

159 1031 172 1046 ))

160 1084 173 1098 ))

161 1137 173 1150 ))

161 1190 174 1204 ))

162 1242 175 1257 ))

163 1296 176 1310 ))

163 1348 176 1362 ))

164 1401 176 1415 ))

164 1453 176 1467 )>

162 1505 175 1520 ))

162 1558 175 1572 ))

161 1610 174 1624 ))

162 1663 174 1677 l)

161 1716 174 1729 i)

162 1768 174 1782 ))

163 1821 175 1835 ))

163 1873 176 1887 ))

164 1926 177 1941 ὶ)

165 1980 178 1994 ))

166 2033 178 2046 ))

166 2086 179 2100 Ἰ)

167 2138 180 2153 Υ)

167 2191 180 2205 1>

167 2243 180 2258 ›)

167 2296 180 2309 ))

167 2348 180 2362 1)

167 2401 180 2415 J)

167 2454 180 2467 1)

167 2507 180 2520 1)

168 2559 180 2573 )Ί

168 2612 181 2626 1)

168 2664 181 2679 ὶ)

170 2716 182 2730 1)

171 2820 184 2835 1)

172 2874 186 2888 5)

998 209 1221 247 PREMIERE
1243 210 1402 246 ANNEE.

198 295 211 309 υ
235 283 432 313 Ordinatum
448 287 497 312 est
513 283 623 318 etiam,
643 283 729 321 quod
745 282 1012 320 archiepiscopus
1029 290 1089 311 nec
1104 290 1162 318 per

197 344 242 370 se,
265 344 325 365 nec
346 344 403 373 per
419 335 575 365 officiales
593 344 685 370 suos,
704 344 811 374 neque
826 344 884 373 per
899 335 1062 364 vicarium
1077 334 1159 372 ejus,

197 397 256 418 seu
272 397 330 426 per
346 396 587 426 quemcumque
604 387 707 417 alium
728 387 874 425 aliquam
897 386 1162 417 excommunica-

195 440 314 475 tionis,
333 440 563 478 suspensionis
578 439 631 469 vel
645 439 815 469 interdicti
832 440 1032 469 sententiam
1053 439 1092 468 ab
1110 448 1162 468 ar-

197 493 390 523 chidiacono
406 492 458 522 vel
475 493 545 531 ejus
561 492 694 522 officiali
707 492 868 530 prolatam
881 492 988 521 valeat
1001 491 1160 525 relaxare,

197 554 234 575 ac
259 545 297 574 de
319 545 392 583 ipsa
416 545 644 583 quoquomodo
667 553 864 582 cognoscere
884 544 935 573 vel
951 544 1162 582 aliquatenus

197 606 296 635 super
314 597 382 627 hiis
398 597 610 635 interponere
625 601 735 635 partes
753 606 842 626 suas.
859 597 986 626 Neuter
1002 600 1112 625 autem
1128 596 1162 624 in

197 649 360 679 familiam
376 649 513 679 alterius
530 653 561 679 et
580 649 726 679 notarios
745 648 882 678 alterius
899 649 989 677 curie
1005 648 1164 687 jurisdic-

197 703 321 732 tionem
335 702 594 732 ecclesiasticam
607 702 738 737 habeat,
750 702 817 732 nisi
828 701 930 740 presit
944 701 1044 731 alicui
1058 701 1164 730 officio

197 754 249 785 vel
267 754 453 784 ministerio
472 754 626 784 seculari.

199 821 211 835 n
236 809 283 838 De
304 807 507 837 correctione
524 812 634 837 autem
652 816 848 837 excessuum
868 807 1064 837 clericorum
1083 806 1165 835 eivi-

195 861 272 891 tatis
296 864 327 890 et
346 860 635 890 archidiaconatus
660 859 892 893 Remensium,
911 859 1099 889 ordinatum
1117 862 1166 888 est

198 913 284 952 quod
306 913 575 951 archiepiscopus
595 917 660 942 tam
681 921 739 950 per
754 921 788 942 se
809 921 908 951 quam
929 921 987 950 per
1008 911 1165 941 officiales

198 975 275 997 suos
290 966 340 996 vel
356 975 413 1004 per
430 966 548 1001 alium,
567 966 620 996 cui
636 966 697 996 hoc
713 966 931 1001 commiserit,
953 970 983 995 et
1000 965 1166 995 archidia—

198 1027 299 1049 conus
324 1018 481 1048 similiter
498 1027 555 1056 per
571 1027 605 1048 se
626 1018 678 1048 vel
698 1028 755 1056 per
778 1017 951 1047 officialem
974 1026 1086 1052 suum,
1112 1021 1167 1046 aut

198 1080 256 1109 per
271 1071 375 1100 alium
391 1071 444 1100 cui
457 1070 517 1100 hoc
532 1071 661 1100 duxerit
677 1070 960 1105 committendum,
979 1074 1010 1099 et
1026 1069 1167 1108 quisque

198 1123 346 1162 ipsorum
361 1124 395 1153 in
414 1123 555 1154 solidum
575 1132 728 1153 excessus
743 1123 939 1153 clericorum
955 1123 1121 1160 corrigant
1139 1127 1168 1152 et

200 1177 380 1215 castigent,
400 1178 445 1207 ita
463 1177 550 1216 quod
566 1177 623 1216 qui
639 1177 731 1215 prius
748 1185 919 1206 excessum
935 1176 1079 1214 aliquem
1097 1185 1168 1205 cor-

199 1230 308 1268 rigere
325 1230 377 1259 vel
399 1230 563 1269 corripere
586 1229 762 1268 inceperit,
783 1229 853 1267 ipse
876 1229 963 1258 circa
981 1228 1077 1258 illum
1097 1237 1168 1258 cor-

201 1283 382 1313 rectionem
400 1283 547 1321 perficiat
570 1283 771 1312 inchoatam.
790 1282 825 1312 Si
846 1282 933 1320 quod
948 1290 1024 1311 vero
1043 1281 1169 1311 emolu—

201 1340 347 1366 mentum
380 1336 418 1365 de
449 1335 597 1365 emendis
634 1344 829 1365 excessuum
861 1334 1073 1369 clericorum,
1106 1342 1169 1371 que

201 1388 408 1426 corrigentur
433 1397 491 1426 per
517 1388 802 1426 archiepiscopum
824 1387 876 1417 vel
898 1386 1055 1416 officiales
1074 1395 1167 1421 suos,

202 1444 257 1470 aut
280 1450 338 1478 per
362 1440 465 1470 alium
488 1440 541 1469 cui
563 1440 624 1469 hoc
648 1440 731 1469 forte
755 1439 958 1469 commiserit
980 1439 1166 1474 obvenerit,

200 1493 284 1522 illud
314 1493 379 1531 ipsi
409 1493 656 1531 archiepiscopo
686 1493 871 1530 deputetur.
900 1492 1169 1522 Emolumentum

201 1550 311 1576 autem
328 1545 415 1584 quod
431 1545 602 1575 obvenerit
619 1545 657 1575 de
669 1545 818 1575 emendis
833 1553 1027 1574 excessuum
1042 1545 1098 1582 qui
1112 1553 1169 1582 per

200 1598 472 1628 archidiaconum
489 1597 539 1627 vel
557 1598 627 1637 ejus
647 1597 822 1627 officialem
844 1606 902 1627 seu
919 1597 1022 1626 alium
1038 1597 1091 1626 cui
1108 1596 1169 1626 hoc

200 1651 403 1681 commiserit
420 1651 558 1680 correcti
579 1651 719 1686 fuerint,
740 1654 770 1680 et
787 1659 886 1688 super
902 1650 1023 1688 quibus
1046 1650 1087 1679 ad
1102 1649 1169 1678 cla-

200 1712 324 1733 morem
346 1703 398 1733 vel
426 1703 713 1732 denuntiationem
734 1702 890 1741 alicujtis,
917 1711 975 1731 seu
1003 1711 1040 1731 ex
1063 1701 1169 1731 officio

199 1765 391 1794 processum
419 1755 565 1785 extiterit
589 1755 677 1784 inter
704 1755 808 1784 dictos
832 1754 1117 1792 archiepiscopum
1139 1758 1170 1784 et

201 1808 483 1843 archidiaconum,
499 1817 557 1846 per
571 1808 717 1838 medium
731 1808 873 1837 fideliter
887 1808 1065 1838 dividatur.
1080 1808 1170 1838 Talis

201 1865 311 1890 tamen
325 1860 517 1900 hujusmodi
531 1860 744 1890 emolumenti
756 1860 970 1890 emendarum
982 1860 1102 1890 divisio
1114 1861 1170 1889 fiat

202 1913 391 1952 specialiter
407 1913 494 1943 inter
508 1922 666 1952 personas
680 1918 819 1948 vestras,
834 1914 880 1942 ita
892 1914 978 1952 quod
993 1913 1171 1951 archiepis-

203 1976 282 2005 copo
308 1971 339 1997 et
365 1967 597 1996 archidiacono
628 1967 685 2005 qui
710 1967 916 2005 postmodum
943 1976 1000 2005 pro
1026 1971 1171 2004 tempore

203 2020 329 2050 fuerint
339 2020 393 2058 jus
406 2029 501 2049 suum
515 2019 643 2049 salvum
656 2019 773 2049 existat
784 2020 818 2048 in
831 2019 1052 2049 emolumento
1064 2028 1172 2049 emen-

204 2073 332 2108 darum,
350 2082 413 2111 que
432 2077 498 2102 tam
518 2073 552 2102 in
571 2073 811 2111 archiepiscopi
830 2082 928 2111 quam
946 2072 1173 2102 archidiaconi

205 2126 297 2155 curia
324 2126 528 2164 recipientur
557 2126 685 2156 ratione
713 2135 908 2156 excessuum
937 2125 1171 2164 predictorum.

205 2179 288 2209 Cum
305 2187 380 2208 vero
397 2178 519 2217 aliquis
537 2179 639 2216 egerit
658 2183 771 2208 contra
787 2178 890 2208 alium
908 2178 941 2207 in
956 2178 1047 2208 curia
1064 2177 1174 2207 archi-

196 2231 336 2261 *diaconi
362 2240 460 2269 super
483 2231 688 2264 excessibus,
708 2231 828 2261 habeat
851 2231 1120 2269 archiepiscopus
1143 2234 1175 2260 et

205 2283 262 2322 qui
279 2292 366 2312 nunc
380 2287 427 2313 est
445 2287 475 2312 et
493 2283 549 2321 qui
566 2293 622 2321 pro
641 2287 786 2321 tempore
803 2283 904 2313 suerit
921 2283 1001 2312 duas
1017 2287 1127 2321 partes
1144 2287 1175 2312 et

205 2335 460 2366 archidiaconus
482 2335 609 2365 tertiam
627 2335 843 2365 emolumenti
858 2335 1049 2375 hujusmodi
1067 2345 1174 2365 emen-

205 2389 332 2418 darum.
347 2389 509 2418 Excessus
523 2392 633 2417 autem
645 2388 804 2417 laicorum
819 2388 986 2425 corrigant
996 2388 1175 2426 archiepis-

206 2450 306 2479 copus
323 2445 354 2470 et
371 2440 626 2469 archidiaconus
643 2449 700 2478 per
713 2449 748 2470 se
765 2444 795 2469 et
811 2440 968 2471 officiales
985 2450 1074 2475 suos,
1090 2441 1175 2470 sieut

206 2494 314 2524 facere
333 2497 588 2523 consueverunt.
605 2494 674 2523 Hoc
692 2493 824 2531 penitus
842 2497 872 2522 et
889 2502 1018 2531 semper
1033 2497 1174 2528 servato,

206 2551 241 2576 ut
259 2547 298 2576 de
316 2546 537 2576 emolumento
560 2546 646 2585 quod
669 2556 707 2575 ex
724 2546 834 2584 sigillo
852 2546 1078 2576 archidiaconi
1095 2556 1176 2585 quo-

207 2608 349 2638 cumque
365 2608 443 2628 casu
459 2598 509 2628 vel
524 2599 618 2628 modo
631 2599 832 2636 provenerit,
844 2598 1113 2636 archiepiscopus
1129 2599 1176 2628 ni-

207 2651 274 2682 chil
290 2651 460 2689 percipiat,
483 2651 539 2681 sed
557 2651 810 2681 archidiaconus
828 2651 885 2690 qui
905 2660 992 2680 nunc
1007 2656 1055 2681 est
1072 2655 1103 2681 et
1120 2651 1177 2689 qui

209 2713 266 2742 pro
283 2708 427 2742 tempore
444 2704 543 2733 suerit
562 2703 678 2733 habeat
695 2703 778 2733 illud
795 2708 910 2733 totum.

211 2769 223 2782 υ
242 2756 347 2794 Super
358 2756 567 2793 perceptione
582 2759 691 2785 autem
706 2760 736 2785 et
751 2756 1001 2785 conservatione
1017 2756 1177 2786 bonorum

209 2808 404 2839 elericorum
427 2808 573 2838 civitatis
596 2812 627 2838 et
649 2808 939 2838 archidiaconatus
961 2808 1179 2838 Remensium

212 2861 251 2891 ab
280 2861 438 2891 intestato
468 2860 715 2895 decedentium,
748 2861 936 2891 ordinatum
967 2865 1032 2897 est,
1064 2865 1099 2890 ut
1127 2870 1180 2891 ar-

1246 293 1258 307 >1

1246 345 1259 359 ))

1246 396 1259 410 ))

1247 449 1259 462 ))

1248 501 1260 514 ))

1248 604 1260 618 ))

1248 656 1261 671 ))

1249 710 1261 723 1)

1250 762 1262 776 ))

1250 815 1262 829 i>

1250 868 1263 881 )>

2194 218 2248 249 173

1284 281 1514 320 chiepiscopus
1531 287 1561 312 et
1581 283 1833 313 archidiaconus
1858 288 1924 313 tam
1946 293 2004 322 per
2022 294 2056 314 se
2073 294 2172 323 quam
2191 295 2249 324 per

1284 334 1440 364 officiales
1463 344 1540 364 suos
1560 339 1591 365 et
1611 340 1750 374 uterque
1773 336 1921 373 ipsorum
1942 337 1977 365 in
2000 337 2141 366 solidum
2163 338 2250 368 bona

1284 385 1355 422 ipsa
1372 386 1532 423 percipiat
1551 390 1581 416 et
1598 387 1777 421 custodiat,
1800 391 1830 416 et
1853 388 1909 425 qui
1925 388 2017 425 prius
2034 398 2071 418 ea
2089 390 2250 427 receperit

1284 436 1341 466 illa
1357 437 1428 475 ipsa
1445 439 1608 467 custodiat
1627 443 1657 468 et
1674 439 1712 468 de
1729 439 1777 468 eis
1796 439 1936 473 ordinet,
1957 446 2051 477 prout
2068 442 2250 471 secundum

1285 490 1391 518 Deum
1407 490 1525 519 viderit
1543 491 1706 528 expedire,

1288 553 1299 566 ›>
1320 542 1424 579 Super
1435 542 1645 580 perceptione
1660 552 1736 572 vero
1751 547 1781 572 et
1796 543 1945 573 custodia
1957 550 2175 581 proventuum
2189 546 2250 576 cle-

1285 593 1429 622 ricorum
1446 594 1590 623 civitatis
1605 598 1635 623 ct
1650 594 1936 625 archidiaconatus
1955 597 2179 633 Hemensium,
2194 599 2251 636 qui

1287 646 1326 674 ad
1342 646 1535 675 mandatum
1553 647 1794 684 archiepiscopi
1810 647 1861 676 vel
1875 648 2099 677 archidiaconi
2114 660 2172 679 seu
2185 651 2251 680 offi-

1288 698 1422 727 cialium
1444 699 1623 728 eorundem
1650 699 1690 728 ad
1711 699 1844 729 ordines
1868 701 2051 737 promcweri
2071 711 2197 732 necnon
2221 707 2252 732 et

1285 755 1450 780 rectorum
1462 751 1564 788 quiin
1577 751 1727 781 ecelesiis
1740 752 1809 781 suis
1819 752 2035 782 residentiam
2046 755 2253 791 personalem

1288 804 1397 833 facere
1413 803 1597 838 renuerint,
1616 804 1806 833 ordinatum
1824 809 1872 833 est
1886 805 1972 842 quod
1986 806 2252 844 archiepiscopus

1289 859 1319 885 et
1338 855 1591 885 archidiaconus
1608 859 1674 884 tam
1690 865 1748 893 per
1768 865 1801 885 se
1819 865 1917 894 quam
1933 866 1990 894 per
2004 858 2160 887 officiales
2177 867 2253 888 suos

1288 912 1319 938 et
1346 912 1485 946 uterque
1508 909 1656 946 ipsorum
1679 909 1714 937 in
1740 909 1882 938 solidum
1906 914 2083 947 proventus
2107 911 2254 948 ipsorum

1286 961 1447 999 percipiat
1471 965 1501 991 ct
1525 961 1702 996 custodiat,
1731 961 1796 991 nisi
1822 962 1934 991 forsan
1960 963 2083 992 eisdem
2105 963 2252 1000 clericis,

1291 1014 1377 1052 quod
1393 1014 1433 1043 ad
1447 1014 1580 1043 ordines
1594 1014 1779 1052 promoveri
1796 1018 1825 1044 et
1840 1015 2023 1045 rectoribus
2038 1016 2125 1054 quod
2136 1017 2171 1045 in
2185 1017 2255 1047 suis

1290 1066 1436 1095 residere
1470 1066 1619 1096 ecclesiis
1652 1067 1789 1096 minime
1825 1070 2034 1103 tenerentur,
2069 1069 2256 1106 specialiter

1290 1122 1375 1151 soret
1393 1121 1433 1150 ad
1449 1126 1577 1159 tempus
1593 1121 1632 1150 ah
1648 1121 1896 1160 archiepiscopo
1913 1122 1983 1160 ipso
1997 1132 2208 1159 concessum;
2227 1129 2257 1154 et

1292 1174 1348 1212 qui
1371 1174 1463 1212 prius
1487 1178 1665 1211 proventus
1688 1174 1777 1211 ipsos
1802 1175 1977 1212 receperit,
2003 1176 2165 1206 custodiat
2186 1176 2256 1214 ipse

1291 1227 1378 1256 illos.
1402 1226 1670 1256 Emolumentum
1692 1232 1801 1256 autem
1825 1227 1854 1257 si
1877 1228 1963 1265 quod
1985 1237 2022 1258 ex
2047 1229 2121 1258 istis
2144 1229 2185 1258 ad
2205 1239 2258 1259 ar-

1292 1279 1539 1317 ehiepiscopum
1556 1279 1607 1309 vel
1629 1279 1914 1313 archidiaconum,
1937 1290 1995 1310 seu
2019 1281 2121 1310 alium
2144 1291 2257 1311 eorum

1292 1332 1425 1362 nomine
1442 1332 1624 1367 obvenerit,
1643 1332 1731 1361 inter
1746 1332 1835 1370 ipsos
1854 1333 2139 1371 archiepiscopum
2158 1338 2189 1364 01
2205 1344 2258 1364 ar-

1291 1385 1523 1415 chidiaconum
1539 1394 1597 1422 per
1612 1385 1758 1414 medium
1774 1385 1915 1415 fideliter
1931 1386 2107 1416 dividatur.

1294 1450 1306 1464 n
1331 1439 1378 1468 De
1389 1437 1573 1467 rectoribus
1588 1446 1663 1467 vero
1676 1442 1706 1467 et
1718 1438 1910 1468 custodibus
1921 1439 2083 1476 ponendis
2096 1440 2255 1470 1101111511-

1293 1490 1423 1520 tuendis
1441 1495 1472 1520 et
1488 1490 1679 1520 amovendis
1695 1490 1730 1519 in
1744 1491 1896 1520 domibus
1912 1491 2117 1529 leprosorum
2133 1497 2164 1522 et
2179 1493 2255 1524 aliis

1292 1552 1355 1581 que
1368 1544 1492 1572 Domus
1506 1542 1566 1572 Dei
1581 1546 1740 1572 vocantur
1750 1543 1785 1571 in
1798 1543 1931 1573 civitate
1943 1547 1974 1573 et
1986 1544 2257 1576 archidiaconatu

1292 1596 1532 1629 Remensihus,
1553 1596 1743 1625 ordinatum
1763 1600 1812 1625 est
1831 1597 1917 1634 quod
1938 1597 2206 1637 archiepiscopus
2226 1604 2258 1630 et

1293 1648 1546 1678 archidiaconus
1561 1651 1627 1677 tam
1642 1657 1700 1686 per
1714 1657 1748 1678 se
1763 1657 1861 1686 quam
1874 1657 1932 1686 per
1945 1650 2102 1680 officiales
2116 1660 2193 1681 suos
2206 1652 2259 1682 vel

1293 1701 1376 1731 alios
1399 1701 1499 1731 simul
1523 1701 1691 1730 communi
1716 1710 1880 1731 consensu
1902 1702 2081 1732 instituant
2101 1708 2132 1733 et
2157 1704 2259 1734 desti-

1293 1758 1387 1784 tuant
1400 1758 1544 1784 rectores
1559 1758 1589 1783 et
1601 1754 1753 1783 custodes
1765 1754 1908 1784 eosdem.
1921 1755 2117 1793 Corrigendi
2129 1766 2259 1796 quoque

1294 1815 1330 1836 ac
1346 1806 1549 1836 reformandi
1566 1806 1782 1836 ecclesiarum
1798 1807 2057 1845 parrochialium
2075 1813 2197 1838 statum
2213 1810 2260 1840 ci-

1293 1859 1406 1889 vitatis
1419 1863 1453 1888 et
1470 1859 1759 1889 archidiaconatus
1773 1860 2001 1896 Remensium,
2019 1870 2148 1891 necnon
2164 1866 2195 1892 et
2207 1871 2260 1900 po-

1294 1912 1395 1941 nendi
1412 1912 1618 1951 coadjutores
1635 1916 1665 1942 et
1682 1912 1834 1942 custodes
1850 1912 1885 1941 in
1901 1912 1984 1951 ipsis
2001 1913 2151 1944 ecclesiis
2163 1924 2261 1953 prop-

1294 1969 1343 1994 ter
1360 1969 1526 1994 rectorum
1547 1964 1678 2002 culpas,
1700 1964 1958 1995 insufficientias
1977 1965 2028 1995 vel
2048 1966 2207 2002 defectus,
2232 1972 2262 1997 et

1296 2017 1565 2056 archiepiscopus
1580 2021 1610 2047 et
1625 2017 1879 2056 archidiaconus
1893 2021 1959 2047 tam
1974 2028 2032 2056 per
2046 2028 2080 2049 se
2095 2026 2194 2057 quam
2204 2029 2263 2058 per

1295 2069 1453 2099 officiales
1473 2078 1550 2099 suos
1572 2079 1631 2099 seu
1651 2069 1733 2099 alios
1757 2069 1879 2108 quibus
1900 2070 1962 2100 hoc
1985 2071 2212 2101 commiserint
2233 2076 2263 2102 et

1296 2127 1435 2161 uterque
1450 2123 1598 2161 ipsorum
1614 2123 1648 2151 in
1661 2122 1803 2152 solidum
1819 2123 1959 2153 liberam
1970 2123 2113 2153 habeant
2126 2124 2261 2154 faculta-

1296 2181 1371 2211 tem,
1391 2176 1436 2206 ita
1453 2176 1539 2214 (piod
1558 2176 1615 2214 qui
1631 2176 1723 2213 prius
1739 2175 1800 2205 hec
1816 2176 1867 2206 vel
1883 2176 2017 2215 aliquod
2031 2177 2150 2207 horum
2166 2187 2262 2216 agere

1297 2229 1431 2267 ceperit,
1443 2228 1499 2257 ille
1512 2232 1647 2266 peragat
1661 2232 1691 2257 et
1702 2228 1955 2266 perficiatprout
1967 2229 2149 2259 secundum
2158 2231 2265 2260 Deum

1297 2282 1417 2311 viderit
1435 2281 1641 2316 faciendum3
1660 2285 1691 2310 et
1712 2281 1740 2310 si
1761 2281 1841 2319 quid
1858 2281 2073 2311 emolumenti
2089 2282 2196 2312 eidem
2212 2292 2265 2312 ar-

1298 2333 1497 2368 chidiaconi,
1511 2333 1562 2363 vel
1579 2333 1636 2362 alii
1652 2333 1786 2362 nomine
1803 2341 1861 2362 suo
1878 2333 1995 2363 exinde
2010 2334 2193 2370 obvenerit,
2212 2335 2264 2364 in-

1299 2391 1349 2416 ter
1368 2387 1458 2424 ipsos
1480 2385 1764 2424 archiepiscopum
1785 2389 1816 2415 et
1837 2386 2107 2416 archidiaconum
2125 2387 2267 2418 fideliter

1300 2443 1331 2469 et
1352 2438 1514 2478 equaliter
1534 2438 1712 2468 dividatur.
1731 2438 1766 2468 Si
1784 2447 1861 2468 vero
1875 2439 1914 2468 de
1932 2439 1985 2469 1115
2003 2439 2130 2478 aliquid
2149 2449 2266 2478 prove-

1300 2492 1386 2522 nerit
1415 2492 1449 2521 in
1480 2491 1573 2521 curia.
1598 2491 1849 2529 archiepiscopi,
1879 2491 2132 2522 archidiaconus
2162 2493 2267 2523 nichil

1300 2545 1417 2575 exinde
1431 2544 1591 2582 percipiat
1605 2544 1674 2574 sive
1691 2548 1811 2573 sumat.
1826 2545 1893 2574 Hec
1905 2548 2015 2574 autem
2029 2545 2148 2574 divisio
2160 2546 2267 2584 quoad

1300 2597 1451 2626 vixeritis
1476 2600 1603 2626 tantum
1628 2596 1700 2631 fiat,
1725 2596 1965 2634 archiepiscopi
1988 2600 2019 2626 et
2041 2597 2267 2627 archidiaconi

1300 2649 1358 2688 qui
1377 2649 1501 2679 suerint
1516 2649 1550 2678 in
1569 2653 1736 2687 posterum
1750 2658 1848 2687 super
1863 2649 2021 2687 predictis
2038 2650 2182 2680 totaliter
2193 2651 2268 2689 J'ure

1300 2702 1402 2732 salvo.

1304 2768 1315 2781 »
1342 2755 1447 2792 Super
1471 2754 1716 2784 examinatione
1740 2763 1817 2784 vero
1840 2754 2036 2784 clericorum
2063 2755 2268 2785 archidiaco-

1302 2811 1399 2836 natus
1413 2806 1589 2836 Remensis
1606 2806 1903 2844 promovendorum
1919 2807 1959 2836 ad
1975 2807 2118 2841 ordines,
2135 2807 2269 2837 ordina-

1303 2864 1371 2889 tum
1389 2863 1438 2889 est
1455 2863 1490 2888 ut
1510 2859 1714 2889 ordinandus
1732 2859 1838 2897 primo
1854 2869 1912 2898 per
1929 2859 2198 2889 archidiaconum
2218 2860 2269 2890 vel
