2498 3325
281 300 338 331 338

282 367 337 392 riae
354 365 421 395 dux,
440 365 474 391 ad
491 365 664 399 expiandum
678 365 814 392 delictum
828 375 843 391 a
858 365 996 399 noteziao,
1009 366 1152 400 quondam
1168 365 1289 392 Potono-

282 424 342 441 runi
362 423 443 447 rege,
466 415 492 440 in
515 414 690 448 praeclarum
714 418 866 449 martyrem
885 418 911 440 ct
930 415 1092 448 pontificem
1115 414 1288 440 Stanizlaum

280 463 469 489 commissum
483 467 510 487 ct
529 471 577 495 pro
595 462 720 488 remedio
737 462 848 488 animae
866 463 955 497 patris
971 463 1015 489 sui
1031 463 1114 489 ducis
1130 462 1288 493 Leztconis,

282 510 380 536 matris
396 518 464 536 suae
481 510 615 536 ducissae
631 510 819 536 Grimizlavac
835 514 861 536 et
878 512 1022 537 consortis
1038 519 1107 537 suae
1120 511 1290 545 Cungundis

281 560 353 586 filiae
370 559 446 592 regis
464 558 683 591 Hungarorum,
701 560 836 590 contulit,
863 560 968 586 inserto
984 561 1184 587 concessionis
1202 561 1291 594 hujus

281 609 482 634 instrumento.
500 609 524 634 (a
555 607 658 633 Datum
687 609 714 634 in
738 608 875 634 Ct'ficovia
900 630 916 635 ..
939 617 1013 635 anno
1037 609 1070 634 ab
1097 609 1290 635 incarnatione

284 656 397 683 Domini
414 655 576 687 MoccoLv,
590 656 745 682 indictione
761 656 841 689 XIII,
858 656 912 682 XV
927 657 1060 683 kalendas
1073 657 1160 691 junii,
1175 661 1201 683 et
1215 660 1291 691 post—

282 705 396 732 modum
413 705 613 730 confirmatum
631 708 659 730 et
681 705 856 739 publicatum
876 706 903 731 in
928 706 1071 740 colloquio
1096 705 1192 732 habito
1215 705 1291 740 apud

281 753 443 779 Bansonam
459 753 558 779 eodem
576 761 650 779 anno
668 752 795 787 Domini,
811 755 894 780 nonis
905 754 1090 788 septembris.
1109 755 1135 786 ι»)
1150 753 1233 786 (Rae.
1245 753 1290 788 24,

280 803 299 828 s.
320 802 379 832 141,
396 810 462 827 ann.
481 800 523 833 ΙΙ,
541 809 566 827 0.
588 800 955 834 109³;P01·Tffl=-T16201.)

325 929 336 942 ι(
361 917 501 954 Capitulo
521 916 725 945 Gracoviensi.
745 916 851 946 ι105115
873 916 1056 954 petentium
1078 920 1139 946 ete.
1159 924 1265 955 usque
1284 926 1290 945 :

284 968 447 1006 complere
472 985 520 997 —.
546 968 618 997 Dat.
647 968 818 1003 Laterani,
843 969 909 998 XII
933 968 1093 999 kalendas
1117 968 1291 1004 februarii,

283 1030 369 1051 anno
388 1021 543 1051 secundo.
565 1033 576 1047 »

356 1225 470 1252 1131

321 1286 482 1319 [Boieztao]‚
499 1286 565 1312 duci
581 1285 749 1318 cracoviae,
771 1286 931 1319 gratulatur
946 1285 981 1312 de
997 1286 1177 1312 libertatibus
1194 1290 1222 1312 01
1238 1287 1291 1313 im<

281 1334 480 1367 munitassbus,
497 1334 602 1368 quibus
617 1333 839 1360 cracoviensem
859 1334 1012 1360 ecclesiam
1028 1334 1190 1367 decoravit,
1207 1335 1291 1369 eique

282 1382 426 1417 significat
442 1390 473 1408 se
489 1382 551 1408 illas
567 1382 764 1411 confirmasse,
784 1391 796 1406 α
813 1382 869 1408 11115
886 1382 1034 1408 dumtaxat
1050 1383 1167 1409 omissis
1183 1384 1290 1409 articu-

282 1431 316 1457 lis
327 1432 377 1464 qui
393 1430 514 1457 libertati
525 1430 722 1457 ecclesiastice
734 1430 859 1457 obviant.
875 1441 886 1454 n
900 1430 984 1463 (Rue.
997 1430 1040 1463 24,
1055 1430 1072 1456 s.
1088 1430 1161 1462 140¹st
1173 1439 1238 1457 ann.
1252 1430 1289 1465 11,

281 1487 306 1505 c.
326 1478 404 1507 109¹:
423 1478 569 1506 POTTHAST
587 1478 695 1510 1050.)

841 1224 954 1258 Latran,
974 1224 1004 1250 1⁶2
1020 1225 1124 1251 sevriet·
1140 1225 1217 1252 1255.

324 1606 336 1619 <c
359 1594 459 1622 Nobili
479 1594 547 1622 viro
567 1593 638 1622 duci
660 1594 813 1622 Cracovie.
835 1592 927 1622 Sicut
944 1592 1029 1622 bone
1045 1593 1132 1624 fame
1149 1611 1196 1622 —.
1215 1594 1286 1624 Dat.

283 1646 450 1681 Laterani,
470 1646 501 1676 II
517 1645 592 1675 idus
609 1645 782 1680 februarii,
801 1654 888 1674 anno
906 1646 1061 1676 secundo.
1083 1658 1094 1672 n

357 1851 475 1879 ¹¹32

318 1911 472 1937 Universis
489 1910 594 1937 Christi
611 1911 744 1937 fidelibus
759 1912 910 1937 ecclesiam
928 1912 955 1937 b.
973 1911 1138 1944 Stanizlaui,
1152 1912 1186 1937 ab
1204 1911 1292 1938 Inno-

862 1850 975 1881 Latran,
989 1851 1005 1877 9
1020 1851 1124 1876 sevrier
1142 1851 1218 1877 1256.

283 1960 378 1986 centio
396 1968 467 1994 papa
487 1960 709 1994 praedecessore
725 1963 892 1986 sanctorum
909 1961 1027 1994 ascripti
1043 1960 1186 1994 catalogo,
1203 1961 1230 1987 in
1247 1961 1292 1986 die

283 2011 311 2033 et
326 2008 399 2033 infra
414 2011 531 2034 octavas
547 2008 743 2034 translationis
765 2008 896 2041 ejusdem
921 2008 1012 2034 sancti
1034 2008 1228 2041 visitantibus,
1247 2010 1292 2035 in-

283 2056 458 2090 dulgentiam
484 2055 536 2081 XL
560 2055 672 2082 dicrum
695 2056 837 2082 concedit.
862 2055 943 2085 (Rso.
969 2056 1018 2089 24,
1040 2056 1059 2083 s.
1086 2057 1290 2089 141,ann.11,

282 2113 308 2131 c.
329 2104 404 2137 109⁵;
425 2104 570 2130 Po'r'rnAST
588 2104 695 2136 16242.)

325 2231 337 2244 «
359 2219 382 2247 U
384 2220 513 2248 niver-sis
527 2219 642 2248 Christi
653 2220 792 2256 fidelibus
802 2225 952 2257 presentes
966 2221 1082 2249 litteras
1098 2222 1291 2258 inspecturis.

284 2271 374 2301 Licet
397 2271 426 2301 is
447 2271 485 2301 de
504 2289 550 2300 —.
578 2273 650 2301 Dat.
675 2272 842 2307 Laterani,
864 2273 892 2301 V
913 2272 986 2302 idus
1010 2273 1186 2307 februarii,
1206 2282 1292 2303 anno

284 2323 439 2353 secundo.
461 2335 473 2350 »

358 2521 475 2549 1133

319 2582 445 2614 Eisdem,
465 2583 578 2609 aliunde
594 2592 679 2618 quam
696 2584 730 2610 de
746 2585 861 2612 civitate
873 2586 917 2612 vel
928 2586 1036 2612 diocesi
1050 2586 1292 2614 Cracoviensibus

283 2631 316 2657 ad
334 2632 476 2658 tumulum
492 2640 516 2658 s.
535 2632 690 2659 Stanizlaui
712 2633 930 2665 accedentibus,
950 2636 1128 2662 veneraturis
1148 2637 1213 2670 ejus
1228 2645 1289 2662 me-

284 2680 336 2706 rita
352 2684 379 2706 01
396 2679 496 2706 devote
520 2681 613 2715 ipsius
634 2681 769 2716 suffragia
787 2683 933 2716 petituris,
953 2683 1157 2718 indulgentiam
1175 2690 1291 2712 eentum

284 2728 392 2754 dierum
416 2729 563 2763 elargitur.
589 2728 671 2763 (Rae.
694 2730 743 2763 ⁶24,
768 2731 785 2757 f.
812 2731 874 2764 141,
901 2740 967 2758 ann.
990 2731 1032 2764 II,
1059 2741 1084 2760 0.
1110 2733 1190 2764 109⁶;
1218 2733 1291 2761 Por-

283 2785 369 2802 ‘rflas’r
389 2776 494 2810 16162.)

850 2524 962 2555 Latran,
981 2525 995 2551 3
1013 2526 1123 2560 janvier
1142 2526 1219 2553 1256.

326 2902 337 2916 (ι
360 2891 488 2919 Eisdem,
513 2891 603 2921 Licet
622 2892 650 2921 is
674 2896 735 2922 etc.
757 2910 805 2921 —.
830 2894 900 2923 Dat.
925 2894 1095 2929 Laterani,
1116 2897 1165 2926 III
1187 2906 1290 2927 nonas

281 2942 439 2980 januarii,
458 2952 544 2973 anno
561 2945 716 2973 secundo,
737 2957 748 2970 n

1008 300 1246 331 REGISTRES
1269 300 1576 330 D’ALEXANDRE
1601 303 1655 332 IV.

1447 367 1465 394 1
1477 367 1562 395 134
1902 369 2014 400 Lau-an.
2032 370 2045 396 ‘1
2063 370 2215 396 decembre
2232 370 2308 397 1255.

1408 429 1528 461 Jacobo,
1547 431 1723 464 patriarchae
1737 431 1996 466 Jerosolymitano,
2013 433 2187 466 apostolicae
2202 431 2286 459 Sedis
2301 433 2381 467 lega-

1373 479 1478 504 tionem
1492 479 1518 505 in
1530 479 1616 505 Terra
1627 480 1732 506 Sancta
1743 480 1864 508 confert.
1881 480 1912 510 (1³
1921 481 2016 514 so.‘24,
2030 481 2048 507 1“.
2065 481 2123 514 141,
2135 490 2202 507 ann.
2218 480 2256 514 ΙΙ,
2268 489 2294 508 0.
2310 481 2381 514 110.)

1416 593 1427 606 ιι
1448 582 1566 615 Jacobo,
1584 583 1763 619 patriarche
1777 583 2039 616 Jerosolimitano,
2059 583 2219 620 apostolice
2237 582 2321 611 Sedis
2338 583 2381 611 lc-

1373 639 1452 670 ῃαιο.
1476 633 1526 663 Ad
1549 638 1670 663 statum
1695 635 1794 664 Terre
1821 635 1939 665 Sancte
1964 635 2081 665 intime
2104 634 2382 664 considerationis

1374 685 1479 715 aciem
1493 685 1685 721 dirigentes,
1700 695 1736 716 eo
1748 687 1973 725 propensioris
1988 686 2160 725 vigilantie
2171 687 2281 717 studio
2294 687 2381 717 circa

1374 737 1479 776 ipsius
1497 738 1663 776 profectus
1680 739 1852 769 intendere
1869 739 2028 775 cogimur,
2044 748 2108 778 quo
2122 748 2193 769 eam
2210 739 2287 769 fidei
2303 748 2381 770 nos-

1374 795 1422 820 tre
1450 795 1592 820 actorem
1620 791 1715 821 donis
1741 791 2032 821 excellentioribus
2057 791 2261 821 dinoscimus
2285 791 2382 822 deco-

1374 852 1477 873 rasse.
1493 843 1576 874 Cum
1593 844 1682 873 enim
1699 844 1807 882 operis
1825 844 2029 874 exhibitione
2045 845 2167 874 mentis
2183 844 2314 875 affectio
2329 844 2382 874 de-

1375 896 1536 933 signetur,
1556 905 1620 926 non
1636 901 1684 926 est
1701 896 1838 926 dubium
1855 897 1936 936 quin
1951 896 1991 927 ad
2004 906 2087 932 eam,
2107 906 2206 936 quam
2222 897 2274 927 sui
2290 900 2382 927 ortus

1373 949 1445 987 ipse
1461 949 1628 987 presentia
1646 949 1827 979 illustravit
1843 949 2012 988 variisque
2027 949 2263 980 miraculorum
2276 949 2383 988 insig-

1375 1001 1459 1031 nivit
1471 1001 1642 1039 prodigiis,
1656 1002 1884 1032 exuberaverit
1894 1002 1999 1032 nostri
2009 1002 2142 1032 dilectio
2152 1001 2381 1040 redemptoris.

1375 1054 1414 1084 Et
1435 1054 1568 1092 quidem
1589 1054 1649 1084 hec
1671 1059 1719 1083 est
1740 1054 1797 1084 illa
1819 1059 1921 1090 terra,
1940 1064 2039 1093 quam
2057 1064 2075 1084 a
2093 1054 2243 1093 patribus
2260 1054 2383 1084 nostris

1374 1106 1577 1137 hereditario
1596 1107 1670 1146 jure
1694 1107 1856 1145 possideri
1879 1107 2023 1138 decrevit
2045 1111 2075 1137 et
2098 1107 2136 1137 de
2157 1116 2219 1146 qua
2240 1106 2383 1145 gloriosa

1374 1158 1461 1188 dicta
1478 1163 1555 1188 50111
1570 1158 1730 1189 hactenus
1747 1169 1765 1188 a
1781 1158 1961 1197 prophetis.
1977 1160 2015 1189 Et
2032 1159 2166 1198 quidem
2182 1159 2243 1190 hec
2261 1162 2311 1189 est
2326 1158 2384 1189 illa

1375 1216 1473 1242 terra.
1491 1211 1549 1241 ubi
1565 1212 1641 1241 fidei
1656 1217 1766 1242 nostre
1784 1212 1927 1250 primum
1939 1213 2038 1251 jubar
2051 1213 2175 1243 effulsit
2193 1217 2223 1243 et
2239 1212 2297 1242 ubi
2311 1221 2383 1243 nos-

1375 1268 1422 1293 tre
1438 1263 1555 1293 salutis
1570 1264 1715 1294 remedia
1732 1265 1887 1302 primitus
1901 1269 1978 1295 sunt
1992 1270 2136 1303 peracta.
2152 1265 2258 1303 Digne
2271 1265 2383 1304 itaque

1373 1316 1480 1354 ipsius
1499 1315 1658 1353 exemplo,
1679 1317 1773 1355 cujus
1791 1316 1868 1347 licet
1888 1317 2048 1347 immeriti
2070 1317 2188 1348 vicarii
2211 1326 2326 1348 sumus
2347 1317 2384 1346 in

1374 1368 1483 1402 terris,
1500 1368 1631 1406 plenius
1643 1369 1814 1399 informati
1833 1373 1863 1398 et
1880 1369 2072 1407 magisterio
2089 1369 2222 1404 eruditi,
2238 1368 2384 1399 adiutus

1373 1422 1473 1451 Terre
1487 1421 1771 1451 conservationem
1788 1426 1818 1451 et
1832 1421 1932 1451 robur
1947 1431 2046 1460 quam
2060 1422 2148 1452 idem
2164 1421 2318 1452 dominus
2333 1421 2381 1452 sic

1373 1474 1541 1512 insignem
1560 1474 1713 1508 reddidit,
1735 1474 1782 1504 510
1798 1473 1910 1504 dilexit
1928 1474 2133 1504 intendimus
2150 1478 2181 1504 et
2197 1474 2237 1504 ad
2252 1473 2296 1506 id.
2311 1473 2382 1513 ple-

1373 1527 1486 1565 risque
1501 1526 1576 1556 aliis
1591 1526 1874 1556 sollicitudinibus
1889 1526 2122 1565 pretermissis,
2135 1535 2213 1557 cura
2227 1535 2286 1557 nos
2296 1535 2382 1556 amo-

1374 1583 1429 1609 net
1444 1583 1474 1609 et
1491 1579 1647 1608 sollicitat
1660 1578 1848 1617 pastoralis.
1863 1580 1987 1609 Verum
2000 1579 2079 1617 quia
2094 1588 2159 1609 non
2174 1587 2382 1618 quacumque

1374 1632 1554 1662 auctoritas
1571 1632 1663 1661 vobis
1681 1631 1858 1661 commissa
1874 1631 2082 1670 protenditur
2098 1631 2167 1661 illic
2183 1639 2255 1662 esse
2270 1640 2384 1670 possu-

1373 1694 1447 1714 mus
1462 1685 1628 1723 presentia
1641 1684 1813 1722 corporali,
1828 1684 1921 1713 illius
1934 1684 2082 1722 exemplo
2096 1684 2213 1719 edocti,
2225 1684 2282 1723 qui
2296 1684 2383 1715 exis-

1373 1742 1447 1768 tens
1471 1738 1594 1776 ubique
1621 1741 1733 1775 utpote
1757 1737 2119 1775 incircumscriptibilis
2144 1741 2175 1768 et
2198 1737 2382 1768 immensus

1375 1790 1510 1829 angelos
1533 1799 1610 1820 suos
1629 1790 1708 1820 facit
1729 1790 1866 1828 spiritus
1890 1794 1920 1820 et
1940 1790 2124 1825 ministros,
2145 1790 2201 1829 qui
2220 1789 2382 1820 inclinata

1375 1843 1519 1873 celorum
1537 1842 1712 1873 altitudine
1728 1847 1764 1872 ut
1779 1842 1948 1872 hominem
1968 1842 2144 1872 redimeret
2160 1842 2268 1872 factus
2283 1841 2382 1872 homo

1375 1895 1555 1934 discipulos
1584 1904 1665 1934 quos
1693 1895 1792 1932 elegit
1820 1895 1853 1924 in
1881 1895 2075 1924 universum
2103 1894 2262 1924 mundum
2289 1894 2383 1924 misit

1375 1948 1585 1985 evangelium
1608 1947 1793 1985 predicare,
1817 1947 1895 1976 dum
1921 1956 2056 1977 necesse
2083 1947 2244 1977 habemus
2272 1946 2382 1977 levare

1374 2000 1486 2029 oculos
1506 2000 1539 2029 in
1561 2000 1703 2029 circuitu
1723 2004 1753 2029 et
1775 1999 1984 2029 considerare
2005 1999 2090 2029 filios
2111 2004 2234 2029 terram
2249 1998 2384 2030 inhahi-

1374 2057 1483 2082 tantes
1496 2052 1644 2087 eandem,
1664 2061 1722 2081 nec
1740 2061 1794 2081 eos
1810 2061 1986 2090 possumus
1999 2051 2219 2090 personaliter
2233 2052 2380 2087 visitare,

1376 2110 1583 2136 accrescente
1603 2106 1722 2135 affectu
1741 2105 1827 2144 quod
1845 2105 1992 2143 aspectui
2013 2105 2210 2143 denegatur,
2227 2113 2286 2143 per
2301 2105 2384 2135 alios

1376 2159 1414 2188 de
1433 2159 1555 2197 quibus
1571 2158 1790 2187 indubitatam
1811 2158 1966 2187 fiduciam
1983 2157 2130 2195 gerimus
2146 2156 2221 2188 illos
2238 2157 2279 2187 ad
2294 2157 2384 2188 salu-

1377 2215 1442 2242 tem
1465 2210 1595 2241 erudire
1621 2210 1764 2240 seientes
1789 2210 1979 2249 hujusmodi
2007 2209 2268 2240 sollicitudinem
2295 2218 2385 2240 com-

1375 2263 1531 2302 pellimur
1547 2272 1698 2293 exercere
1719 2273 1724 2291 :
1743 2267 1874 2301 propter
1893 2262 1979 2301 quod
2000 2262 2059 2292 tibi
2079 2271 2177 2301 quem
2195 2271 2308 2292 carum
2323 2262 2384 2292 ha-

1374 2318 1502 2353 bemus,
1521 2322 1653 2347 tuorum
1676 2317 1841 2355 exigentia
1864 2317 2070 2352 meritorum,
2088 2317 2184 2355 plene
2205 2316 2384 2355 legationis

1375 2370 1520 2400 officium
1541 2375 1606 2399 tam
1629 2370 1664 2399 in
1685 2370 1855 2408 provincia
1874 2369 2146 2400 ,ierosolimitana
2164 2378 2263 2408 quam
2283 2369 2384 2399 etiam

1374 2424 1410 2453 in
1433 2423 1580 2453 exercitu
1603 2423 1797 2457 christiano,
1815 2422 2017 2461 ubicumque
2033 2431 2091 2460 pro
2112 2421 2262 2452 subsidio
2283 2422 2382 2452 Terre

1376 2477 1495 2507 Sancte
1511 2476 1545 2504 in
1564 2475 1650 2504 dicta
1666 2475 1836 2513 provincia
1852 2474 1968 2509 fueris,
1986 2474 2025 2504 de
2039 2475 2179 2504 fratrum
2194 2478 2382 2504 nostrorum

1375 2529 1514 2559 consilio
1539 2529 1694 2558 duximus
1717 2527 2003 2563 committendum,
2029 2527 2158 2557 firmam
2184 2535 2275 2565 spem
2297 2526 2382 2556 fidu-

1375 2583 1525 2621 ciamque
1540 2586 1690 2611 tenentes
1707 2585 1752 2610 ut.
1771 2589 1844 2609 cum
1859 2588 1988 2617 semper
2003 2578 2158 2609 dilexeris
2168 2579 2335 2618 justitiam
2351 2583 2382 2609 et

1374 2634 1587 2673 iniquitatem
1600 2633 1722 2663 odieris
1738 2633 1864 2672 tibique
1878 2637 1988 2671 presto
2000 2633 2041 2662 sit
2055 2632 2216 2662 indicium
2228 2632 2379 2667 rationis,

1374 2692 1463 2718 recta
1481 2696 1575 2724 reges
1594 2691 1624 2717 01
1640 2687 1764 2725 diriges
1782 2686 1944 2716 indirecta
1961 2694 2142 2725 asperaque
2159 2689 2329 2716 convertes
2345 2685 2380 2715 in

1374 2740 1483 2779 plana.
1502 2740 1663 2776 Quocirca
1684 2739 1885 2769 fraternitati
1907 2743 1961 2768 tue
1983 2748 2040 2777 per
2059 2738 2239 2776 apostolica
2259 2738 2381 2777 scripta

1374 2792 1569 2822 mandamus
1587 2792 1745 2830 quatinus
1762 2791 1952 2830 hujusmodi
1966 2800 2049 2821 onus
2063 2795 2211 2829 prompta
2223 2795 2254 2821 et
2265 2791 2381 2821 devota

1374 2849 1484 2875 mente
1506 2844 1704 2882 suscipiens,
1722 2844 1815 2878 illud,
1834 2844 1872 2873 de
1894 2843 2005 2872 divina
2024 2843 2129 2880 gratia
2151 2847 2181 2873 et
2201 2842 2380 2881 apostolica

1375 2897 1569 2927 auctoritate
1584 2897 1739 2930 rontisus,
1756 2895 1933 2933 diligenter
1947 2903 1983 2924 ac
2000 2895 2176 2924 efficaciter
2189 2895 2377 2934 exequaris3

1375 2950 1421 2979 ita
1433 2949 1519 2988 quod
1533 2958 1568 2978 ex
1585 2949 1643 2978 hoc
1657 2948 1808 2986 acquiras
1824 2947 1987 2985 premium
2001 2946 2230 2985 Redeinptoris
2241 2946 2380 2985 predicti
