2498 3325
980 225 1204 264 PREMIERE
1225 226 1384 264 ANNEE.
2172 241 2228 270 271

135 301 353 328 distractionem
376 303 424 327 aut
452 300 646 327 venditionem
674 300 813 326 bonorum
838 301 965 335 ipsarum
991 302 1141 334 praetextu

135 350 287 384 cujusdam
304 357 406 384 pravae
421 348 652 376 consuetudinis.
668 348 751 382 (Rae.
767 348 811 380 ³24,
829 357 854 375 c.
872 348 944 381 734²,
963 349 982 375 f.
1001 348 1087 380 106'.)

178 463 190 478 α
215 451 346 480 Eisdem.
373 449 528 479 Exhibita
551 449 647 479 nobis
669 453 779 480 vestra
800 449 916 488 petitio
937 448 1138 483 continebat,

135 503 231 543 quod⁷
256 511 331 532 cum
354 510 430 540 sepe
453 502 622 540 contingat
646 506 682 531 ut
709 501 884 537 nonnulle,
913 501 1013 540 hujus
1037 500 1141 531 seculi

134 555 338 586 vanitatibus
357 554 533 589 abdicatis,
559 564 593 584 se
617 559 647 584 et
670 563 730 584 sua
751 555 787 584 in
804 554 1007 584 monasterio
1030 558 1140 584 vestro

132 607 265 639 Christo
293 607 442 637 dicantes
473 607 599 637 eisdem
624 606 711 636 bona
741 607 874 645 propria
904 607 1076 636 conferant
1104 607 1140 636 in

132 664 260 691 vestras
277 664 307 690 et
322 660 429 698 ipsius
445 659 640 689 monasterii
655 659 818 689 utilitates
834 663 991 698 perpetuo
1008 668 1140 689 conver-

132 713 242 747 tenda,
260 712 414 742 nonnulli
427 711 645 742 ecclesiastici
663 712 789 742 domini
808 716 838 741 et
857 712 957 742 etiam
973 711 1139 742 seculares

135 765 175 795 ad
188 764 451 799 distrahendum,
467 763 692 800 alienandum,
707 764 917 794 vendendum
929 768 959 794 et
971 768 1062 794 extra
1072 773 1139 794 ma-

133 827 196 848 nus
214 822 340 848 vestras
358 816 547 855 ponendum
564 817 651 846 bona
665 816 857 856 hujusmodi
874 826 892 846 a
907 821 1052 854 tempore
1068 826 1139 855 pos-

131 870 293 901 sessionis
311 878 368 908 per
390 878 447 899 vos
463 869 577 899 habite
592 869 815 908 predictorum
836 877 893 899 vos
910 869 998 899 infra
1014 878 1140 899 annum

132 923 348 961 compellunt,
376 926 527 961 pretextu
556 922 729 960 cujusdam
759 931 859 960 prave
887 921 1139 952 consuetudinis

132 985 195 1015 que
212 975 350 1005 dicenda
368 979 418 1005 est
433 975 542 1012 potius
559 974 755 1012 corruptela,
778 983 841 1013 que
859 978 955 1012 prout
978 975 1140 1004 asseritur

130 1029 167 1058 in
182 1027 250 1058 illis
266 1027 416 1066 partibus
431 1027 581 1057 inolevit.
596 1027 692 1058 Unde
707 1027 786 1066 quia
801 1028 993 1066 frequenter
1008 1031 1140 1065 propter

131 1080 323 1120 hujusmodi
343 1080 603 1115 distractionem,
623 1080 850 1110 venditionem
873 1080 942 1109 sive
965 1079 1140 1109 alienatio-

132 1142 209 1163 nem
225 1133 387 1162 dictorum
402 1133 565 1162 bonorum
580 1121 679 1171 quam
698 1133 807 1162 facere
823 1132 982 1170 cogimini
999 1132 1140 1170 dampna

133 1186 246 1224 gravia
265 1190 296 1216 et
315 1185 459 1215 maxima
475 1185 648 1215 incurritis
665 1185 873 1220 detrimenta,
897 1194 950 1215 res
975 1185 1140 1223 predictas

132 1243 264 1279 propter
279 1238 470 1277 hujusmodi
487 1238 644 1276 temporis
662 1237 858 1268 brevitatem
875 1247 931 1276 pro
952 1238 1055 1268 multo
1076 1239 1140 1268 mi-

135 1293 208 1323 nori
230 1301 329 1331 quam
351 1291 483 1322 valeant
504 1290 579 1321 aliis
600 1291 824 1326 concedendo,
851 1291 946 1321 nobis
967 1291 1140 1321 humiliter

135 1344 359 1384 supplicastis,
379 1347 414 1373 ut
429 1343 603 1382 providere
619 1343 712 1373 vobis
730 1352 828 1382 super
843 1343 905 1373 hoc
920 1348 1058 1382 paterna
1075 1345 1140 1374 sol-

132 1397 307 1428 licitudine
328 1405 532 1427 curaremus.
547 1396 705 1427 Volentes
727 1396 840 1435 itaque
868 1397 986 1427 vestris
1007 1401 1038 1427 et
1061 1398 1139 1428 dicti

132 1451 328 1481 monasterii
342 1450 640 1488 indempnitatibus
652 1459 838 1488 precavere,
852 1450 938 1489 quod
948 1451 1035 1481 bona
1046 1452 1139 1483 vobis

132 1509 161 1534 et
175 1504 260 1533 dicto
272 1502 473 1532 monasterio
485 1503 519 1531 in
532 1502 649 1532 collata
663 1502 737 1532 etin
749 1507 917 1540 posterum
927 1504 1137 1540 conferenda,

132 1557 254 1596 quibus
266 1556 314 1585 hii
327 1556 383 1594 qui
396 1565 433 1585 ea
444 1556 619 1585 conferunt
633 1555 773 1585 liberam
786 1556 983 1594 disponendi
995 1557 1140 1587 habeant

131 1609 182 1639 vel
199 1609 377 1638 habuerint
393 1608 585 1638 facultatem
601 1608 797 1643 distrahere,
814 1609 955 1639 vendere
973 1618 1032 1639 seu
1049 1614 1139 1639 extra

128 1671 265 1692 manum
277 1670 408 1700 ponere,
421 1660 572 1699 compelli
585 1660 625 1690 ab
637 1660 748 1699 aliquo
760 1661 897 1691 minime
907 1661 1056 1697 valeatis,
1069 1672 1138 1700 pre-

131 1715 217 1744 dicta
233 1714 473 1744 consuetudine
489 1722 554 1743 non
571 1713 733 1747 obstante,
750 1714 944 1744 auctoritate
962 1714 1054 1744 vobis
1068 1724 1138 1752 pre-

132 1768 278 1798 sentium
291 1766 514 1804 indulgemus.
530 1765 622 1795 Nulli
635 1770 695 1796 etc.
710 1770 820 1796 nostre
834 1767 1060 1797 concessionis
1075 1771 1137 1796 etc.

131 1822 205 1850 Dat.
226 1819 392 1853 Laterani,
410 1820 474 1849 VII
491 1818 651 1849 kalendas
668 1819 863 1855 decembris,
882 1829 968 1849 anno
985 1820 1102 1858 primo.
1124 1832 1136 1846 n

204 1991 292 2019 3¹3

171 2053 367 2087 infrascriptis
391 2052 519 2083 mandat,
543 2055 574 2078 ut
594 2053 712 2078 sormam
730 2052 809 2086 pacis
831 2053 902 2078 inter
922 2053 1056 2078 comitem
1078 2052 1142 2079 Ble-

661 1989 774 2023 Latran,
792 1990 806 2016 8
822 1989 973 2016 decembre
992 1991 1068 2017 1255.

136 2110 252 2129 sensem
278 2106 306 2128 et
330 2104 504 2128 conventum
529 2100 647 2134 Majoris
673 2101 837 2127 monasterii
862 2101 1055 2134 Turonensis,
1081 2110 1143 2128 me-

136 2152 231 2178 diante
248 2159 313 2185 rege
335 2150 485 2180 Franciae,
503 2149 589 2176 initae
609 2149 760 2184 diligenter
781 2158 936 2184 expensam
961 2150 1141 2176 confirment.

135 2200 217 2234 (tino.
234 2199 278 2231 ⁶24,
297 2207 322 2225 c.
341 2199 402 2231 735,
419 2199 439 2225 f.
457 2197 533 2227 loen
552 2197 698 2225 Po'r’rHAST
716 2198 823 2229 16109.)

178 2314 191 2327 a
273 2302 498 2338 archiepiscopo
515 2301 713 2334 Bituricensi,
727 2305 752 2328 et
766 2300 883 2329 dilectis
897 2300 973 2337 siliis
992 2323 1023 2335 ..,
1040 2302 1143 2338 priori

135 2357 272 2391 fratrum
297 2354 527 2383 predicatorum
555 2354 791 2387 Parisieasium,
814 2358 839 2381 et
864 2375 897 2387 ..,
923 2354 1143 2382 archidiacono

139 2408 358 2444 Transliyerim
385 2408 417 2434 ιή
440 2407 562 2435 ecclesia
584 2406 805 2442 Andeyavensi.
828 2405 873 2434 Ex
894 2410 985 2443 parte
1006 2405 1142 2435 dilecto-

137 2469 209 2489 rum
219 2477 265 2488 —-.
278 2461 351 2489 Dat.
366 2459 532 2494 Laterani,
544 2459 589 2487 VI
602 2458 675 2488 idus
688 2458 883 2493 decembris,
899 2467 986 2488 anno
999 2458 1140 2496 primo.»

208 2625 296 2653 9¹14

175 2687 369 2721 infrascriptis
386 2686 516 2720 mandat,
536 2691 565 2713 ut
583 2686 751 2720 Magistrum
767 2685 928 2712 Johaunem
945 2685 979 2711 de
997 2685 1144 2720 Herneya,

139 2736 309 2763 canonicum
327 2735 585 2769 Andegavenscm,
610 2735 637 2761 in
661 2735 764 2761 domus
784 2734 818 2760 de
838 2734 964 2766 Quoceio
981 2735 1145 2769 possessio-

140 2794 204 2812 nem
222 2785 358 2811 inducant
373 2789 400 2810 et
416 2784 569 2810 defendant
586 2783 744 2810 inductum.
763 2783 845 2816 (Rae.
863 2784 907 2813 ²24,
919 2792 944 2810 c.
958 2783 1018 2817 736,
1035 2783 1054 2810 f.
1073 2784 1144 2815 107.)

665 2623 778 2655 Latran,
796 2623 810 2649 8
825 2623 975 2650 decembre
996 2623 1071 2650 1955.

184 2899 197 2913 α
268 2887 368 2916 abbati
386 2886 419 2915 de
442 2886 642 2917 claromonte,
661 2886 895 2915 Cenomanensis
915 2886 1048 2921 diocesis,
1068 2891 1093 2914 et
1115 2908 1146 2921 ..,

1223 300 1441 330 archidiacono
1465 302 1498 330 de
1523 303 1602 331 Valle
1625 303 1771 332 Guidonz’s
1791 304 1826 332 in
1849 305 1972 334 ecclesia
1995 305 2227 335 Cenomanensi.

1224 351 1343 381 Dilecti
1358 352 1420 382 filii
1435 353 1587 391 magistri
1602 372 1651 383 —.
1669 355 1743 385 Dat.
1760 359 1796 385 ut
1811 364 1922 394 supra.
1944 368 1957 383 n

1293 561 1380 590 915
1748 563 1861 598 Latrau,
1878 565 1893 591 8
1909 565 2060 592 decembre
2077 567 2155 594 1‘255.

1259 623 1349 650 Priori
1365 632 1390 650 5.
1408 623 1554 651 Vincentii
1571 624 1772 652 Laudunensis
1789 626 1916 658 mandat,
1934 629 2070 661 quatinus
2088 630 2225 664 magistro

1223 671 1344 699 Radulfo
1361 672 1396 698 de
1415 672 1551 706 Valliaco,
1569 673 1770 700 archidiacono
1786 674 1821 700 de
1834 674 1958 710 Virtuto,
1971 677 1999 702 in
2011 678 2133 704 ecclesia
2145 677 2229 705 Cata-

1220 720 1353 746 launensi
1378 720 1569 755 praebendam
1595 722 1687 756 primo
1712 726 1877 749 vacaturam
1904 725 2043 759 assignet.
2070 726 2151 758 (Rm.
2176 728 2226 761 Ἡ,

1221 776 1246 794 c.
1265 768 1326 799 737,
1343 768 1363 795 f.
1382 768 1454 801 107.)

1264 893 1276 907 κ
1297 904 1329 916 ..,
1346 883 1450 919 priori
1467 884 1567 912 saneti
1587 884 1739 913 Vincentii
1754 885 1976 921 Laudunensis‚
1995 888 2114 916 ordinis
2130 890 2230 918 sancti

1222 934 1385 964 Benedicti.
1404 935 1449 964 Ex
1464 939 1556 973 parte
1573 935 1685 966 dilecti
1702 937 1763 966 filii
1780 938 1933 976 magistri
1950 939 2082 969 Radulfi
2095 940 2133 970 de
2148 941 2228 971 Val-

1219 986 1316 1022 liaco‚
1328 987 1490 1026 capellani
1507 989 1623 1025 nostri,
1641 988 1867 1021 archidiaconi
1881 991 1919 1021 de
1932 992 2064 1022 Virtuto
2078 993 2113 1022 in
2126 993 2229 1025 eccle-l

1223 1039 1273 1069 sia
1288 1039 1563 1077 Cathalaunensi,
1580 1041 1644 1071 suit
1656 1043 1862 1081 propositum
1878 1053 1987 1074 coram
2004 1045 2111 1081 nobis,
2129 1047 2227 1085 quod,

1223 1091 1301 1121 olim
1325 1101 1362 1122 ex
1385 1093 1581 1124 auctoritate
1603 1093 1791 1124 litterarum
1814 1096 1922 1127 felicis
1940 1098 2179 1129 recordationis
2202 1101 2228 1129 Ι.

1221 1153 1302 1182 pape
1318 1145 1562 1183 predecessoris
1578 1147 1683 1177 nostri
1699 1152 1829 1187 recepto
1845 1150 2002 1180 canonice
2023 1151 2058 1180 in
2080 1151 2153 1190 ipsa
2175 1161 2229 1182 ec-

1222 1196 1323 1226 clesia
1341 1197 1375 1226 in
1393 1198 1589 1228 canonicum
1606 1203 1637 1229 et
1656 1200 1691 1228 in
1710 1201 1858 1236 fratrem,
1877 1203 2011 1232 tandem
2026 1204 2228 1235 venerabilis

1221 1250 1324 1279 frater
1339 1254 1451 1279 noster
1467 1274 1501 1285 ..,
1520 1251 1693 1290 episcopus
1707 1253 1998 1290 Cathalaunensis,
2017 1256 2057 1285 ad
2075 1266 2173 1295 quem
2189 1258 2227 1287 de

1223 1302 1360 1340 antiqua
1389 1306 1419 1332 et
1446 1304 1624 1341 approbata
1651 1308 1682 1334 et
1706 1305 1867 1336 hactenus
1893 1307 2028 1345 pacifice
2055 1309 2229 1339 observata

1223 1355 1462 1386 consuetudine
1495 1356 1626 1386 collatio
1658 1357 1858 1395 dignitatum
1883 1359 1919 1388 in
1947 1361 2060 1390 eadem
2088 1362 2229 1393 ecclesia

1222 1408 1307 1438 sicut
1323 1408 1445 1438 dicitur
1460 1409 1613 1447 pertinet,
1626 1414 1692 1440 tam
1709 1412 1904 1442 auctoritate
1918 1422 2017 1451 quam
2032 1414 2175 1445 habebat
2189 1425 2228 1445 ex

1222 1461 1304 1499 ipsis
1319 1461 1441 1491 litteris
1462 1471 1561 1500 quam
1582 1472 1656 1497 sua,
1675 1467 1847 1494 vacantem
1864 1464 2170 1496 archidiaconatum
2188 1467 2228 1497 de

1221 1513 1352 1543 Virtuto
1367 1513 1403 1542 in
1418 1515 1547 1552 prefata
1564 1514 1704 1545 ecclesia
1719 1522 1914 1546 consuetum
1928 1519 2071 1548 conferri
2088 1519 2227 1550 ecclesie

1219 1566 1366 1605 predicte
1382 1567 1562 1602 canonicis,
1579 1567 1609 1597 ei
1627 1568 1719 1597 duxit
1731 1570 1889 1600 canonice
1905 1571 2154 1601 conferendum.
2167 1574 2227 1604 Ve-

1221 1628 1294 1648 rum
1310 1628 1384 1648 cum
1406 1619 1441 1647 in
1464 1619 1551 1649 dicta
1576 1619 1717 1650 ecclesia
1734 1621 1882 1651 nondum
1902 1623 1944 1651 sit
1962 1611 2050 1653 idem
2066 1624 2228 1655 archidia-

1221 1675 1358 1700 conatus
1375 1671 1578 1709 prebendam
1599 1672 1746 1711 aliquam
1769 1678 1956 1711 assecutus,
1982 1679 2012 1705 et
2036 1676 2071 1706 in
2095 1687 2229 1708 assecu-

1223 1723 1310 1753 tione
1340 1723 1507 1762 prebende
1534 1728 1675 1762 quatuor
1704 1726 1761 1764 qui
1791 1730 1866 1757 ante
1889 1728 1999 1765 ipsum
2023 1729 2058 1758 in
2089 1731 2230 1762 ecclesia

1222 1776 1452 1813 prenominata
1463 1776 1688 1815 receptijuxta
1696 1778 1940 1810 ordinationem
1952 1786 2099 1812 nostram
2110 1784 2231 1814 debent

1222 1828 1346 1858 ibidem
1370 1838 1541 1859 remanere
1565 1831 1716 1860 canonici
1743 1831 2014 1863 archidiaconum
2034 1837 2228 1873 precedant,

1223 1881 1365 1911 eundem
1380 1882 1547 1919 provideri
1563 1882 1628 1912 sibi
1645 1892 1744 1921 super
1753 1883 1815 1914 hoc
1832 1894 1850 1914 a
1866 1886 1961 1916 nobis
1973 1886 2147 1919 humiliter
2158 1899 2230 1928 pos-

1224 1934 1352 1964 tulavit.
1371 1934 1454 1965 Cum
1471 1935 1585 1972 igitur,
1602 1939 1639 1965 ut
1655 1936 1762 1967 dictus
1777 1937 2030 1970 archidiaconus
2047 1941 2105 1979 qui
2121 1942 2169 1972 sic
2183 1947 2232 1973 est

1224 1987 1531 2017 archidiaconatum
1555 1988 1692 2027 adeptus
1717 1990 1884 2027 prebenda
1907 1997 2026 2028 careat,
2054 1994 2097 2023 sit
2121 1994 2231 2033 indig-

1225 2049 1319 2075 num,
1342 2049 1417 2075 nos,
1436 2040 1542 2078 ipsius
1564 2041 1790 2072 archidiaconi
1809 2044 2108 2082 supplicationibus
2133 2048 2231 2077 incli—

1226 2092 1309 2127 nati,
1328 2093 1415 2130 quod
1440 2102 1496 2130 per
1521 2093 1711 2132 hujusmodi
1734 2095 1976 2126 ordinationem
1993 2102 2139 2128 nostram
2157 2101 2232 2130 nul-

1224 2145 1293 2174 lum
1312 2145 1342 2174 ei
1366 2145 1586 2183 prejudicium
1610 2151 1800 2183 generetur,
1824 2149 1853 2178 ei
1875 2159 1933 2187 per
1954 2155 2083 2181 nostras
2102 2152 2230 2183 litteras

1225 2197 1379 2227 duximus
1408 2197 1660 2235 indulgendum.
1688 2200 1911 2231 Decernentes
1940 2203 2004 2231 sibi
2030 2205 2232 2242 prebendam

1225 2250 1336 2279 deberi
1363 2260 1426 2289 que
1451 2255 1568 2289 quarto
1593 2251 1663 2281 loco
1686 2262 1802 2283 vacare
1830 2255 2005 2293 contigerit
2030 2257 2065 2286 in
2093 2258 2233 2289 eeclesia

1225 2308 1417 2333 memorata.
1444 2304 1605 2340 Quocirca
1632 2306 1828 2336 mandamus
1856 2309 2014 2346 quatinus
2041 2310 2232 2350 hujusmodi

1225 2356 1425 2393 prebendam
1443 2365 1517 2385 eum
1534 2359 1699 2387 vacaverit
1715 2359 1809 2398 juxta
1823 2362 2049 2392 concessionis
2062 2368 2172 2395 nostre
2188 2370 2232 2395 te-

1226 2417 1339 2437 norem
1356 2408 1463 2438 01110111
1480 2409 1712 2441 archidiacono
1730 2413 1924 2443 auctoritate
1943 2419 2054 2445 nostra
2067 2426 2124 2454 per
2138 2422 2168 2447 te
2182 2418 2234 2448 vel

1225 2469 1282 2498 por
1299 2460 1402 2490 alium
1414 2462 1564 2492 conferas
1582 2467 1611 2492 et
1631 2464 1792 2501 assignes,
1812 2474 1848 2495 ac
1860 2466 1963 2497 facias
1980 2477 2055 2497 eum
2071 2469 2162 2500 illius
2178 2480 2232 2509 pa-

1227 2513 1320 2543 cifica
1349 2515 1559 2551 possessione
1587 2517 1741 2554 gaudere.
1768 2518 2035 2551 Contradictores
2065 2527 2125 2552 etc.
2158 2525 2231 2554 Dat.

1227 2567 1382 2596 Laterani
1398 2571 1433 2596 ut
1453 2577 1563 2606 supra.
1584 2581 1596 2595 n

1300 2777 1389 2805 916

1270 2839 1370 2866 Abbati
1388 2843 1416 2866 et
1437 2843 1592 2868 conventui
1614 2845 1779 2870 monasterii
1802 2844 1999 2880 Basiaccnsis,
2021 2848 2235 2879 Xauctonensis

1232 2888 1373 2922 diocesis,
1393 2889 1535 2923 indulget,
1556 2894 1585 2917 ut
1606 2892 1750 2926 aliquibus
1771 2894 1883 2921 clericis
1905 2896 1938 2921 de
1965 2896 2047 2922 bouis
2070 2902 2236 2928 monasterii

1757 2782 1868 2817 Latran,
1887 2785 1902 2811 9
1917 2785 2068 2812 decembre
2089 2788 2163 2816 1255.
