2498 3325
233 301 288 331 ‘292‘
958 298 1197 329 REGISTRES
1218 297 1525 328 D'ALEXANDRE
1549 299 1604 329 IV.

299 367 387 396 933
740 365 854 400 Latran,
873 365 904 392 18
920 365 1072 392 decembre
1091 365 1167 391 1255.

264 429 370 456 Abbati
388 432 416 455 et
431 428 587 454 conventui
604 428 771 455 monasterii
787 435 810 455 s.
829 428 944 459 Socani,
962 427 1156 462 Lingonensis
1175 426 1239 452 dio-

227 479 314 510 cesis,
333 478 472 512 indulget,
493 487 503 500 «
523 481 552 503 ut
567 477 714 504 conveniri
733 486 782 512 per
797 478 930 511 generale
946 476 1108 503 clausulam
1124 475 1238 509 quidam

228 529 280 554 alii
300 535 355 562 que
377 527 480 553 litteris
502 527 610 552 uostris
631 529 659 552 et
681 526 840 561 legatorum
864 525 1021 560 apostolice
1044 524 1129 551 Sedis
1151 524 1240 551 inseri

227 577 380 602 consuevit
399 588 410 599 »
426 584 481 601 non
498 575 622 610 possint.
639 574 723 608 (Rau.
740 574 785 608 24,
802 583 828 602 e.
846 574 907 605 784,
924 574 943 600 f.
964 574 1035 606 115)

270 688 283 702 (ι
354 676 466 709 abbati,
482 680 508 704 et
523 676 688 704 conventui
704 675 884 703 monasterii
898 675 998 703 sancti
1014 674 1135 708 Soc-ani,
1154 673 1239 702 ordi-

228 730 278 758 m's
293 730 393 758 sancti
406 728 570 763 Benedicti,
584 729 782 765 Linyonensis
795 728 928 756 diocesis.
944 725 1124 757 Consuevit
1138 725 1239 756 Sedes

230 780 409 819 apostolica
435 798 483 809 —.
505 781 579 810 Dat.
606 780 779 814 Laterani,
804 780 865 809 XV
892 778 1051 808 kalendas
1077 777 1238 818 januarii,

229 843 316 863 anno
333 833 450 872 primo.
471 846 484 860 »

301 1032 389 1060 9⁸24
713 1030 841 1064 Anagni,
862 1029 893 1056 12
909 1030 1073 1065 septembre
1090 1030 1168 1070 12:³5.

265 1094 408 1129 Episcopo
433 1093 603 1120 Caturcensi
628 1093 757 1125 mandat,
784 1094 921 1128 quatinus
946 1092 1100 1119 Guillelmo
1122 1092 1157 1118 de
1176 1092 1242 1119 Jar-

232 1144 324 1175 niaco,
341 1143 435 1169 abbati
453 1142 619 1169 monasterii
636 1150 659 1168 s.
674 1142 810 1176 Stephani
828 1141 1023 1173 Baciaceusis,
1036 1141 1069 1167 ad
1082 1140 1241 1168 Romanam

229 1192 387 1218 Ecclesiam
406 1192 482 1218 nullo
499 1191 592 1217 medio
610 1191 789 1226 pertinentis,
807 1191 856 1224 qui
872 1194 968 1216 autem
986 1190 1014 1216 iu
1032 1190 1241 1225 praejudicium

230 1240 395 1266 monasterii
411 1243 438 1266 et
455 1239 600 1266 Ecclesiae
616 1239 861 1266 confirmationem
881 1238 1098 1265 Xanctonensis
1112 1239 1242 1273 episcopi

230 1289 352 1323 recepit.
373 1288 510 1322 praefigat
532 1287 686 1314 terminum
708 1287 892 1322 comparendi
914 1291 980 1313 ante
1001 1287 1160 1313 Romanam
1181 1286 1240 1313 Cu-

229 1338 300 1363 riam
319 1348 324 1363 :
342 1336 467 1371 alioquin
480 1358 486 1368 ,
505 1336 622 1362 Petrum
640 1335 748 1362 dictum
769 1335 846 1366 Ber„
870 1335 1004 1362 abbatem
1027 1336 1194 1362 monasterii
1215 1344 1240 1362 s.

228 1385 390 1411 Theodardi
413 1384 447 1410 de
470 1384 567 1410 Monte
588 1384 720 1416 Albano,
739 1392 754 1410 a
778 1383 924 1410 nonnullis
950 1384 1100 1410 monachis
1123 1392 1242 1410 monas-

231 1434 294 1459 terii
312 1433 498 1459 Baciaccnsis
514 1433 646 1459 abbatem
664 1433 786 1459 electum
798 1453 804 1464 ,
826 1432 854 1458 in
874 1432 1091 1467 possessionem
1113 1433 1239 1459 inducat.

232 1482 314 1514 (Rea.
332 1482 381 1516 24,
399 1481 636 1514 c.785,s.115.)

272 1596 285 1609 «
306 1606 338 1618 ..,
359 1585 493 1620 episcopo
510 1584 699 1612 caturcensi.
719 1582 810 1613 Sicut
826 1582 938 1612 dilecti
955 1582 1015 1611 filii
1038 1606 1070 1617 ..‚
1091 1583 1191 1620 prior,
1211 1587 1241 1613 et

230 1640 412 1665 conventus
437 1636 633 1665 monasterii
663 1635 769 1665 sancti
798 1635 958 1673 Stephani
988 1636 1238 1671 Bai-citicensis,

230 1688 357 1717 ordinis
375 1688 480 1717 sancti
498 1688 686 1723 Benedicti,
704 1688 952 1718 Xanctonensis
968 1688 1126 1724 diocesis,
1146 1689 1241 1718 nobis

231 1741 420 1778 significare
438 1746 613 1771 curarunt,
634 1741 714 1770 olim
731 1741 844 1770 eodem
861 1741 1078 1776 monasterio,
1099 1741 1185 1780 quod
1202 1742 1241 1771 ad

230 1795 415 1824 Romanam
439 1793 622 1823 Ecclesiam
643 1793 735 1822 nullo
761 1793 869 1822 medio
893 1793 1041 1823 noscitur
1061 1794 1239 1832 pertinere,

233 1847 363 1876 abbatis
390 1846 552 1883 regimine
578 1846 752 1881 destituto,
780 1846 881 1875 iidem
907 1846 947 1875 ad
972 1847 1178 1876 tractandum
1204 1847 1242 1877 de

232 1899 392 1929 electione
418 1899 547 1928 abbatis
574 1899 810 1928 convenientes
836 1899 869 1927 in
892 1908 1014 1932 unum,
1039 1899 1189 1928 universi
1212 1903 1242 1928 ct

232 1952 356 1989 singuli
375 1952 550 1980 firmarunt
567 1960 601 1981 se
618 1952 764 1981 facturos
779 1951 918 1989 prestito
931 1951 1138 1990 juramento,
1157 1951 1244 1990 quod

232 2004 287 2034 ille
305 2013 341 2033 ex
362 2004 420 2039 eis,
441 2012 537 2042 quem
556 2003 613 2033 alii
634 2004 668 2033 in
693 2013 807 2033 eorum
826 2003 976 2033 abbatem
997 2003 1169 2041 eligerent,
1187 2013 1243 2033 ve-

232 2057 316 2086 niret
335 2056 597 2086 confirmationis
619 2061 649 2086 et
670 2056 912 2086 benedictionis
932 2065 1053 2085 munus
1069 2061 1142 2094 post
1158 2056 1244 2086 elec-

232 2111 353 2139 tionem
374 2110 531 2139 canonice
554 2109 752 2139 celebratam
775 2119 791 2139 a
816 2109 899 2139 Sede
922 2108 1111 2147 Apostolica
1130 2118 1244 2148 recep-

233 2167 334 2192 turus.
359 2162 423 2192 Sed
439 2162 638 2192 Guillelmus
661 2162 699 2191 de
715 2162 890 2197 Jarniaco,
910 2162 1029 2200 prefati
1047 2162 1243 2191 monasterii

231 2215 429 2249 monachus,
448 2215 593 2252 predicto
607 2215 796 2254 juramento
814 2215 1029 2250 constrictus,
1048 2223 1145 2253 quem
1165 2215 1245 2244 dicti

231 2268 321 2305 prior
344 2273 371 2297 et
400 2272 582 2297 conventus
604 2268 637 2297 in
660 2277 757 2297 suum
777 2268 928 2297 abbatem
948 2268 1156 2306 postmodum
1178 2268 1244 2298 ele-

232 2324 361 2356 gerunt,
380 2320 479 2358 hujus
498 2321 681 2359 juramenti
703 2320 864 2357 religione
888 2324 1086 2358 contempta,
1110 2320 1244 2351 electio-

232 2381 307 2402 nem
319 2373 357 2401 de
373 2382 406 2401 se
423 2374 555 2407 factam,
574 2373 607 2402 in
623 2373 774 2402 abbatem
790 2372 928 2402 ecclesie
948 2362 1141 2403 monasterii
1159 2373 1245 2412 quod

233 2425 356 2454 scit-bat
377 2425 416 2454 ad
433 2426 617 2454 Romanam
635 2425 816 2455 Ecclesiam
835 2425 925 2455 nullo
940 2425 1048 2455 medio
1064 2426 1242 2464 pertinere,

232 2485 289 2514 per
317 2476 543 2505 venerabilem
569 2477 706 2507 fratrem
735 2481 885 2507 nostrum
912 2500 944 2512 ..‚
974 2477 1244 2507 Xanctonensem

234 2529 435 2567 episcopum.
454 2530 642 2558 confirmari
660 2539 696 2559 ac
713 2530 860 2567 impendi
875 2530 939 2559 sibi
956 2539 1077 2560 munus
1094 2531 1244 2561 benedic-

233 2582 345 2612 tionis.
369 2582 403 2610 in
426 2581 572 2619 ipsorum
592 2586 623 2611 et
646 2582 725 2611 dicti
743 2583 937 2612 monasterii
960 2569 1182 2621 prejudicium
1206 2584 1244 2613 de

232 2634 319 2663 facto
335 2642 408 2663 cum
427 2634 465 2663 de
478 2634 553 2672 jure
570 2634 756 2672 nequiverit
780 2635 813 2663 in
834 2634 980 2665 Ecclesie
998 2636 1145 2665 Romane
1157 2637 1244 2675 J‘uris

232 2687 402 2725 injuriam,
417 2687 616 2724 procuravit.
633 2688 734 2716 Porro
745 2696 814 2716 nos.
827 2688 1103 2728 denuntiantiliuis
1113 2688 1244 2718 dilectis

233 2739 312 2769 liliis
326 2739 494 2769 Rannulfo
509 2740 595 2769 dicto
609 2740 760 2775 Cori-ion,
779 2740 956 2770 Guillelnio
969 2745 999 2770 et
1015 2742 1130 2771 Yterio
1147 2741 1244 2772 dictis

234 2793 332 2822 Pater
354 2796 476 2825 noster,
503 2792 651 2831 ejusdem
674 2793 868 2822 monasterii
891 2793 1078 2829 monachis,
1106 2794 1167 2824 hoc
1191 2804 1244 2824 ac-

235 2849 337 2882 cepto.
362 2845 491 2874 dilectis
514 2845 594 2874 tiliis
611 2845 770 2883 magistro
790 2847 886 2875 Petro
904 2847 1112 2885 Rayrnundi,
1136 2847 1244 2885 capel-

232 2897 307 2926 lano
339 2903 460 2928 nostro.
491 2921 523 2932 ..‚
556 2898 690 2931 decano,
716 2902 743 2927 et
776 2898 955 2929 Guillelmo
981 2900 1019 2929 de
1048 2900 1241 2935 Lubiniaco,

234 2950 393 2979 canonico
424 2950 752 2987 Engolismensibus,
781 2951 903 2981 nostris
932 2952 992 2981 sub
1020 2956 1109 2982 certa
1138 2953 1243 2982 forma

1323 363 1474 394 dedimus
1491 364 1613 395 litteris
1629 365 1664 395 in
1681 365 1847 396 mandatis
1863 366 1897 395 in
1915 366 2077 405 inquisita
2092 375 2191 405 super
2207 366 2268 397 hoc
2283 366 2334 396 di-

1323 416 1484 454 ligentius
1502 418 1657 453 veritate,
1677 419 1705 448 si
1723 428 1793 449 reni
1810 419 2001 449 invenirent
2019 419 2129 449 taliter
2145 428 2179 450 se
2197 419 2331 455 hahere,

1323 471 1488 509 prefatum
1507 470 1724 502 Guillelmum
1745 483 1762 501 a
1784 473 1986 502 monasterio
2003 477 2184 503 meinorato
2200 473 2334 511 penitus

1324 528 1525 554 amoventes.
1545 524 1813 555 Contradictores
1836 529 1895 555 etc.
1920 525 2114 563 providendi
2135 525 2173 556 de
2192 535 2334 564 persona

1323 577 1441 607 idonea
1469 586 1526 615 per
1554 577 1749 608 electionem
1777 578 1971 608 canonicam
1996 578 2047 608 vel
2077 579 2335 617 postulationem

1324 630 1518 660 concordem
1542 630 1649 660 eidem
1668 631 1846 661 conventui
1867 631 2062 662 auctoritate
2086 636 2198 662 nostra
2217 641 2335 663 conce-

1324 683 1439 713 derent
1463 683 1603 713 liberam
1630 683 1833 714 facultatem.
1862 684 2012 723 Cumque
2039 684 2179 722 predicti
2204 685 2334 724 judices

1324 736 1557 774 cognovissent
1569 736 1717 774 legitime
1729 736 1954 776 servatojuris
1965 737 2081 767 ordine
2093 737 2131 767 de
2146 737 2332 779 premissis,

1324 798 1361 818 ac
1376 789 1524 827 predicto
1539 789 1719 820 Guillelmo
1736 798 1772 819 ex
1787 798 1887 820 causa
1905 790 2062 829 predicta,
2076 790 2117 820 ab
2133 790 2248 821 eodem
2265 799 2335 821 mo-

1325 842 1472 871 nasterio
1494 852 1552 880 per
1577 842 1788 872 diffinitivam
1811 842 1851 872 ab
1868 843 1917 873 eis
1940 847 2059 878 amoto,
2079 843 2281 874 sententiam
2300 866 2334 879 ..‚

1324 895 1427 933 priori
1459 898 1489 924 et
1523 895 1702 924 conventui
1733 895 1882 934 ejusdem
1916 895 2112 925 monasterii
2143 895 2336 926 facultatem

1324 947 1517 986 hujusmodi
1547 948 1789 984 concesserint,
1822 947 1923 978 iidem
1953 948 2043 986 prior
2071 952 2103 978 et
2134 952 2334 983 conventus,

1324 1004 1458 1038 propter
1474 1000 1582 1030 11111131
1599 1005 1629 1030 et
1648 1005 1789 1031 terrores
1806 1009 1888 1039 quos
1906 1001 2073 1039 predictus
2089 1000 2290 1031 Guillelmus
2305 1004 2337 1032 et

1326 1053 1397 1092 ejus
1414 1053 1590 1092 complices
1608 1054 1656 1083 eis
1679 1054 1890 1084 incusserant
1910 1053 1945 1083 in
1966 1053 2151 1092 predictum
2169 1057 2337 1084 monaste-

1325 1105 1413 1135 rium
1436 1106 1523 1145 quod
1550 1106 1637 1136 idem
1663 1108 1701 1137 G.
1728 1111 1800 1145 post
1825 1107 2026 1137 amotionem
2050 1116 2145 1137 suam
2170 1106 2338 1136 munitum

1326 1159 1428 1189 armis
1445 1163 1475 1189 et
1493 1160 1686 1190 custodibus
1705 1160 1891 1195 detinebat,
1909 1169 1967 1198 per
1984 1159 2166 1198 potentiam
2183 1158 2338 1189 laicalem

1325 1211 1456 1250 ingredi
1476 1212 1580 1242 libere
1599 1213 1650 1243 vel
1672 1213 1707 1242 in
1724 1212 1794 1243 loco
1812 1217 1880 1242 tuto
1899 1212 1939 1242 ad
1954 1212 2187 1242 celebrandam
2203 1211 2337 1242 electio-

1326 1273 1402 1294 nem
1418 1264 1469 1294 vel
1485 1265 1742 1303 postulationem
1759 1265 1950 1304 hujusmodi
1967 1265 2145 1294 convenire
2163 1273 2229 1294 non
2245 1268 2338 1303 pote-

1325 1320 1419 1352 runt,
1444 1318 1583 1355 prefatis
1607 1318 1776 1348 Rannulso
1801 1318 1887 1348 dicto
1912 1318 2068 1353 Corrion,
2088 1318 2127 1348 G.
2148 1321 2179 1348 et
2195 1318 2221 1348 1.
2239 1317 2338 1359 dictis

1326 1371 1424 1400 Pater
1441 1374 1553 1400 noster
1570 1370 1714 1409 eligendi
1734 1371 1783 1401 vel
1801 1371 1990 1410 postulandi
2011 1371 2156 1410 aliquem
2178 1371 2338 1402 canonice

1325 1422 1360 1452 in
1386 1422 1539 1453 abbatem
1562 1424 1701 1462 predicti
1723 1424 1919 1454 monasterii
1938 1425 1973 1454 in
1994 1425 2145 1454 Romana
2165 1424 2267 1454 Curia
2284 1423 2336 1454 vel

1326 1476 1406 1506 alibi
1423 1477 1624 1516 ubicumque
1641 1478 1793 1516 expedire
1810 1478 1961 1508 viderent
1982 1481 2180 1516 potestatem
2195 1477 2336 1508 liberam

1325 1529 1537 1559 contulerunt
1561 1540 1566 1558 ε
1588 1530 1669 1566 Qui,
1687 1531 1793 1560 Deum
1814 1530 1976 1561 habentes
1998 1539 2056 1569 pre
2076 1530 2182 1561 oculis
2203 1539 2241 1561 ac
2262 1539 2337 1569 spe-

1325 1586 1437 1612 rantes
1454 1582 1578 1612 dictum
1595 1583 1835 1614 monasterium
1849 1593 1944 1622 posse
1961 1593 2019 1622 per
2032 1583 2144 1613 dilecti
2155 1583 2217 1613 filii
2232 1583 2338 1614 nostri

1325 1635 1416 1665 Petri
1435 1635 1514 1665 dicti
1538 1636 1626 1670 Ber.‚
1652 1635 1815 1674 capellani
1841 1636 1964 1667 nostri.
1990 1636 2119 1666 abbatis
2142 1635 2338 1666 monasterii

1326 1688 1433 1717 sancti
1451 1688 1637 1718 Theodardi
1653 1689 1691 1718 de
1710 1689 1821 1719 Monte
1837 1688 1978 1724 Albano,
1996 1688 2211 1719 Caturccnsis
2229 1688 2338 1719 dioce-

1326 1740 1384 1769 sis.
1403 1740 1602 1770 industriam
1620 1746 1649 1771 et
1666 1741 1859 1779 potentiam,
1873 1741 1907 1770 in
1918 1740 2150 1779 spiritualibus
2163 1745 2194 1771 et
2210 1745 2337 1779 tempo-

1326 1793 1453 1822 ralibus
1481 1794 1672 1823 reformari.
1702 1794 1844 1824 eundem
1871 1798 2033 1832 potestate
2062 1794 2126 1824 sibi
2154 1794 2275 1824 tradita
2301 1793 2336 1823 in

1326 1846 1478 1876 abbatem
1502 1846 1683 1884 supradicti
1706 1846 1900 1876 monasterii
1925 1846 2129 1877 unanimiter
2149 1851 2179 1876 et
2203 1855 2338 1876 concor-

1326 1899 1411 1928 diter
1426 1898 1648 1937 postularunt.
1663 1900 1798 1933 Verum,
1814 1899 1888 1929 licet
1907 1899 1986 1928 dicti
2002 1899 2093 1937 prior
2109 1903 2138 1929 et
2155 1903 2338 1929 conventus

1327 1951 1434 1986 nobis,
1453 1956 1488 1981 ut
1503 1951 1759 1990 postulationem
1782 1951 1971 1990 hujusmodi
1995 1951 2208 1982 admittentes
2231 1951 2339 1982 eidem

1328 2005 1438 2034 abbati
1456 2005 1652 2039 transeundi
1666 2005 1705 2034 ad
1724 2005 1811 2034 idem
1825 2005 2065 2034 monasterium
2083 2004 2339 2034 concederemus

1326 2057 1509 2093 licentiam,
1524 2057 1698 2087 humiliter
1715 2057 1944 2095 supplicarint,
1961 2057 2038 2096 quia
2050 2061 2160 2087 tamen
2172 2056 2340 2095 predictus

1328 2110 1528 2140 Guillelinus
1547 2110 1585 2139 de
1602 2110 1759 2141 Jarniaco
1777 2120 1793 2139 a
1813 2110 1941 2148 prefata
1955 2109 2132 2139 diffinitiva
2148 2109 2271 2139 dicitur
2288 2117 2341 2148 ap-

1327 2163 1481 2201 pellasse,
1495 2163 1691 2192 mandamus
1705 2163 1875 2201 quatinus,
1892 2163 1919 2191 si
1935 2162 1993 2191 tibi
2006 2162 2044 2191 de
2058 2162 2157 2200 plano
2169 2166 2200 2192 et
2215 2162 2340 2201 absque

1324 2215 1445 2254 judicii
1462 2215 1601 2254 strepitu
1615 2215 1801 2245 constiterit
1820 2215 1860 2244 ab
1877 2215 1992 2245 eadem
2009 2215 2175 2245 sententia
2192 2214 2341 2253 legitime

1328 2267 1540 2306 appellatum,
1557 2276 1597 2297 ne
1613 2268 1780 2305 contingat
1794 2267 1985 2306 hujusmodi
2003 2267 2177 2305 negocium
2192 2266 2342 2306 protrahi

1327 2321 1363 2350 in
1381 2321 1554 2350 memorati
1570 2321 1763 2351 monasterii
1780 2321 1952 2356 lesionem,
1969 2321 2110 2358 prefigas
2126 2320 2284 2359 predictis
2300 2319 2339 2350 G.

1328 2374 1366 2403 de
1379 2373 1535 2403 Jarniaco
1553 2377 1583 2403 et
1600 2373 1704 2411 priori
1722 2378 1751 2403 et
1766 2373 1944 2403 conventui
1964 2373 2143 2403 terminum
2159 2376 2341 2412 perempto-

1328 2427 1415 2456 rium
1430 2431 1670 2465 competentem
1682 2436 1745 2465 quo
1758 2427 1844 2455 idem
1859 2427 1897 2456 G.
1916 2425 2147 2464 personaliter,
2162 2425 2252 2464 prior
2264 2434 2340 2455 vero

1328 2484 1359 2509 et
1375 2484 1558 2510 conventus
1574 2488 1631 2517 per
1646 2484 1892 2517 procuratorem
1911 2479 2078 2513 idoneum,
2097 2487 2171 2508 cum
2185 2477 2340 2508 omnibus

1327 2532 1422 2568 actis,
1446 2532 1664 2561 munimentis
1693 2537 1723 2562 et
1748 2532 1935 2562 rationibus
1953 2531 2039 2566 suis,
2065 2535 2176 2560 nostro
2201 2538 2235 2560 se
2261 2523 2360 2560 con-->

1328 2585 1455 2623 spectui
1470 2590 1708 2623 representem,
1725 2585 1845 2615 facturi
1859 2589 1923 2614 tam
1941 2594 2040 2622 super
2052 2582 2227 2622 principali
2240 2592 2339 2622 quam

1328 2637 1687 2676 superincidentibus,
1706 2643 1737 2667 et
1756 2637 1854 2667 etiam
1878 2636 2042 2675 recepturi
2062 2636 2149 2674 quod
2165 2635 2338 2666 dictaverit

1328 2690 1518 2729 ordojuris.
1541 2690 1715 2729 Alioquin,
1736 2690 1995 2729 postulationem
2017 2689 2180 2727 capellani
2198 2687 2339 2727 predicti

1329 2742 1494 2778 admittas,
1514 2747 1544 2771 et
1561 2743 1667 2771 eidem
1688 2743 1797 2772 abbati
1814 2742 1998 2772 concedens
2016 2741 2187 2771 licentiam
2204 2740 2245 2770 ad
2263 2749 2339 2779 pre-

1329 2795 1451 2824 dictum
1462 2795 1701 2825 monasterium
1715 2794 1920 2827 transeundi,
1936 2794 2106 2824 fidelitatis
2119 2793 2213 2824 solite
2226 2797 2338 2823 nostro

1329 2852 1358 2877 et
1377 2847 1523 2877 Ecelesie
1544 2848 1692 2877 Romane
1717 2847 1849 2877 nominc
1862 2847 2089 2886 juramentum
2106 2845 2146 2875 ab
2162 2845 2234 2884 ipso
2252 2845 2338 2876 reci-

1327 2900 1399 2938 pias
1430 2904 1459 2929 et
1487 2900 1589 2929 facias
1617 2901 1723 2930 eidem
1752 2910 1769 2929 a
1797 2900 1867 2929 suis
1893 2898 2035 2929 subditis
2061 2897 2284 2928 obedientiam
2307 2902 2339 2928 et

1328 2952 1547 2982 reverentiam
1568 2952 1711 2983 debitam
1729 2952 1888 2982 exhiberi.
1908 2951 2175 2982 Contradictores
2193 2954 2253 2980 etc.
2273 2958 2339 2980 non

2486 2020 2498 2182 ἈΨΑ-..-Α
2489 2002 2498 2010 ο
2496 1975 2498 1985 -
