2498 3325
197 266 254 296 392
923 262 1163 294 0001511105
1185 262 1492 294 1)·ΑΙ,11Χ.»1Ν1)111«1
1516 266 1567 295 iv.

200 342 256 370 per
272 337 315 367 ut,
333 332 420 360 insra
432 332 514 360 lines
527 331 698 369 parrochie
715 336 833 365 vestre,
848 331 959 361 nullus
974 330 1047 360 5100
1064 337 1203 359 assensu

199 384 367 414 diocesani
389 383 533 422 episcopi
559 388 588 413 ct
611 389 719 413 vestro
751 383 910 422 capellam
939 392 997 413 seu
1022 383 1203 412 oratorium

199 438 238 467 de
259 446 341 466 novo
364 441 555 466 construere
579 437 707 471 audeat,
733 437 835 467 salvis
857 437 1043 476 privilegiis
1067 437 1204 466 Pontifi-

199 500 272 520 cum
293 492 526 520 Romanorum.
542 490 590 519 Ad
603 489 662 519 hec
677 499 777 520 novas
790 494 820 520 et
833 490 999 519 indebitas
1016 490 1204 520 exactiones

200 544 240 573 ab
257 543 526 580 ars-ttiepiseopis,
545 543 719 581 episcopis,
737 543 982 573 archidiaconis
995 553 1053 573 seu
1069 543 1204 573 decanis

200 596 343 634 aliisque
356 596 510 625 omnibus
527 595 775 630 ecclesiasticis,
791 596 1039 626 secularibusve
1053 597 1204 634 personis

199 658 217 678 a
234 649 326 678 vobis
343 648 478 677 omnino
494 649 566 678 fieri
584 649 810 687 prohibemus.

242 714 254 727 ι)
280 701 490 739 Sepulturam
515 711 646 740 quoque
675 702 781 740 ipsius
803 702 864 732 loci
888 702 1027 731 liberam
1054 711 1125 732 esse
1153 703 1206 732 de-

198 755 378 789 cernimus,
403 758 437 783 ut
471 763 583 784 eorum
607 755 774 784 devotioni
796 760 857 783 etc.
888 763 992 793 usque
1019 765 1025 783 :

199 807 295 838 Salva
329 812 437 837 tamen
462 807 594 846 jttstitia
619 807 753 837 illarum
779 807 1006 843 ecelesiarum,
1036 818 1054 837 a
1083 809 1205 847 quibus

1052 755 1202 785 obsistat.

198 865 401 890 mortuorum
419 869 553 898 corpora
570 865 797 890 assumuntur.

240 926 253 940 n
278 914 431 944 Det-imas
452 918 602 952 preterea
620 918 651 944 et
671 914 898 952 possessiones
918 914 958 943 ad
977 915 1031 953 jus
1049 915 1206 945 ecclesia-

199 976 271 996 rum
290 971 472 996 vestrarum
490 970 687 1004 spectantes,
706 976 768 1004 que
786 976 803 995 a
820 966 916 997 laicis
932 967 1134 1002 t‘l‹.·tinentur,
1155 978 1206 998 re-

197 1020 344 1049 dimendi
362 1024 392 1049 et
409 1019 555 1057 legitime
572 1019 734 1048 liberandi
753 1020 790 1049 de
806 1020 960 1049 manibus
979 1030 1103 1056 eorum,
1119 1026 1147 1051 et
1166 1022 1203 1051 ad

198 1072 356 1102 ecclesias
373 1072 411 1101 ad
435 1082 516 1110 quas
536 1072 702 1110 pertinent
720 1073 906 1107 revocandi,
928 1073 1033 1103 libera
1050 1074 1091 1103 sit
1112 1075 1204 1104 vobis

198 1126 236 1155 (10
259 1130 369 1154 nostra
391 1126 585 1155 auctoritate
609 1125 760 1155 facultas.
785 1126 935 1157 Obeunte
957 1136 1033 1157 vero
1057 1131 1098 1161 10,
1118 1137 1205 1157 1111110

196 1178 342 1218 ejusdem
363 1178 425 1208 loci
448 1178 568 1216 priore,
595 1177 646 1208 vel
677 1182 808 1208 tuorum
829 1183 889 1209 etc.
914 1189 1020 1219 usque
1045 1190 1050 1209 :
1079 1180 1206 1217 elif-ten-

197 1232 286 1260 dum.
306 1231 383 1260 Paci
400 1240 530 1269 1111011110
553 1235 583 1260 et
605 1231 839 1270 tranquillitati
860 1237 968 1263 vestre
993 1238 1054 1263 etc.
1072 1243 1178 1272 usque
1197 1245 1203 1263 z

197 1285 315 1314 audeat
336 1293 499 1313 exercere.

240 1350 252 1363 n
281 1338 434 1366 l'reterea
460 1346 574 1366 omnes
596 1337 768 1368 libertates
792 1343 821 1367 et
843 1339 1072 1369 immunitates
1098 1349 1115 1369 a
1137 1350 1205 1377 pre-

197 1391 427 1420 decessoribus
468 1391 590 1420 nostris
624 1392 785 1421 Romanis
818 1392 1036 1422 Pontificibus
1067 1393 1206 1423 ecclesie

199 1449 305 1473 vestre
321 1453 506 1478 concessas,
526 1453 654 1474 necnon
670 1444 841 1475 libertates
855 1450 884 1474 ct
902 1446 1126 1483 exemptiones
1143 1451 1204 1476 etc.

199 1506 302 1535 usque
323 1507 328 1525 z
346 1497 599 1527 communimus.
620 1498 838 1527 Decernimus
863 1508 950 1535 ergo,
974 1503 1007 1528 ut
1036 1499 1118 1528 nulli
1136 1509 1206 1529 om-

200 1549 279 1578 111110
300 1549 472 1578 hominnm
490 1549 587 1579 liceat
605 1551 768 1588 prefatam
792 1551 965 1581 ecclesiam
987 1556 1109 1581 temere
1133 1562 1206 1590 per-

198 1603 330 1633 turbare
352 1608 412 1632 ete.
431 1612 535 1641 11511110
554 1613 560 1632 :
578 1604 762 1642 profutura.
789 1604 886 1635 Salva
908 1605 1003 1635 Sedis
1027 1606 1206 1643 apostolice

199 1655 394 1684 auctoritate
427 1659 458 1685 ct
489 1655 657 1685 diocesani
690 1657 835 1695 episcopi
873 1658 1033 1687 canonica
1061 1659 1204 1697 justitia.

199 1709 233 1738 Si
262 1709 337 1747 quis
367 1709 470 1745 igitur
497 1709 530 1738 111
559 1710 726 1740 futurum.
754 1711 978 1740 ecclesiastica
1004 1712 1206 1742 secularisve

199 1770 351 1799 persona,
376 1761 461 1790 hanc
483 1766 594 1792 nostre
620 1763 868 1793 constitutionis
895 1765 1047 1802 paginam
1072 1770 1130 1794 etc.
1151 1776 1207 1795 us-

198 1823 261 1852 (1110
280 1824 286 1842 ;
307 1813 439 1843 ultioni.
457 1814 595 1844 Cunctis
612 1819 721 1845 autem
744 1816 848 1845 eidem
871 1816 941 1845 loco
966 1826 1025 1846 sua
1044 1818 1119 1856 jura
1137 1828 1207 1848 ser-

199 1867 355 1896 vantibus
372 1867 415 1896 sit
437 1876 496 1905 pax
515 1871 573 1897 ete.
595 1877 701 1906 usque
722 1879 728 1897 z
747 1869 932 1899 inveniant.
953 1870 1070 1899 Amen.
1088 1872 1205 1901 Amen.

199 1920 316 1948 Amen.

241 1985 253 1998 »
280 1973 352 2001 Dat.
374 1973 527 2003 Laterani
550 1982 608 2012 per
632 1983 767 2004 manum
786 1975 957 2005 Guillelmi
980 1976 1208 2013 magistrisco-

198 2024 305 2054 larum
324 2026 514 2056 Parmensis
533 2030 646 2056 sancte
669 2028 817 2057 Romane
837 2027 984 2058 Ecclesie
1009 2029 1207 2059 vicecancel-

198 2078 285 2111 larii,
307 2079 336 2108 V
359 2078 434 2108 idus
455 2079 582 2118 aprilis,
600 2079 783 2110 indictione
805 2081 932 2116 xmtu,
961 2083 1206 2113 Incarnationis

197 2131 369 2161 Dominice
394 2140 481 2161 anno
502 2132 719 2168 M⁰CC⁰LVI⁰,
739 2133 955 2171 pontificatus
981 2143 1058 2165 vero
1081 2135 1207 2165 domini

196 2193 277 2223 pape
296 2186 362 2215 IIII
379 2194 466 2215 anno
485 2185 640 2216 secundo.
664 2198 677 2213 »

271 2397 288 2422 Ι
298 2395 351 2422 31
365 2395 383 2422 Ι
817 2398 928 2429 Latran.
943 2400 957 2426 5
971 2401 1040 2427 avril
1058 2401 1132 2429 1256.

237 2456 386 2483 Fratribus
407 2457 518 2484 ordinis
538 2457 573 2484 de
593 2457 800 2494 Sempingham
818 2461 961 2495 indulget,
981 2466 1010 2489 ut
1032 2471 1082 2498 per
1097 2464 1206 2491 litteras

200 2505 391 2540 praelatorum
407 2505 451 2531 vel
467 2505 601 2539 judicum
623 2508 771 2534 conveniri
792 2509 907 2536 minime
929 2511 1054 2544 valeant,
1078 2521 1152 2547 quae
1173 2513 1208 2540 de

196 2552 296 2578 ordine
307 2561 406 2579 eorum
421 2561 476 2579 non
490 2553 610 2581 fecerint
621 2556 806 2584 mentionem.
818 2557 901 2590 (Rae.
911 2559 957 2593 24,
969 2560 986 2586 t.
1003 2560 1074 2592 tw,
1086 2569 1153 2589 ann.
1166 2561 1204 2595 11,

195 2609 221 2628 c.
237 2601 309 2633 362.)

237 2717 249 2731 α
266 2706 410 2742 Μαῃὶεινο
421 2710 447 2734 et
458 2707 614 2736 universis
623 2708 776 2743 fratribus
787 2710 906 2740 ordinis
923 2712 956 2740 de
969 2712 1201 2752 Sempinqham.

198 2758 326 2788 Meritis
357 2762 466 2788 vestre
498 2758 673 2797 religionis
698 2778 747 2790 —.
776 2763 876 2792 Lecta
901 2765 1068 2803 siquidem
1093 2777 1203 2799 coram

196 2811 291 2840 nobis
318 2810 550 2841 universitatis
575 2817 684 2843 vestre
712 2814 828 2852 petitio
860 2817 1068 2855 continebat,
1103 2822 1201 2859 quod,

196 2863 272 2892 licet
302 2863 412 2892 ordini
439 2868 548 2894 vestro
571 2873 590 2894 a
614 2865 697 2895 Sede
714 2867 893 2904 apostolica
915 2869 958 2899 sit
978 2870 1144 2902 indultum
1162 2883 1203 2904 ne

197 2925 253 2954 per
278 2915 406 2945 litteras
432 2916 527 2946 Sedis
544 2917 692 2956 ejusdem
717 2920 888 2950 conveniri
908 2923 1056 2960 possitis,
1079 2933 1143 2963 que
1164 2926 1202 2957 de

1288 329 1403 359 ordine
1417 335 1524 360 vestro
1542 341 1605 360 non
1624 332 1763 362 fecerint
1783 333 1994 369 mentionem,
2015 334 2166 364 nonnulli
2186 339 2295 366 tamen

1289 382 1504 413 ecelesiarum
1521 384 1638 422 prelati
1658 389 1687 414 et
1702 385 1832 424 jndices.
1848 387 1968 416 vestris
1986 386 2197 418 libertatibus
2213 388 2296 418 invi-

1289 434 1415 469 dentes,
1431 446 1505 465 eum
1521 436 1650 476 aliquas
1667 437 1795 468 litteras
1809 439 1904 468 Sedis
1918 439 2062 477 predicte
2075 440 2115 470 ad
2129 449 2185 470 eos
2196 440 2298 479 impe·

1290 488 1368 516 trari
1384 489 1558 526 contingit,
1578 490 1610 519 in
1626 490 1747 529 quibus
1760 491 1960 528 generaliter
1976 493 2196 529 contineatur,
2210 493 2298 532 quod

1290 550 1353 570 non
1383 541 1513 571 obstent
1537 542 1648 582 aliqua
1674 544 1850 582 privilegia
1874 554 1933 574 seu
1953 545 2160 583 indulgentie
2177 555 2195 575 a
2213 545 2298 576 Sede

1290 595 1459 624 nominata
1471 595 1614 630 obtento,
1630 606 1686 634 per
1702 606 1765 635 que
1780 598 1937 628 attribute
1954 598 2036 636 ipsis
2049 598 2297 637 jurisdictionis

1289 647 1464 685 explicatio
1495 649 1647 687 impediri
1677 650 1783 680 valeat
1812 650 1862 680 vel
1887 651 2025 686 dillerri,
2053 657 2082 681 et
2110 651 2149 682 de
2175 651 2298 690 quihus

1288 705 1433 738 oporteat
1454 702 1523 731 lieri
1542 703 1755 732 mentionem.
1769 703 1803 732 in
1819 713 1875 733 vos
1885 704 2153 743 jurisdictionem
2167 704 2300 734 indebi-

1290 758 1353 782 tam
1375 754 1565 790 wndicare,
1594 764 1734 791 necnon,
1762 756 1947 786 litterarum
1971 757 2118 796 ipsarum
2134 761 2296 796 pretextu,

1290 815 1345 835 vos
1363 816 1498 837 evocare
1515 817 1623 837 curam
1637 818 1671 837 se
1689 809 1727 838 ad
1741 809 1905 848 judicium
1920 819 1984 839 non
2002 815 2134 840 veretur
2149 811 2184 840 in
2197 811 2299 841 totius

1291 860 1390 889 vestri
1419 860 1546 890 ordinis
1578 862 1757 891 maximum
1789 863 2010 901 prejudicium
2043 868 2074 894 et
2107 873 2298 902 gravamen.

1290 912 1418 941 Yestris
1432 913 1542 951 itaque
1559 914 1858 952 supplicationilms
1871 916 2035 951 inclinati,
2052 922 2097 951 ut,
2113 926 2169 956 per
2184 917 2299 956 hujus-

1290 965 1375 994 modi
1395 965 1521 996 litteras
1536 967 1728 1006 impetratas
1744 969 1793 998 vel
1808 969 1907 998 etiam
1924 969 2160 1008 impetrandas,
2178 979 2300 1001 conve-

1290 1019 1354 1047 niri
1385 1019 1521 1049 minime
1544 1020 1680 1050 valeatis
1702 1032 1759 1052 seu
1783 1023 1823 1052 ad
1841 1023 2004 1061 judicium
2021 1024 2162 1058 evocari,
2179 1032 2242 1063 que
2259 1023 2299 1053 de

1288 1071 1374 1101 dicto
1390 1072 1505 1102 ordine
1528 1082 1591 1102 non
1611 1074 1750 1104 fecerint
1775 1075 1987 1109 mentionem,
2006 1075 2046 1105 ad
2065 1076 2170 1105 instar
2190 1075 2300 1106 felicis

1289 1125 1526 1154 recordationis
1549 1128 1570 1156 ΙΔ
1592 1136 1672 1165 pape
1699 1128 1941 1165 predecessoris
1961 1129 2082 1162 nostri,
2101 1129 2300 1159 auctoritate

1291 1180 1382 1209 vobis
1401 1180 1604 1217 presentium
1623 1180 1846 1217 indulgenuts.
1866 1181 1958 1210 Nulli
1973 1186 2034 1211 etc.
2049 1182 2153 1211 nostri
2167 1191 2301 1212 conces-

1290 1232 1395 1261 sionis
1411 1237 1472 1262 etc.
1487 1234 1559 1262 Dat.
1575 1234 1741 1267 Laterani,
1761 1234 1857 1263 nouis
1870 1234 1996 1272 aprilis,
2014 1244 2101 1264 anno
2115 1235 2298 1265 secundo.»

1364 1382 1478 1426 mie

1326 1460 1439 1486 Eisdem
1459 1465 1574 1495 propter
1595 1461 1782 1495 indigentiam
1800 1462 1933 1488 concedit
1951 1462 2102 1488 ecclesiam
2116 1463 2150 1488 de
2169 1462 2300 1498 Orbting,

1903 1399 2018 1431 Lau-an,
2035 1400 2048 1426 4
2064 1401 2133 1426 avril
2153 1400 2228 1428 ¹256.

1291 1510 1502 1536 Lincolnieusis
1525 1510 1660 1540 diocesis.
1685 1511 1711 1536 in
1739 1519 1810 1536 usus
1836 1512 1977 1545 proprios.
2002 1511 2084 1543 (111-,0.
2107 1512 2152 1544 ⁶24,
2178 1512 2197 1538 f.
2227 1511 2298 1544 164¹,

1289 1567 1354 1586 ann.
1374 1559 1453 1589 11‚c.
1467 1559 1554 1590 262².)

1332 1673 1343 1686 κ
1366 1662 1510 1698 1110913110
1526 1666 1551 1690 et
1567 1662 1720 1697 fratribus
1737 1663 1918 1690 monosterii
1934 1662 1967 1690 cle
1983 1662 2217 1699 Smnpinssham,
2232 1663 2302 1691 Lin-

1290 1715 1455 1742 ‹olniensis
1475 1714 1611 1742 diocesis.
1638 1714 1681 1743 Ex
1705 1718 1816 1743 tenore
1840 1718 1948 1744 vestre
1974 1714 2146 1752 petitionis
2176 1714 2301 1753 accepi-

1290 1776 1363 1795 mus
1390 1766 1487 1805 quod,
1514 1766 1622 1796 felicis
1650 1767 1887 1796 recordationis
1912 1768 1936 1796 Ι.
1961 1776 2043 1805 papa
2067 1767 2302 1805 predecessore

1291 1824 1403 1849 nostro
1427 1819 1594 1848 intellecto
1612 1820 1734 1849 dudum
1752 1820 1990 1849 monasterium
2009 1825 2166 1853 vestrum,
2185 1820 2218 1850 in
2235 1829 2303 1859 quo

1291 1873 1429 1902 ducente
1448 1872 1604 1901 mulieres
1624 1873 1685 1902 sul»
1704 1873 1847 1909 regulari
1865 1873 2077 1903 observantia
2093 1882 2302 1903 commoran-

1293 1930 1361 1961 tur,
1382 1926 1461 1955 adeo
1481 1930 1595 1955 tenues
1612 1931 1792 1963 proventus
1809 1925 1930 1955 habere
1945 1949 1950 1960 ,
1970 1926 2056 1964 quod
2073 1925 2233 1956 nonnulle
2249 1925 2302 1964 ip·

1291 1988 1413 2013 sarum,
1426 1987 1484 2016 pro
1501 1978 1766 2008 necessariorum
1783 1978 1924 2013 defectu,
1940 1978 2130 2009 debilitates
2144 1978 2254 2009 varias
2268 1983 2302 2009 et.

1290 2041 1407 2069 graves
1420 2031 1565 2069 corporis
1578 2032 1790 2061 infirmitates
1803 2032 2025 2066 incurrerant,
2042 2040 2079 2061 ac
2095 2035 2228 2070 propter
2237 2031 2303 2062 hoc

1290 2084 1404 2114 volens
1423 2090 1531 2114 vestre
1558 2084 1742 2121 indigentie
1769 2085 1942 2119 misereri,
1971 2084 2146 2114 ecclesiam
2169 2084 2208 2115 de
2237 2084 2301 2116 Or-

1290 2138 1413 2176 blinge,
1440 2137 1686 2168 Liucolniensis
1709 2138 1868 2172 diocesis,
1899 2138 1951 2166 vix
1975 2137 2188 2168 excedentem
2208 2137 2302 2168 valo-

1291 2200 1358 2221 rem
1379 2200 1527 2220 annuum
1541 2191 1677 2229 triginta
1695 2200 1881 2220 marcarum
1895 2191 2035 2229 argenti,
2049 2191 2085 2220 in
2097 2200 2163 2230 qua
2174 2191 2230 2230 jus
2240 2199 2300 2230 pa-

1291 2248 1440 2274 tronatus
1457 2244 1599 2279 habetis,
1618 2244 1712 2283 cujus
1729 2244 1829 2274 etiam
1844 2248 2022 2282 proventus
2039 2244 2073 2273 in
2090 2244 2172 2274 duas
2188 2247 2301 2282 partes

1289 2296 1388 2326 divisi
1405 2305 1424 2326 a
1444 2296 1589 2332 duabus,
1609 2302 1643 2326 ut
1661 2297 1793 2332 dicitur,
1812 2297 2042 2335 percipiuntur
2062 2297 2225 2335 personis,
2249 2296 2301 2327 eis

1289 2349 1483 2379 cedentibus
1500 2349 1551 2379 vel
1570 2349 1821 2385 decedentibus,
1841 2349 1875 2378 in
1891 2358 1973 2379 usus
1987 2349 2138 2388 proprios
2157 2349 2197 2378 ad
2212 2348 2299 2379 rele-

1289 2402 1395 2431 vanda
1411 2402 1603 2441 hujusmodi
1621 2403 1824 2441 paupertatis
1838 2411 1940 2432 onera
1956 2402 2124 2432 retinendi
2141 2406 2172 2432 et
2185 2402 2300 2440 ingre-

1289 2455 1402 2484 diendi
1420 2455 1492 2485 sine
1505 2455 1674 2485 diocesani
1690 2465 1842 2487 assensu,
1856 2455 2133 2494 quandocumque
2143 2463 2302 2494 persona-

1289 2517 1363 2538 rum
1387 2508 1534 2546 ipsarum
1558 2508 1661 2538 altera
1684 2509 1821 2539 cesserit
1839 2508 1892 2539 vel
1907 2508 2098 2544 decesserit,
2118 2507 2222 2546 partis
2238 2516 2300 2538 sue

1289 2570 1326 2591 ac
1349 2561 1568 2599 postmodum,
1587 2570 1661 2592 cum
1677 2562 1715 2592 (10
1737 2561 1866 2600 reliqua
1883 2561 1972 2592 idem
1990 2560 2177 2599 contigerit,
2195 2560 2300 2591 totius

1289 2614 1428 2644 ecclesie
1439 2615 1685 2653 possessionem
1697 2615 1790 2645 vobis
1805 2614 1996 2644 facultatem
2013 2613 2075 2644 sub
2091 2617 2181 2644 certa
2191 2613 2301 2644 forma

1288 2667 1472 2703 concessit,
1489 2672 1585 2706 prout
1604 2668 1638 2697 in
1655 2668 1899 2707 predecessoris
1919 2667 2067 2706 ejusdem
2087 2666 2210 2697 litteris
2227 2665 2302 2705 ple-¹

1287 2719 1364 2749 nius
1381 2719 1504 2749 dicitur
1521 2721 1696 2750 contineri.
1718 2721 1787 2750 Nos
1805 2720 1928 2759 itaque,
1946 2719 2067 2749 vestris
2086 2718 2300 2757 supplicatio-

1287 2771 1386 2802 nibus
1404 2772 1568 2808 inclinati,
1582 2777 1617 2803 ut
1631 2773 1737 2811 gratia
1753 2782 1852 2812 super
1863 2773 1925 2802 1100
1941 2772 2029 2802 facta
2041 2771 2136 2802 vobis
2152 2771 2296 2810 gaudere

1285 2825 1439 2863 possitis,
1459 2825 1626 2856 devotioni
1645 2831 1753 2856 vestre
1770 2825 1966 2856 auctoritate
1981 2824 2188 2864 presentium
2203 2823 2301 2854 duxi-

1284 2885 1359 2906 mus
1385 2878 1642 2908 concedenduzn.
1662 2878 1756 2909 Nulli
1773 2882 1832 2909 etc.
1853 2882 1964 2908 nostre
1983 2876 2211 2907 concessionis
2231 2879 2296 2906 etc.

1285 2929 1359 2959 Dat.
1379 2931 1546 2967 Laterani,
1568 2932 1598 2962 11
1617 2940 1721 2962 nonas
1738 2931 1866 2970 aprilis,
1884 2939 1971 2961 anno
1985 2929 2142 2960 secundo.
2161 2940 2175 2956 1³
