<?xml version="1.0" encoding="UTF-8"?>
<!DOCTYPE html PUBLIC "-//W3C//DTD XHTML 1.0 Transitional//EN"
    "http://www.w3.org/TR/xhtml1/DTD/xhtml1-transitional.dtd">
<html xmlns="http://www.w3.org/1999/xhtml" xml:lang="en" lang="en">
 <head>
  <title>
</title>
<meta http-equiv="Content-Type" content="text/html;charset=utf-8" />
  <meta name='ocr-system' content='tesseract 3.04.00' />
  <meta name='ocr-capabilities' content='ocr_page ocr_carea ocr_par ocr_line ocrx_word'/>
</head>
<body>
  <div class='ocr_page' id='page_1' title='image "./lesregistresdale01cathuoft_0172.png"; bbox 0 0 2441 3330; ppageno 0'>
   <div class='ocr_carea' id='block_1_1' title="bbox 156 195 1527 231">
    <p class='ocr_par' dir='ltr' id='par_1_1' title="bbox 156 195 1527 231">
     <span class='ocr_line' id='line_1_1' title="bbox 156 195 1527 231; baseline 0.005 -10"><span class='ocrx_word' id='word_1_1' title='bbox 156 202 208 231; x_wconf 64' lang='lat'>152</span> <span class='ocrx_word' id='word_1_2' title='bbox 880 196 1120 228; x_wconf 85' lang='lat' dir='ltr'>REGISTRES</span> <span class='ocrx_word' id='word_1_3' title='bbox 1141 195 1448 227; x_wconf 79' lang='lat' dir='ltr'>D&#39;ALEXANDRE</span> <span class='ocrx_word' id='word_1_4' title='bbox 1471 198 1527 228; x_wconf 88' lang='lat' dir='ltr'>IV.</span> 
     </span>
    </p>
   </div>
   <div class='ocr_carea' id='block_1_2' title="bbox 153 261 1166 1042">
    <p class='ocr_par' dir='ltr' id='par_1_2' title="bbox 155 261 1166 927">
     <span class='ocr_line' id='line_1_2' title="bbox 155 261 1162 303; baseline -0.001 -11"><span class='ocrx_word' id='word_1_5' title='bbox 155 278 167 292; x_wconf 85' lang='lat'>»</span> <span class='ocrx_word' id='word_1_6' title='bbox 193 265 374 303; x_wconf 90' lang='lat' dir='ltr'>capitulum</span> <span class='ocrx_word' id='word_1_7' title='bbox 392 263 617 294; x_wconf 88' lang='lat' dir='ltr'>Bituricensia</span> <span class='ocrx_word' id='word_1_8' title='bbox 632 263 806 293; x_wconf 87' lang='lat' dir='ltr'>humiliter</span> <span class='ocrx_word' id='word_1_9' title='bbox 819 262 1045 301; x_wconf 89' lang='lat' dir='ltr'>supplicamus</span> <span class='ocrx_word' id='word_1_10' title='bbox 1057 261 1162 301; x_wconf 89' lang='lat' dir='ltr'>quati-</span> 
     </span>
     <span class='ocr_line' id='line_1_3' title="bbox 157 315 1160 354; baseline -0.004 -7"><span class='ocrx_word' id='word_1_11' title='bbox 157 331 168 344; x_wconf 85' lang='lat'>»</span> <span class='ocrx_word' id='word_1_12' title='bbox 195 327 257 347; x_wconf 82' lang='lat' dir='ltr'>uus</span> <span class='ocrx_word' id='word_1_13' title='bbox 271 317 514 347; x_wconf 77' lang='lat' dir='ltr'>ordinationem</span> <span class='ocrx_word' id='word_1_14' title='bbox 531 316 722 354; x_wconf 85' lang='lat' dir='ltr'>hujusmodi</span> <span class='ocrx_word' id='word_1_15' title='bbox 738 316 792 354; x_wconf 88' lang='lat' dir='ltr'>pic</span> <span class='ocrx_word' id='word_1_16' title='bbox 813 324 849 345; x_wconf 88' lang='lat' dir='ltr'>ac</span> <span class='ocrx_word' id='word_1_17' title='bbox 865 315 999 353; x_wconf 82' lang='lat' dir='ltr'>provide</span> <span class='ocrx_word' id='word_1_18' title='bbox 1020 319 1160 353; x_wconf 85' lang='lat' dir='ltr'>pactam,</span> 
     </span>
     <span class='ocr_line' id='line_1_4' title="bbox 156 368 1163 408; baseline -0.002 -9"><span class='ocrx_word' id='word_1_19' title='bbox 156 384 167 396; x_wconf 73' lang='grc' dir='ltr'>ιι</span> <span class='ocrx_word' id='word_1_20' title='bbox 193 379 266 399; x_wconf 90' lang='lat' dir='ltr'>cum</span> <span class='ocrx_word' id='word_1_21' title='bbox 282 378 340 408; x_wconf 88' lang='lat' dir='ltr'>per</span> <span class='ocrx_word' id='word_1_22' title='bbox 357 378 429 398; x_wconf 79' lang='lat' dir='ltr'>cam</span> <span class='ocrx_word' id='word_1_23' title='bbox 452 373 518 399; x_wconf 89' lang='lat' dir='ltr'>tam</span> <span class='ocrx_word' id='word_1_24' title='bbox 539 368 643 399; x_wconf 87' lang='lat' dir='ltr'>cultui</span> <span class='ocrx_word' id='word_1_25' title='bbox 660 369 773 399; x_wconf 89' lang='lat' dir='ltr'>divino</span> <span class='ocrx_word' id='word_1_26' title='bbox 796 377 894 407; x_wconf 89' lang='lat' dir='ltr'>quam</span> <span class='ocrx_word' id='word_1_27' title='bbox 918 368 1018 398; x_wconf 85' lang='lat' dir='ltr'>etiam</span> <span class='ocrx_word' id='word_1_28' title='bbox 1036 368 1109 406; x_wconf 90' lang='lat' dir='ltr'>paci</span> <span class='ocrx_word' id='word_1_29' title='bbox 1132 371 1163 397; x_wconf 88' lang='lat' dir='ltr'>et</span> 
     </span>
     <span class='ocr_line' id='line_1_5' title="bbox 156 420 1160 461; baseline -0.002 -9"><span class='ocrx_word' id='word_1_30' title='bbox 156 436 166 449; x_wconf 85' lang='lat'>»</span> <span class='ocrx_word' id='word_1_31' title='bbox 193 422 428 461; x_wconf 78' lang='lat' dir='ltr'>tranquillitati</span> <span class='ocrx_word' id='word_1_32' title='bbox 450 427 561 452; x_wconf 90' lang='lat' dir='ltr'>nostre</span> <span class='ocrx_word' id='word_1_33' title='bbox 579 422 717 451; x_wconf 83' lang='lat' dir='ltr'>ecclesie</span> <span class='ocrx_word' id='word_1_34' title='bbox 737 422 779 451; x_wconf 89' lang='lat' dir='ltr'>sit</span> <span class='ocrx_word' id='word_1_35' title='bbox 797 421 978 460; x_wconf 84' lang='lat' dir='ltr'>provisum,</span> <span class='ocrx_word' id='word_1_36' title='bbox 996 421 1024 450; x_wconf 90' lang='lat' dir='ltr'>si</span> <span class='ocrx_word' id='word_1_37' title='bbox 1044 420 1160 458; x_wconf 85' lang='lat' dir='ltr'>placet,</span> 
     </span>
     <span class='ocr_line' id='line_1_6' title="bbox 156 474 1164 513; baseline -0.002 -9"><span class='ocrx_word' id='word_1_38' title='bbox 156 490 168 501; x_wconf 80' lang='lat'>»</span> <span class='ocrx_word' id='word_1_39' title='bbox 194 475 378 513; x_wconf 69' lang='lat' dir='ltr'>dignemini</span> <span class='ocrx_word' id='word_1_40' title='bbox 392 475 599 505; x_wconf 82' lang='lat' dir='ltr'>confirmare.</span> <span class='ocrx_word' id='word_1_41' title='bbox 610 475 683 504; x_wconf 85' lang='lat' dir='ltr'>Non</span> <span class='ocrx_word' id='word_1_42' title='bbox 696 474 847 504; x_wconf 86' lang='lat' dir='ltr'>obstante</span> <span class='ocrx_word' id='word_1_43' title='bbox 857 474 1046 513; x_wconf 87' lang='lat' dir='ltr'>juramento</span> <span class='ocrx_word' id='word_1_44' title='bbox 1057 482 1164 512; x_wconf 90' lang='lat' dir='ltr'>quon-</span> 
     </span>
     <span class='ocr_line' id='line_1_7' title="bbox 156 525 1163 565; baseline -0.001 -10"><span class='ocrx_word' id='word_1_45' title='bbox 156 542 167 553; x_wconf 81' lang='lat'>»</span> <span class='ocrx_word' id='word_1_46' title='bbox 193 528 266 557; x_wconf 88' lang='lat' dir='ltr'>dam</span> <span class='ocrx_word' id='word_1_47' title='bbox 300 527 439 565; x_wconf 82' lang='lat' dir='ltr'>prestito</span> <span class='ocrx_word' id='word_1_48' title='bbox 464 527 502 557; x_wconf 88' lang='lat' dir='ltr'>de</span> <span class='ocrx_word' id='word_1_49' title='bbox 526 526 732 556; x_wconf 82' lang='lat' dir='ltr'>observanda</span> <span class='ocrx_word' id='word_1_50' title='bbox 757 526 903 564; x_wconf 87' lang='lat' dir='ltr'>predicta</span> <span class='ocrx_word' id='word_1_51' title='bbox 926 525 1163 555; x_wconf 88' lang='lat' dir='ltr'>constitutione</span> 
     </span>
     <span class='ocr_line' id='line_1_8' title="bbox 156 577 1161 617; baseline -0.001 -10"><span class='ocrx_word' id='word_1_52' title='bbox 156 594 168 607; x_wconf 58' lang='grc' dir='ltr'>,ι</span> <span class='ocrx_word' id='word_1_53' title='bbox 195 582 280 611; x_wconf 78' lang='lat' dir='ltr'>sacta</span> <span class='ocrx_word' id='word_1_54' title='bbox 293 581 454 610; x_wconf 78' lang='lat' dir='ltr'>decanatu</span> <span class='ocrx_word' id='word_1_55' title='bbox 470 584 607 609; x_wconf 82' lang='lat' dir='ltr'>vacante</span> <span class='ocrx_word' id='word_1_56' title='bbox 618 579 799 617; x_wconf 82' lang='lat' dir='ltr'>superjure</span> <span class='ocrx_word' id='word_1_57' title='bbox 811 578 990 608; x_wconf 86' lang='lat' dir='ltr'>decanatus</span> <span class='ocrx_word' id='word_1_58' title='bbox 1003 577 1161 616; x_wconf 81' lang='lat' dir='ltr'>ejusdem,</span> 
     </span>
     <span class='ocr_line' id='line_1_9' title="bbox 155 631 1164 672; baseline -0.001 -11"><span class='ocrx_word' id='word_1_59' title='bbox 155 647 167 661; x_wconf 67' lang='lat' dir='ltr'>n</span> <span class='ocrx_word' id='word_1_60' title='bbox 195 636 253 663; x_wconf 73' lang='lat' dir='ltr'>nos</span> <span class='ocrx_word' id='word_1_61' title='bbox 270 644 284 663; x_wconf 90' lang='lat' dir='ltr'>a</span> <span class='ocrx_word' id='word_1_62' title='bbox 298 632 782 672; x_wconf 70' lang='lat' dir='ltr'>predictojuramentopenitus</span> <span class='ocrx_word' id='word_1_63' title='bbox 792 631 1096 665; x_wconf 52' lang='lat' dir='ltr'>absolventescum</span> <span class='ocrx_word' id='word_1_64' title='bbox 1107 631 1164 661; x_wconf 88' lang='lat' dir='ltr'>illa</span> 
     </span>
     <span class='ocr_line' id='line_1_10' title="bbox 156 684 1163 715; baseline -0.002 0"><span class='ocrx_word' id='word_1_65' title='bbox 156 699 168 712; x_wconf 59' lang='grc' dir='ltr'>υ</span> <span class='ocrx_word' id='word_1_66' title='bbox 194 686 360 715; x_wconf 84' lang='lat' dir='ltr'>ordinatio</span> <span class='ocrx_word' id='word_1_67' title='bbox 375 686 459 715; x_wconf 86' lang='lat' dir='ltr'>sacta</span> <span class='ocrx_word' id='word_1_68' title='bbox 475 685 635 715; x_wconf 88' lang='lat' dir='ltr'>decanatu</span> <span class='ocrx_word' id='word_1_69' title='bbox 651 689 787 715; x_wconf 85' lang='lat' dir='ltr'>vacante</span> <span class='ocrx_word' id='word_1_70' title='bbox 799 694 874 714; x_wconf 87' lang='lat' dir='ltr'>cum</span> <span class='ocrx_word' id='word_1_71' title='bbox 885 684 949 714; x_wconf 92' lang='lat' dir='ltr'>ista</span> <span class='ocrx_word' id='word_1_72' title='bbox 961 684 1078 713; x_wconf 89' lang='lat' dir='ltr'>ultima</span> <span class='ocrx_word' id='word_1_73' title='bbox 1091 684 1163 714; x_wconf 90' lang='lat' dir='ltr'>sine</span> 
     </span>
     <span class='ocr_line' id='line_1_11' title="bbox 156 737 1164 778; baseline -0.001 -10"><span class='ocrx_word' id='word_1_74' title='bbox 156 753 168 765; x_wconf 83' lang='lat'>»</span> <span class='ocrx_word' id='word_1_75' title='bbox 194 739 340 778; x_wconf 84' lang='lat' dir='ltr'>perjurio</span> <span class='ocrx_word' id='word_1_76' title='bbox 357 747 421 768; x_wconf 88' lang='lat' dir='ltr'>non</span> <span class='ocrx_word' id='word_1_77' title='bbox 439 738 545 768; x_wconf 83' lang='lat' dir='ltr'>valeat</span> <span class='ocrx_word' id='word_1_78' title='bbox 562 738 742 768; x_wconf 83' lang='lat' dir='ltr'>observari.</span> <span class='ocrx_word' id='word_1_79' title='bbox 761 739 834 768; x_wconf 89' lang='lat' dir='ltr'>Dat.</span> <span class='ocrx_word' id='word_1_80' title='bbox 853 742 883 767; x_wconf 89' lang='lat' dir='ltr'>et</span> <span class='ocrx_word' id='word_1_81' title='bbox 901 737 1022 775; x_wconf 77' lang='lat' dir='ltr'>sigillis</span> <span class='ocrx_word' id='word_1_82' title='bbox 1042 737 1164 767; x_wconf 90' lang='lat' dir='ltr'>nostris</span> 
     </span>
     <span class='ocr_line' id='line_1_12' title="bbox 156 789 1162 829; baseline 0 -11"><span class='ocrx_word' id='word_1_83' title='bbox 156 804 167 818; x_wconf 83' lang='lat'>»</span> <span class='ocrx_word' id='word_1_84' title='bbox 194 791 389 829; x_wconf 66' lang='lat' dir='ltr'>sigillatum,</span> <span class='ocrx_word' id='word_1_85' title='bbox 409 799 495 820; x_wconf 87' lang='lat' dir='ltr'>anno</span> <span class='ocrx_word' id='word_1_86' title='bbox 511 790 645 820; x_wconf 81' lang='lat' dir='ltr'>Domini</span> <span class='ocrx_word' id='word_1_87' title='bbox 661 790 885 821; x_wconf 56' lang='lat' dir='ltr'>310CC01211110</span> <span class='ocrx_word' id='word_1_88' title='bbox 903 798 1016 820; x_wconf 85' lang='lat' dir='ltr'>mense</span> <span class='ocrx_word' id='word_1_89' title='bbox 1032 789 1162 819; x_wconf 90' lang='lat' dir='ltr'>martio.</span> 
     </span>
     <span class='ocr_line' id='line_1_13' title="bbox 156 842 1166 874; baseline -0.002 0"><span class='ocrx_word' id='word_1_90' title='bbox 156 857 168 870; x_wconf 90' lang='lat'>»</span> <span class='ocrx_word' id='word_1_91' title='bbox 194 844 355 874; x_wconf 84' lang='lat' dir='ltr'>Dominus</span> <span class='ocrx_word' id='word_1_92' title='bbox 371 844 494 874; x_wconf 75' lang='lat' dir='ltr'>.lliesus</span> <span class='ocrx_word' id='word_1_93' title='bbox 511 843 665 874; x_wconf 89' lang='lat' dir='ltr'>Christus</span> <span class='ocrx_word' id='word_1_94' title='bbox 684 852 742 873; x_wconf 91' lang='lat' dir='ltr'>suo</span> <span class='ocrx_word' id='word_1_95' title='bbox 759 847 871 873; x_wconf 87' lang='lat' dir='ltr'>sancte</span> <span class='ocrx_word' id='word_1_96' title='bbox 888 842 1027 873; x_wconf 81' lang='lat' dir='ltr'>ecclesie</span> <span class='ocrx_word' id='word_1_97' title='bbox 1043 842 1099 872; x_wconf 90' lang='lat' dir='ltr'>diu</span> <span class='ocrx_word' id='word_1_98' title='bbox 1117 851 1166 872; x_wconf 91' lang='lat' dir='ltr'>sa-</span> 
     </span>
     <span class='ocr_line' id='line_1_14' title="bbox 156 897 838 927; baseline -0.001 0"><span class='ocrx_word' id='word_1_99' title='bbox 156 910 167 924; x_wconf 79' lang='lat'>»</span> <span class='ocrx_word' id='word_1_100' title='bbox 194 906 273 927; x_wconf 89' lang='lat' dir='ltr'>num</span> <span class='ocrx_word' id='word_1_101' title='bbox 289 902 318 927; x_wconf 78' lang='lat' dir='ltr'>ot</span> <span class='ocrx_word' id='word_1_102' title='bbox 336 897 525 927; x_wconf 82' lang='lat' dir='ltr'>incolumen</span> <span class='ocrx_word' id='word_1_103' title='bbox 543 905 599 926; x_wconf 87' lang='lat' dir='ltr'>vos</span> <span class='ocrx_word' id='word_1_104' title='bbox 616 901 798 926; x_wconf 88' lang='lat' dir='ltr'>conservet.</span> <span class='ocrx_word' id='word_1_105' title='bbox 826 909 838 922; x_wconf 75' lang='lat'>&gt;1</span> 
     </span>
    </p>

    <p class='ocr_par' dir='ltr' id='par_1_3' title="bbox 153 949 1162 1042">
     <span class='ocr_line' id='line_1_15' title="bbox 194 949 1162 987; baseline -0.001 -8"><span class='ocrx_word' id='word_1_106' title='bbox 194 950 297 980; x_wconf 82' lang='lat' dir='ltr'>Nulli.</span> <span class='ocrx_word' id='word_1_107' title='bbox 324 954 384 979; x_wconf 80' lang='lat' dir='ltr'>etc.</span> <span class='ocrx_word' id='word_1_108' title='bbox 408 954 518 979; x_wconf 81' lang='lat' dir='ltr'>nostre</span> <span class='ocrx_word' id='word_1_109' title='bbox 542 949 805 979; x_wconf 84' lang='lat' dir='ltr'>confirmationis</span> <span class='ocrx_word' id='word_1_110' title='bbox 823 954 883 979; x_wconf 87' lang='lat' dir='ltr'>etc.</span> <span class='ocrx_word' id='word_1_111' title='bbox 903 950 975 979; x_wconf 89' lang='lat' dir='ltr'>Dat.</span> <span class='ocrx_word' id='word_1_112' title='bbox 999 949 1162 987; x_wconf 77' lang='lat' dir='ltr'>Anagnie,</span> 
     </span>
     <span class='ocr_line' id='line_1_16' title="bbox 153 1002 732 1042; baseline -0.007 -9"><span class='ocrx_word' id='word_1_113' title='bbox 153 1006 181 1034; x_wconf 79' lang='lat' dir='ltr'>V</span> <span class='ocrx_word' id='word_1_114' title='bbox 197 1004 356 1033; x_wconf 81' lang='lat' dir='ltr'>kalendas</span> <span class='ocrx_word' id='word_1_115' title='bbox 371 1003 460 1042; x_wconf 83' lang='lat' dir='ltr'>julii,</span> <span class='ocrx_word' id='word_1_116' title='bbox 479 1011 566 1032; x_wconf 90' lang='lat' dir='ltr'>anno</span> <span class='ocrx_word' id='word_1_117' title='bbox 581 1002 699 1040; x_wconf 87' lang='lat' dir='ltr'>primo.</span> <span class='ocrx_word' id='word_1_118' title='bbox 720 1014 732 1028; x_wconf 73' lang='lat'>1&gt;</span> 
     </span>
    </p>
   </div>
   <div class='ocr_carea' id='block_1_3' title="bbox 223 1176 311 1205">
    <p class='ocr_par' dir='ltr' id='par_1_4' title="bbox 223 1176 311 1205">
     <span class='ocr_line' id='line_1_17' title="bbox 223 1176 311 1205; baseline -0.023 0"><span class='ocrx_word' id='word_1_119' title='bbox 223 1176 311 1205; x_wconf 72' lang='lat'>546</span> 
     </span>
    </p>
   </div>
   <div class='ocr_carea' id='block_1_4' title="bbox 152 1234 1163 1367">
    <p class='ocr_par' dir='ltr' id='par_1_5' title="bbox 152 1234 1163 1367">
     <span class='ocr_line' id='line_1_18' title="bbox 188 1234 1161 1269; baseline -0.002 -6"><span class='ocrx_word' id='word_1_120' title='bbox 188 1237 402 1263; x_wconf 82' lang='lat' dir='ltr'>Archidiacouo</span> <span class='ocrx_word' id='word_1_121' title='bbox 415 1235 644 1267; x_wconf 74' lang='lat' dir='ltr'>&#39;si-ausligerensi</span> <span class='ocrx_word' id='word_1_122' title='bbox 656 1239 684 1260; x_wconf 84' lang='lat' dir='ltr'>et</span> <span class='ocrx_word' id='word_1_123' title='bbox 695 1235 804 1261; x_wconf 86' lang='lat' dir='ltr'>officiali</span> <span class='ocrx_word' id='word_1_124' title='bbox 818 1234 1022 1269; x_wconf 79' lang='lat' dir='ltr'>Andegavensi</span> <span class='ocrx_word' id='word_1_125' title='bbox 1038 1235 1161 1269; x_wconf 82' lang='lat' dir='ltr'>mandat,</span> 
     </span>
     <span class='ocr_line' id='line_1_19' title="bbox 152 1283 1163 1320; baseline -0.002 -8"><span class='ocrx_word' id='word_1_126' title='bbox 152 1287 287 1320; x_wconf 74' lang='lat' dir='ltr'>quatinus</span> <span class='ocrx_word' id='word_1_127' title='bbox 304 1286 375 1310; x_wconf 76' lang='lat' dir='ltr'>iufra</span> <span class='ocrx_word' id='word_1_128' title='bbox 391 1284 464 1310; x_wconf 84' lang='lat' dir='ltr'>duos</span> <span class='ocrx_word' id='word_1_129' title='bbox 481 1291 597 1309; x_wconf 82' lang='lat' dir='ltr'>menses</span> <span class='ocrx_word' id='word_1_130' title='bbox 612 1284 778 1310; x_wconf 80' lang='lat' dir='ltr'>convocatis</span> <span class='ocrx_word' id='word_1_131' title='bbox 789 1283 926 1318; x_wconf 86' lang='lat' dir='ltr'>episcopo</span> <span class='ocrx_word' id='word_1_132' title='bbox 942 1283 1120 1310; x_wconf 81' lang='lat' dir='ltr'>Nannetensi</span> <span class='ocrx_word' id='word_1_133' title='bbox 1135 1288 1163 1310; x_wconf 88' lang='lat' dir='ltr'>et</span> 
     </span>
     <span class='ocr_line' id='line_1_20' title="bbox 152 1332 1163 1367; baseline -0.001 -7"><span class='ocrx_word' id='word_1_134' title='bbox 152 1334 256 1361; x_wconf 76' lang='lat' dir='ltr'>comite</span> <span class='ocrx_word' id='word_1_135' title='bbox 274 1333 447 1366; x_wconf 76' lang='lat' dir='ltr'>Britanniae,</span> <span class='ocrx_word' id='word_1_136' title='bbox 466 1333 609 1358; x_wconf 74' lang='lat' dir='ltr'>instruant</span> <span class='ocrx_word' id='word_1_137' title='bbox 624 1333 850 1358; x_wconf 73' lang='lat' dir='ltr'>contestationes</span> <span class='ocrx_word' id='word_1_138' title='bbox 868 1333 940 1358; x_wconf 80' lang='lat' dir='ltr'>inter</span> <span class='ocrx_word' id='word_1_139' title='bbox 955 1332 1047 1359; x_wconf 86' lang='lat' dir='ltr'>dictas</span> <span class='ocrx_word' id='word_1_140' title='bbox 1067 1337 1163 1367; x_wconf 82' lang='lat' dir='ltr'>partes</span> 
     </span>
    </p>
   </div>
   <div class='ocr_carea' id='block_1_5' title="bbox 741 1173 1090 1207">
    <p class='ocr_par' dir='ltr' id='par_1_6' title="bbox 741 1173 1090 1207">
     <span class='ocr_line' id='line_1_21' title="bbox 741 1173 1090 1207; baseline 0.006 -9"><span class='ocrx_word' id='word_1_141' title='bbox 741 1173 857 1207; x_wconf 77' lang='lat' dir='ltr'>Naplcs,</span> <span class='ocrx_word' id='word_1_142' title='bbox 876 1173 909 1201; x_wconf 86' lang='lat'>30</span> <span class='ocrx_word' id='word_1_143' title='bbox 925 1173 994 1199; x_wconf 81' lang='lat' dir='ltr'>avril</span> <span class='ocrx_word' id='word_1_144' title='bbox 1014 1173 1090 1200; x_wconf 62' lang='lat'>1255.</span> 
     </span>
    </p>
   </div>
   <div class='ocr_carea' id='block_1_6' title="bbox 152 1381 1163 1514">
    <p class='ocr_par' dir='ltr' id='par_1_7' title="bbox 152 1381 1163 1514">
     <span class='ocr_line' id='line_1_22' title="bbox 152 1381 1163 1416; baseline -0.003 -6"><span class='ocrx_word' id='word_1_145' title='bbox 152 1384 321 1415; x_wconf 77' lang='lat' dir='ltr'>existentes,</span> <span class='ocrx_word' id='word_1_146' title='bbox 342 1382 368 1408; x_wconf 91' lang='lat' dir='ltr'>in</span> <span class='ocrx_word' id='word_1_147' title='bbox 393 1381 592 1415; x_wconf 68' lang='lat' dir='ltr'>praesentibus</span> <span class='ocrx_word' id='word_1_148' title='bbox 608 1381 709 1407; x_wconf 76' lang='lat' dir='ltr'>litteris</span> <span class='ocrx_word' id='word_1_149' title='bbox 726 1381 859 1415; x_wconf 76' lang='lat' dir='ltr'>insertas,</span> <span class='ocrx_word' id='word_1_150' title='bbox 876 1385 904 1407; x_wconf 88' lang='lat' dir='ltr'>et</span> <span class='ocrx_word' id='word_1_151' title='bbox 920 1382 1066 1416; x_wconf 81' lang='lat' dir='ltr'>negotium</span> <span class='ocrx_word' id='word_1_152' title='bbox 1083 1381 1163 1408; x_wconf 85' lang='lat' dir='ltr'>suffi-</span> 
     </span>
     <span class='ocr_line' id='line_1_23' title="bbox 153 1429 1162 1464; baseline -0.002 -5"><span class='ocrx_word' id='word_1_153' title='bbox 153 1433 260 1459; x_wconf 73' lang='lat' dir='ltr'>cienter</span> <span class='ocrx_word' id='word_1_154' title='bbox 287 1433 459 1457; x_wconf 76' lang='lat' dir='ltr'>instructum</span> <span class='ocrx_word' id='word_1_155' title='bbox 485 1430 518 1455; x_wconf 88' lang='lat' dir='ltr'>ad</span> <span class='ocrx_word' id='word_1_156' title='bbox 545 1438 664 1456; x_wconf 80' lang='lat' dir='ltr'>examen</span> <span class='ocrx_word' id='word_1_157' title='bbox 696 1429 780 1456; x_wconf 82' lang='lat' dir='ltr'>Sedis</span> <span class='ocrx_word' id='word_1_158' title='bbox 806 1430 979 1464; x_wconf 83' lang='lat' dir='ltr'>apostolicae</span> <span class='ocrx_word' id='word_1_159' title='bbox 1005 1431 1162 1457; x_wconf 79' lang='lat' dir='ltr'>remittant.</span> 
     </span>
     <span class='ocr_line' id='line_1_24' title="bbox 153 1479 554 1514; baseline -0.005 -7"><span class='ocrx_word' id='word_1_160' title='bbox 153 1481 237 1514; x_wconf 62' lang='lat' dir='ltr'>(lieo.</span> <span class='ocrx_word' id='word_1_161' title='bbox 254 1481 298 1511; x_wconf 69' lang='lat'>⁵24,</span> <span class='ocrx_word' id='word_1_162' title='bbox 315 1488 340 1506; x_wconf 88' lang='lat' dir='ltr'>c.</span> <span class='ocrx_word' id='word_1_163' title='bbox 359 1480 460 1510; x_wconf 73' lang='lat' dir='ltr'>451²,f</span> <span class='ocrx_word' id='word_1_164' title='bbox 486 1479 554 1513; x_wconf 53' lang='grc' dir='ltr'>θίαν.)</span> 
     </span>
    </p>
   </div>
   <div class='ocr_carea' id='block_1_7' title="bbox 153 1581 1165 2675">
    <p class='ocr_par' dir='ltr' id='par_1_8' title="bbox 153 1581 1165 2675">
     <span class='ocr_line' id='line_1_25' title="bbox 195 1581 923 1617; baseline 0.001 -9"><span class='ocrx_word' id='word_1_165' title='bbox 195 1596 207 1608; x_wconf 61' lang='grc' dir='ltr'>α</span> <span class='ocrx_word' id='word_1_166' title='bbox 238 1605 274 1615; x_wconf 80' lang='grc'>..,</span> <span class='ocrx_word' id='word_1_167' title='bbox 302 1582 520 1610; x_wconf 71' lang='lat' dir='ltr'>archidiacono</span> <span class='ocrx_word' id='word_1_168' title='bbox 549 1581 805 1617; x_wconf 69' lang='lat' dir='ltr'>Transliyerensi,</span> <span class='ocrx_word' id='word_1_169' title='bbox 833 1586 858 1609; x_wconf 79' lang='lat' dir='ltr'>et</span> <span class='ocrx_word' id='word_1_170' title='bbox 886 1604 923 1615; x_wconf 86' lang='lat'>..,</span> 
     </span>
     <span class='ocr_line' id='line_1_26' title="bbox 155 1633 1164 1672; baseline 0 -9"><span class='ocrx_word' id='word_1_171' title='bbox 155 1635 325 1672; x_wconf 68' lang='lat' dir='ltr'>dryarensi.</span> <span class='ocrx_word' id='word_1_172' title='bbox 347 1635 391 1663; x_wconf 81' lang='lat' dir='ltr'>Ex</span> <span class='ocrx_word' id='word_1_173' title='bbox 414 1637 505 1671; x_wconf 88' lang='lat' dir='ltr'>parte</span> <span class='ocrx_word' id='word_1_174' title='bbox 529 1633 731 1663; x_wconf 88' lang='lat' dir='ltr'>venerabilis</span> <span class='ocrx_word' id='word_1_175' title='bbox 752 1633 866 1663; x_wconf 79' lang='lat' dir='ltr'>fratris</span> <span class='ocrx_word' id='word_1_176' title='bbox 889 1633 993 1663; x_wconf 83' lang='lat' dir='ltr'>nostri</span> <span class='ocrx_word' id='word_1_177' title='bbox 1016 1657 1050 1668; x_wconf 77' lang='lat'>..‚</span> <span class='ocrx_word' id='word_1_178' title='bbox 1077 1634 1164 1672; x_wconf 89' lang='lat' dir='ltr'>epis—</span> 
     </span>
     <span class='ocr_line' id='line_1_27' title="bbox 154 1686 1165 1726; baseline 0 -9"><span class='ocrx_word' id='word_1_179' title='bbox 154 1687 225 1725; x_wconf 87' lang='lat' dir='ltr'>copi</span> <span class='ocrx_word' id='word_1_180' title='bbox 244 1686 502 1721; x_wconf 80' lang='lat' dir='ltr'>Nannettensis,</span> <span class='ocrx_word' id='word_1_181' title='bbox 524 1686 587 1716; x_wconf 82' lang='lat' dir='ltr'>suit</span> <span class='ocrx_word' id='word_1_182' title='bbox 603 1686 806 1724; x_wconf 88' lang='lat' dir='ltr'>propositum</span> <span class='ocrx_word' id='word_1_183' title='bbox 825 1695 935 1716; x_wconf 89' lang='lat' dir='ltr'>coram</span> <span class='ocrx_word' id='word_1_184' title='bbox 952 1687 1059 1722; x_wconf 86' lang='lat' dir='ltr'>nobis,</span> <span class='ocrx_word' id='word_1_185' title='bbox 1078 1688 1165 1726; x_wconf 90' lang='lat' dir='ltr'>quod</span> 
     </span>
     <span class='ocr_line' id='line_1_28' title="bbox 154 1739 1164 1778; baseline 0 -8"><span class='ocrx_word' id='word_1_186' title='bbox 154 1749 226 1770; x_wconf 87' lang='lat' dir='ltr'>cum</span> <span class='ocrx_word' id='word_1_187' title='bbox 248 1740 334 1769; x_wconf 84' lang='lat' dir='ltr'>inter</span> <span class='ocrx_word' id='word_1_188' title='bbox 349 1740 457 1777; x_wconf 82' lang='lat' dir='ltr'>ipsum</span> <span class='ocrx_word' id='word_1_189' title='bbox 475 1749 511 1769; x_wconf 79' lang='lat' dir='ltr'>ex</span> <span class='ocrx_word' id='word_1_190' title='bbox 531 1744 622 1777; x_wconf 84' lang='lat' dir='ltr'>parte</span> <span class='ocrx_word' id='word_1_191' title='bbox 638 1748 706 1768; x_wconf 86' lang='lat' dir='ltr'>una</span> <span class='ocrx_word' id='word_1_192' title='bbox 723 1744 753 1769; x_wconf 89' lang='lat' dir='ltr'>et</span> <span class='ocrx_word' id='word_1_193' title='bbox 773 1739 939 1778; x_wconf 87' lang='lat' dir='ltr'>quondam</span> <span class='ocrx_word' id='word_1_194' title='bbox 956 1741 992 1770; x_wconf 91' lang='lat' dir='ltr'>P.</span> <span class='ocrx_word' id='word_1_195' title='bbox 1012 1745 1042 1770; x_wconf 87' lang='lat' dir='ltr'>et</span> <span class='ocrx_word' id='word_1_196' title='bbox 1058 1741 1084 1771; x_wconf 90' lang='grc' dir='ltr'>Ι.</span> <span class='ocrx_word' id='word_1_197' title='bbox 1106 1750 1164 1770; x_wconf 85' lang='lat' dir='ltr'>na-</span> 
     </span>
     <span class='ocr_line' id='line_1_29' title="bbox 155 1783 1164 1831; baseline 0.001 -9"><span class='ocrx_word' id='word_1_198' title='bbox 155 1798 222 1822; x_wconf 89' lang='lat' dir='ltr'>tum</span> <span class='ocrx_word' id='word_1_199' title='bbox 238 1793 308 1831; x_wconf 85' lang='lat' dir='ltr'>ejus</span> <span class='ocrx_word' id='word_1_200' title='bbox 326 1792 462 1821; x_wconf 81' lang='lat' dir='ltr'>comites</span> <span class='ocrx_word' id='word_1_201' title='bbox 480 1792 642 1821; x_wconf 79' lang='lat' dir='ltr'>Brittauie</span> <span class='ocrx_word' id='word_1_202' title='bbox 660 1801 758 1830; x_wconf 88' lang='lat' dir='ltr'>super</span> <span class='ocrx_word' id='word_1_203' title='bbox 770 1792 844 1831; x_wconf 88' lang='lat' dir='ltr'>jure</span> <span class='ocrx_word' id='word_1_204' title='bbox 856 1783 1060 1831; x_wconf 89' lang='lat' dir='ltr'>percipiendi</span> <span class='ocrx_word' id='word_1_205' title='bbox 1074 1803 1164 1831; x_wconf 80' lang='lat' dir='ltr'>rega—</span> 
     </span>
     <span class='ocr_line' id='line_1_30' title="bbox 154 1845 1164 1883; baseline 0.001 -8"><span class='ocrx_word' id='word_1_206' title='bbox 154 1846 198 1875; x_wconf 88' lang='lat' dir='ltr'>lia</span> <span class='ocrx_word' id='word_1_207' title='bbox 214 1845 441 1875; x_wconf 69' lang='lat' dir='ltr'>Nannetensis</span> <span class='ocrx_word' id='word_1_208' title='bbox 458 1845 608 1880; x_wconf 73' lang='lat' dir='ltr'>ecclesie,</span> <span class='ocrx_word' id='word_1_209' title='bbox 626 1845 732 1883; x_wconf 87' lang='lat' dir='ltr'>ipsius</span> <span class='ocrx_word' id='word_1_210' title='bbox 747 1845 823 1875; x_wconf 89' lang='lat' dir='ltr'>sede</span> <span class='ocrx_word' id='word_1_211' title='bbox 836 1850 985 1881; x_wconf 83' lang='lat' dir='ltr'>vacante,</span> <span class='ocrx_word' id='word_1_212' title='bbox 1007 1855 1041 1876; x_wconf 84' lang='lat' dir='ltr'>ac</span> <span class='ocrx_word' id='word_1_213' title='bbox 1060 1847 1164 1877; x_wconf 86' lang='lat' dir='ltr'>diver-</span> 
     </span>
     <span class='ocr_line' id='line_1_31' title="bbox 154 1898 1163 1933; baseline 0.001 -5"><span class='ocrx_word' id='word_1_214' title='bbox 154 1899 200 1928; x_wconf 89' lang='lat' dir='ltr'>sis</span> <span class='ocrx_word' id='word_1_215' title='bbox 222 1899 297 1929; x_wconf 90' lang='lat' dir='ltr'>aliis</span> <span class='ocrx_word' id='word_1_216' title='bbox 318 1898 479 1933; x_wconf 75' lang='lat' dir='ltr'>articulis,</span> <span class='ocrx_word' id='word_1_217' title='bbox 507 1907 544 1928; x_wconf 79' lang='lat' dir='ltr'>ex</span> <span class='ocrx_word' id='word_1_218' title='bbox 567 1898 681 1933; x_wconf 86' lang='lat' dir='ltr'>altera,</span> <span class='ocrx_word' id='word_1_219' title='bbox 707 1907 816 1928; x_wconf 87' lang='lat' dir='ltr'>coram</span> <span class='ocrx_word' id='word_1_220' title='bbox 839 1899 923 1929; x_wconf 88' lang='lat' dir='ltr'>bone</span> <span class='ocrx_word' id='word_1_221' title='bbox 947 1900 1102 1930; x_wconf 85' lang='lat' dir='ltr'>memorie</span> <span class='ocrx_word' id='word_1_222' title='bbox 1125 1901 1163 1931; x_wconf 90' lang='lat' dir='ltr'>O.</span> 
     </span>
     <span class='ocr_line' id='line_1_32' title="bbox 155 1951 1165 1990; baseline 0.001 -8"><span class='ocrx_word' id='word_1_223' title='bbox 155 1952 329 1982; x_wconf 82' lang='lat' dir='ltr'>Portuensi</span> <span class='ocrx_word' id='word_1_224' title='bbox 349 1952 516 1990; x_wconf 46' lang='lat' dir='ltr'>episcopo⁵</span> <span class='ocrx_word' id='word_1_225' title='bbox 539 1961 638 1990; x_wconf 89' lang='lat' dir='ltr'>super</span> <span class='ocrx_word' id='word_1_226' title='bbox 660 1951 721 1982; x_wconf 87' lang='lat' dir='ltr'>hoc</span> <span class='ocrx_word' id='word_1_227' title='bbox 740 1952 891 1990; x_wconf 82' lang='lat' dir='ltr'>partibus</span> <span class='ocrx_word' id='word_1_228' title='bbox 914 1953 1063 1983; x_wconf 87' lang='lat' dir='ltr'>auditore</span> <span class='ocrx_word' id='word_1_229' title='bbox 1087 1962 1165 1983; x_wconf 85' lang='lat' dir='ltr'>con-</span> 
     </span>
     <span class='ocr_line' id='line_1_33' title="bbox 153 2004 1164 2045; baseline 0 -10"><span class='ocrx_word' id='word_1_230' title='bbox 153 2014 256 2039; x_wconf 84' lang='lat' dir='ltr'>cesso,</span> <span class='ocrx_word' id='word_1_231' title='bbox 280 2014 344 2044; x_wconf 84' lang='lat' dir='ltr'>quo</span> <span class='ocrx_word' id='word_1_232' title='bbox 367 2009 561 2039; x_wconf 74' lang='lat' dir='ltr'>verteretur,</span> <span class='ocrx_word' id='word_1_233' title='bbox 584 2004 671 2034; x_wconf 89' lang='lat' dir='ltr'>idem</span> <span class='ocrx_word' id='word_1_234' title='bbox 697 2005 828 2034; x_wconf 84' lang='lat' dir='ltr'>auditor</span> <span class='ocrx_word' id='word_1_235' title='bbox 849 2005 991 2043; x_wconf 80' lang='lat' dir='ltr'>cognitis</span> <span class='ocrx_word' id='word_1_236' title='bbox 1017 2006 1164 2045; x_wconf 86' lang='lat' dir='ltr'>ejusdem</span> 
     </span>
     <span class='ocr_line' id='line_1_34' title="bbox 154 2057 1165 2095; baseline 0 -7"><span class='ocrx_word' id='word_1_237' title='bbox 154 2067 252 2088; x_wconf 85' lang='lat' dir='ltr'>cause</span> <span class='ocrx_word' id='word_1_238' title='bbox 268 2058 397 2087; x_wconf 77' lang='lat' dir='ltr'>meritis</span> <span class='ocrx_word' id='word_1_239' title='bbox 415 2062 445 2087; x_wconf 86' lang='lat' dir='ltr'>et</span> <span class='ocrx_word' id='word_1_240' title='bbox 458 2058 544 2095; x_wconf 85' lang='lat' dir='ltr'>juris</span> <span class='ocrx_word' id='word_1_241' title='bbox 563 2057 677 2087; x_wconf 87' lang='lat' dir='ltr'>ordine</span> <span class='ocrx_word' id='word_1_242' title='bbox 694 2058 882 2091; x_wconf 75' lang='lat' dir='ltr'>observato,</span> <span class='ocrx_word' id='word_1_243' title='bbox 901 2062 1024 2088; x_wconf 87' lang='lat' dir='ltr'>certam</span> <span class='ocrx_word' id='word_1_244' title='bbox 1041 2059 1165 2088; x_wconf 87' lang='lat' dir='ltr'>diffini-</span> 
     </span>
     <span class='ocr_line' id='line_1_35' title="bbox 155 2109 1164 2150; baseline 0.003 -11"><span class='ocrx_word' id='word_1_245' title='bbox 155 2111 253 2140; x_wconf 83' lang='lat' dir='ltr'>tivam</span> <span class='ocrx_word' id='word_1_246' title='bbox 287 2110 486 2139; x_wconf 75' lang='lat' dir='ltr'>sententiam</span> <span class='ocrx_word' id='word_1_247' title='bbox 517 2109 653 2148; x_wconf 87' lang='lat' dir='ltr'>protulit</span> <span class='ocrx_word' id='word_1_248' title='bbox 683 2110 770 2140; x_wconf 90' lang='lat' dir='ltr'>inter</span> <span class='ocrx_word' id='word_1_249' title='bbox 802 2114 924 2148; x_wconf 87' lang='lat' dir='ltr'>partes.</span> <span class='ocrx_word' id='word_1_250' title='bbox 954 2111 993 2141; x_wconf 87' lang='lat' dir='ltr'>Et</span> <span class='ocrx_word' id='word_1_251' title='bbox 1020 2112 1099 2150; x_wconf 84' lang='lat' dir='ltr'>quia</span> <span class='ocrx_word' id='word_1_252' title='bbox 1125 2111 1164 2142; x_wconf 90' lang='lat' dir='ltr'>de</span> 
     </span>
     <span class='ocr_line' id='line_1_36' title="bbox 154 2162 1164 2202; baseline 0.001 -9"><span class='ocrx_word' id='word_1_253' title='bbox 154 2163 295 2202; x_wconf 84' lang='lat' dir='ltr'>quodam</span> <span class='ocrx_word' id='word_1_254' title='bbox 308 2162 459 2195; x_wconf 71' lang='lat' dir='ltr'>articulo,</span> <span class='ocrx_word' id='word_1_255' title='bbox 476 2162 603 2192; x_wconf 85' lang='lat' dir='ltr'>scilicet</span> <span class='ocrx_word' id='word_1_256' title='bbox 619 2163 658 2193; x_wconf 90' lang='lat' dir='ltr'>de</span> <span class='ocrx_word' id='word_1_257' title='bbox 670 2164 773 2193; x_wconf 89' lang='lat' dir='ltr'>Turre</span> <span class='ocrx_word' id='word_1_258' title='bbox 789 2172 883 2198; x_wconf 74' lang='lat' dir='ltr'>nova,</span> <span class='ocrx_word' id='word_1_259' title='bbox 899 2163 1051 2194; x_wconf 75' lang='lat' dir='ltr'>dubietas</span> <span class='ocrx_word' id='word_1_260' title='bbox 1066 2163 1164 2195; x_wconf 83' lang='lat' dir='ltr'>hahe-</span> 
     </span>
     <span class='ocr_line' id='line_1_37' title="bbox 154 2215 1165 2254; baseline 0.002 -10"><span class='ocrx_word' id='word_1_261' title='bbox 154 2216 260 2245; x_wconf 87' lang='lat' dir='ltr'>batur.</span> <span class='ocrx_word' id='word_1_262' title='bbox 282 2215 390 2245; x_wconf 82' lang='lat' dir='ltr'>felicis</span> <span class='ocrx_word' id='word_1_263' title='bbox 408 2215 645 2245; x_wconf 80' lang='lat' dir='ltr'>recordationis</span> <span class='ocrx_word' id='word_1_264' title='bbox 668 2216 693 2245; x_wconf 94' lang='lat' dir='ltr'>I.</span> <span class='ocrx_word' id='word_1_265' title='bbox 711 2224 792 2253; x_wconf 86' lang='lat' dir='ltr'>pape</span> <span class='ocrx_word' id='word_1_266' title='bbox 811 2216 1037 2254; x_wconf 80' lang='lat' dir='ltr'>predecessori</span> <span class='ocrx_word' id='word_1_267' title='bbox 1053 2221 1165 2247; x_wconf 88' lang='lat' dir='ltr'>nostro</span> 
     </span>
     <span class='ocr_line' id='line_1_38' title="bbox 154 2267 1165 2307; baseline 0.002 -10"><span class='ocrx_word' id='word_1_268' title='bbox 154 2277 252 2306; x_wconf 74' lang='lat' dir='ltr'>super</span> <span class='ocrx_word' id='word_1_269' title='bbox 275 2267 335 2296; x_wconf 76' lang='lat' dir='ltr'>boc</span> <span class='ocrx_word' id='word_1_270' title='bbox 362 2267 592 2305; x_wconf 82' lang='lat' dir='ltr'>proferendam</span> <span class='ocrx_word' id='word_1_271' title='bbox 615 2268 816 2297; x_wconf 87' lang='lat' dir='ltr'>sententiam</span> <span class='ocrx_word' id='word_1_272' title='bbox 831 2268 1014 2298; x_wconf 80' lang='lat' dir='ltr'>reservavit</span> <span class='ocrx_word' id='word_1_273' title='bbox 1032 2279 1038 2298; x_wconf 90' lang='lat'>:</span> <span class='ocrx_word' id='word_1_274' title='bbox 1057 2269 1165 2307; x_wconf 80' lang='lat' dir='ltr'>expri-</span> 
     </span>
     <span class='ocr_line' id='line_1_39' title="bbox 155 2320 1165 2361; baseline 0.003 -12"><span class='ocrx_word' id='word_1_275' title='bbox 155 2330 248 2350; x_wconf 86' lang='lat' dir='ltr'>mens</span> <span class='ocrx_word' id='word_1_276' title='bbox 266 2320 505 2350; x_wconf 71' lang='lat' dir='ltr'>nichilominus</span> <span class='ocrx_word' id='word_1_277' title='bbox 526 2320 560 2348; x_wconf 89' lang='lat' dir='ltr'>in</span> <span class='ocrx_word' id='word_1_278' title='bbox 584 2329 643 2350; x_wconf 90' lang='lat' dir='ltr'>sua</span> <span class='ocrx_word' id='word_1_279' title='bbox 666 2321 831 2350; x_wconf 87' lang='lat' dir='ltr'>sententia</span> <span class='ocrx_word' id='word_1_280' title='bbox 854 2326 1052 2357; x_wconf 88' lang='lat' dir='ltr'>memorata,</span> <span class='ocrx_word' id='word_1_281' title='bbox 1078 2322 1165 2361; x_wconf 88' lang='lat' dir='ltr'>quod</span> 
     </span>
     <span class='ocr_line' id='line_1_40' title="bbox 155 2372 1164 2411; baseline 0.003 -10"><span class='ocrx_word' id='word_1_282' title='bbox 155 2372 282 2402; x_wconf 79' lang='lat' dir='ltr'>salvum</span> <span class='ocrx_word' id='word_1_283' title='bbox 300 2376 386 2401; x_wconf 66' lang='lat' dir='ltr'>esset</span> <span class='ocrx_word' id='word_1_284' title='bbox 404 2372 549 2409; x_wconf 87' lang='lat' dir='ltr'>predicto</span> <span class='ocrx_word' id='word_1_285' title='bbox 566 2373 728 2411; x_wconf 80' lang='lat' dir='ltr'>episcope,</span> <span class='ocrx_word' id='word_1_286' title='bbox 743 2373 771 2402; x_wconf 94' lang='lat' dir='ltr'>si</span> <span class='ocrx_word' id='word_1_287' title='bbox 784 2378 897 2403; x_wconf 84' lang='lat' dir='ltr'>contra</span> <span class='ocrx_word' id='word_1_288' title='bbox 909 2374 1051 2404; x_wconf 90' lang='lat' dir='ltr'>eundem</span> <span class='ocrx_word' id='word_1_289' title='bbox 1067 2375 1092 2404; x_wconf 91' lang='lat' dir='ltr'>I.</span> <span class='ocrx_word' id='word_1_290' title='bbox 1111 2383 1164 2404; x_wconf 90' lang='lat' dir='ltr'>co-</span> 
     </span>
     <span class='ocr_line' id='line_1_41' title="bbox 155 2424 1164 2464; baseline 0.005 -12"><span class='ocrx_word' id='word_1_291' title='bbox 155 2425 268 2454; x_wconf 82' lang='lat' dir='ltr'>mitem</span> <span class='ocrx_word' id='word_1_292' title='bbox 286 2424 383 2453; x_wconf 53' lang='lat' dir='ltr'>vellet,</span> <span class='ocrx_word' id='word_1_293' title='bbox 400 2424 496 2453; x_wconf 84' lang='lat' dir='ltr'>aliter</span> <span class='ocrx_word' id='word_1_294' title='bbox 512 2425 654 2462; x_wconf 83' lang='lat' dir='ltr'>experiri</span> <span class='ocrx_word' id='word_1_295' title='bbox 672 2434 770 2463; x_wconf 90' lang='lat' dir='ltr'>super</span> <span class='ocrx_word' id='word_1_296' title='bbox 789 2435 826 2455; x_wconf 89' lang='lat' dir='ltr'>co</span> <span class='ocrx_word' id='word_1_297' title='bbox 849 2426 936 2464; x_wconf 90' lang='lat' dir='ltr'>quod</span> <span class='ocrx_word' id='word_1_298' title='bbox 951 2426 1039 2456; x_wconf 88' lang='lat' dir='ltr'>idem</span> <span class='ocrx_word' id='word_1_299' title='bbox 1056 2436 1164 2457; x_wconf 89' lang='lat' dir='ltr'>comes</span> 
     </span>
     <span class='ocr_line' id='line_1_42' title="bbox 157 2476 1164 2515; baseline 0.004 -10"><span class='ocrx_word' id='word_1_300' title='bbox 157 2485 219 2505; x_wconf 89' lang='lat' dir='ltr'>non</span> <span class='ocrx_word' id='word_1_301' title='bbox 235 2480 341 2514; x_wconf 78' lang='lat' dir='ltr'>posset</span> <span class='ocrx_word' id='word_1_302' title='bbox 361 2476 513 2506; x_wconf 84' lang='lat' dir='ltr'>homines</span> <span class='ocrx_word' id='word_1_303' title='bbox 531 2476 668 2507; x_wconf 85' lang='lat' dir='ltr'>ecclesie</span> <span class='ocrx_word' id='word_1_304' title='bbox 681 2478 807 2515; x_wconf 82' lang='lat' dir='ltr'>prefate</span> <span class='ocrx_word' id='word_1_305' title='bbox 825 2478 944 2509; x_wconf 90' lang='lat' dir='ltr'>ducere</span> <span class='ocrx_word' id='word_1_306' title='bbox 962 2479 1012 2509; x_wconf 84' lang='lat' dir='ltr'>vel</span> <span class='ocrx_word' id='word_1_307' title='bbox 1029 2479 1063 2509; x_wconf 91' lang='lat' dir='ltr'>in</span> <span class='ocrx_word' id='word_1_308' title='bbox 1076 2488 1164 2509; x_wconf 79' lang='lat' dir='ltr'>exer-</span> 
     </span>
     <span class='ocr_line' id='line_1_43' title="bbox 155 2528 1165 2567; baseline 0.004 -9"><span class='ocrx_word' id='word_1_309' title='bbox 155 2529 223 2558; x_wconf 84' lang='lat' dir='ltr'>citu</span> <span class='ocrx_word' id='word_1_310' title='bbox 240 2528 370 2558; x_wconf 81' lang='lat' dir='ltr'>trahere</span> <span class='ocrx_word' id='word_1_311' title='bbox 387 2533 476 2558; x_wconf 66' lang='lat' dir='ltr'>extra</span> <span class='ocrx_word' id='word_1_312' title='bbox 494 2529 652 2559; x_wconf 77' lang='lat' dir='ltr'>diocesim</span> <span class='ocrx_word' id='word_1_313' title='bbox 670 2531 935 2567; x_wconf 82' lang='lat' dir='ltr'>Nannetensem,</span> <span class='ocrx_word' id='word_1_314' title='bbox 960 2542 996 2561; x_wconf 87' lang='lat' dir='ltr'>ac</span> <span class='ocrx_word' id='word_1_315' title='bbox 1018 2532 1118 2562; x_wconf 83' lang='lat' dir='ltr'>etiam</span> <span class='ocrx_word' id='word_1_316' title='bbox 1136 2533 1165 2563; x_wconf 89' lang='lat' dir='ltr'>si</span> 
     </span>
     <span class='ocr_line' id='line_1_44' title="bbox 155 2581 1165 2622; baseline 0.005 -12"><span class='ocrx_word' id='word_1_317' title='bbox 155 2581 307 2611; x_wconf 87' lang='lat' dir='ltr'>homines</span> <span class='ocrx_word' id='word_1_318' title='bbox 327 2581 390 2619; x_wconf 89' lang='lat' dir='ltr'>ipsi</span> <span class='ocrx_word' id='word_1_319' title='bbox 407 2581 445 2611; x_wconf 77' lang='lat' dir='ltr'>dc</span> <span class='ocrx_word' id='word_1_320' title='bbox 462 2581 614 2620; x_wconf 80' lang='lat' dir='ltr'>dampnis</span> <span class='ocrx_word' id='word_1_321' title='bbox 631 2583 695 2611; x_wconf 72' lang='lat' dir='ltr'>sibi</span> <span class='ocrx_word' id='word_1_322' title='bbox 715 2592 732 2612; x_wconf 84' lang='lat' dir='ltr'>a</span> <span class='ocrx_word' id='word_1_323' title='bbox 749 2583 867 2613; x_wconf 85' lang='lat' dir='ltr'>comite</span> <span class='ocrx_word' id='word_1_324' title='bbox 884 2584 955 2622; x_wconf 90' lang='lat' dir='ltr'>ipso</span> <span class='ocrx_word' id='word_1_325' title='bbox 972 2585 1075 2615; x_wconf 88' lang='lat' dir='ltr'>illatis</span> <span class='ocrx_word' id='word_1_326' title='bbox 1092 2594 1165 2615; x_wconf 88' lang='lat' dir='ltr'>con-</span> 
     </span>
     <span class='ocr_line' id='line_1_45' title="bbox 156 2633 1163 2675; baseline 0.004 -12"><span class='ocrx_word' id='word_1_327' title='bbox 156 2639 203 2663; x_wconf 87' lang='lat' dir='ltr'>tra</span> <span class='ocrx_word' id='word_1_328' title='bbox 222 2643 296 2663; x_wconf 87' lang='lat' dir='ltr'>eum</span> <span class='ocrx_word' id='word_1_329' title='bbox 310 2633 432 2663; x_wconf 83' lang='lat' dir='ltr'>vellent.</span> <span class='ocrx_word' id='word_1_330' title='bbox 449 2644 556 2671; x_wconf 73' lang='lat' dir='ltr'>agere,</span> <span class='ocrx_word' id='word_1_331' title='bbox 578 2634 628 2664; x_wconf 79' lang='lat' dir='ltr'>vel</span> <span class='ocrx_word' id='word_1_332' title='bbox 644 2635 751 2665; x_wconf 80' lang='lat' dir='ltr'>dictus</span> <span class='ocrx_word' id='word_1_333' title='bbox 766 2636 939 2675; x_wconf 89' lang='lat' dir='ltr'>episcopus</span> <span class='ocrx_word' id='word_1_334' title='bbox 955 2646 1013 2675; x_wconf 89' lang='lat' dir='ltr'>pro</span> <span class='ocrx_word' id='word_1_335' title='bbox 1027 2638 1163 2668; x_wconf 87' lang='lat' dir='ltr'>eisdem.</span> 
     </span>
    </p>
   </div>
   <div class='ocr_carea' id='block_1_8' title="bbox 156 2686 1205 2728">
    <p class='ocr_par' dir='ltr' id='par_1_9' title="bbox 156 2686 1205 2728">
     <span class='ocr_line' id='line_1_46' title="bbox 156 2686 1205 2728; baseline 0.005 -13"><span class='ocrx_word' id='word_1_336' title='bbox 156 2687 219 2716; x_wconf 71' lang='lat' dir='ltr'>Sed</span> <span class='ocrx_word' id='word_1_337' title='bbox 239 2686 445 2725; x_wconf 86' lang='lat' dir='ltr'>postmodum</span> <span class='ocrx_word' id='word_1_338' title='bbox 466 2687 552 2716; x_wconf 70' lang='lat' dir='ltr'>idem</span> <span class='ocrx_word' id='word_1_339' title='bbox 570 2696 678 2717; x_wconf 85' lang='lat' dir='ltr'>comcs</span> <span class='ocrx_word' id='word_1_340' title='bbox 698 2698 814 2725; x_wconf 80' lang='lat' dir='ltr'>graves</span> <span class='ocrx_word' id='word_1_341' title='bbox 831 2689 972 2728; x_wconf 85' lang='lat' dir='ltr'>injurias</span> <span class='ocrx_word' id='word_1_342' title='bbox 989 2694 1021 2720; x_wconf 88' lang='lat' dir='ltr'>et</span> <span class='ocrx_word' id='word_1_343' title='bbox 1038 2690 1166 2720; x_wconf 87' lang='lat' dir='ltr'>violen-</span> <span class='ocrx_word' id='word_1_344' title='bbox 1204 2691 1205 2694; x_wconf 73' lang='grc'>’</span> 
     </span>
    </p>
   </div>
   <div class='ocr_carea' id='block_1_9' title="bbox 156 2738 1166 2882">
    <p class='ocr_par' dir='ltr' id='par_1_10' title="bbox 156 2738 1166 2882">
     <span class='ocr_line' id='line_1_47' title="bbox 157 2738 1165 2777; baseline 0.005 -9"><span class='ocrx_word' id='word_1_345' title='bbox 157 2739 219 2768; x_wconf 88' lang='lat' dir='ltr'>tias</span> <span class='ocrx_word' id='word_1_346' title='bbox 237 2738 428 2768; x_wconf 84' lang='lat' dir='ltr'>hominibus</span> <span class='ocrx_word' id='word_1_347' title='bbox 445 2739 550 2777; x_wconf 84' lang='lat' dir='ltr'>ipsius</span> <span class='ocrx_word' id='word_1_348' title='bbox 570 2740 709 2770; x_wconf 74' lang='lat' dir='ltr'>ecclesie</span> <span class='ocrx_word' id='word_1_349' title='bbox 723 2741 847 2777; x_wconf 75' lang='lat' dir='ltr'>intulit,</span> <span class='ocrx_word' id='word_1_350' title='bbox 863 2741 939 2772; x_wconf 86' lang='lat' dir='ltr'>illos</span> <span class='ocrx_word' id='word_1_351' title='bbox 954 2742 1112 2773; x_wconf 87' lang='lat' dir='ltr'>talliando</span> <span class='ocrx_word' id='word_1_352' title='bbox 1127 2743 1165 2773; x_wconf 87' lang='lat' dir='ltr'>de</span> 
     </span>
     <span class='ocr_line' id='line_1_48' title="bbox 156 2791 1165 2832; baseline 0.005 -12"><span class='ocrx_word' id='word_1_353' title='bbox 156 2800 239 2821; x_wconf 78' lang='lat' dir='ltr'>novo</span> <span class='ocrx_word' id='word_1_354' title='bbox 256 2795 284 2821; x_wconf 85' lang='lat' dir='ltr'>et</span> <span class='ocrx_word' id='word_1_355' title='bbox 303 2791 386 2820; x_wconf 87' lang='lat' dir='ltr'>alias</span> <span class='ocrx_word' id='word_1_356' title='bbox 404 2800 462 2829; x_wconf 86' lang='lat' dir='ltr'>pro</span> <span class='ocrx_word' id='word_1_357' title='bbox 481 2800 539 2821; x_wconf 82' lang='lat' dir='ltr'>sue</span> <span class='ocrx_word' id='word_1_358' title='bbox 561 2792 741 2822; x_wconf 86' lang='lat' dir='ltr'>voluntatis</span> <span class='ocrx_word' id='word_1_359' title='bbox 764 2793 902 2824; x_wconf 89' lang='lat' dir='ltr'>arbitrio</span> <span class='ocrx_word' id='word_1_360' title='bbox 926 2795 1112 2832; x_wconf 77' lang='lat' dir='ltr'>agi-avando</span> <span class='ocrx_word' id='word_1_361' title='bbox 1130 2795 1165 2825; x_wconf 88' lang='lat' dir='ltr'>in</span> 
     </span>
     <span class='ocr_line' id='line_1_49' title="bbox 156 2843 1166 2882; baseline 0.005 -9"><span class='ocrx_word' id='word_1_362' title='bbox 156 2845 302 2882; x_wconf 81' lang='lat' dir='ltr'>ipsorum</span> <span class='ocrx_word' id='word_1_363' title='bbox 320 2843 464 2882; x_wconf 80' lang='lat' dir='ltr'>episcopi</span> <span class='ocrx_word' id='word_1_364' title='bbox 481 2848 509 2874; x_wconf 91' lang='lat' dir='ltr'>et</span> <span class='ocrx_word' id='word_1_365' title='bbox 525 2845 751 2875; x_wconf 84' lang='lat' dir='ltr'>Nannetensis</span> <span class='ocrx_word' id='word_1_366' title='bbox 764 2846 903 2877; x_wconf 82' lang='lat' dir='ltr'>ecclesie</span> <span class='ocrx_word' id='word_1_367' title='bbox 920 2855 985 2877; x_wconf 90' lang='lat' dir='ltr'>non</span> <span class='ocrx_word' id='word_1_368' title='bbox 999 2848 1166 2878; x_wconf 90' lang='lat' dir='ltr'>modicum</span> 
     </span>
    </p>
   </div>
   <div class='ocr_carea' id='block_1_10' title="bbox 952 1582 1197 1611">
    <p class='ocr_par' dir='ltr' id='par_1_11' title="bbox 952 1582 1197 1611">
     <span class='ocr_line' id='line_1_50' title="bbox 952 1582 1197 1611; baseline 0.004 -1"><span class='ocrx_word' id='word_1_369' title='bbox 952 1590 967 1610; x_wconf 89' lang='grc' dir='ltr'><strong><em>ο</em></strong></span> <span class='ocrx_word' id='word_1_370' title='bbox 991 1582 1076 1611; x_wconf 76' lang='grc' dir='ltr'>ιείαῐί</span> <span class='ocrx_word' id='word_1_371' title='bbox 1100 1583 1164 1611; x_wconf 76' lang='lat' dir='ltr'>An·</span> <span class='ocrx_word' id='word_1_372' title='bbox 1196 1600 1197 1603; x_wconf 62' lang='lat'><em>=</em></span> 
     </span>
    </p>
   </div>
   <div class='ocr_carea' id='block_1_11' title="bbox 1244 261 2260 1093">
    <p class='ocr_par' dir='ltr' id='par_1_12' title="bbox 1244 261 2260 1093">
     <span class='ocr_line' id='line_1_51' title="bbox 1244 261 2257 301; baseline 0.005 -12"><span class='ocrx_word' id='word_1_373' title='bbox 1244 261 1464 300; x_wconf 81' lang='lat' dir='ltr'>prejudicium</span> <span class='ocrx_word' id='word_1_374' title='bbox 1481 267 1512 293; x_wconf 90' lang='lat' dir='ltr'>et</span> <span class='ocrx_word' id='word_1_375' title='bbox 1529 272 1718 301; x_wconf 80' lang='lat' dir='ltr'>gravamen.</span> <span class='ocrx_word' id='word_1_376' title='bbox 1737 264 1775 294; x_wconf 90' lang='lat' dir='ltr'>Et</span> <span class='ocrx_word' id='word_1_377' title='bbox 1790 263 1868 294; x_wconf 87' lang='lat' dir='ltr'>licet</span> <span class='ocrx_word' id='word_1_378' title='bbox 1884 264 1970 294; x_wconf 87' lang='lat' dir='ltr'>idem</span> <span class='ocrx_word' id='word_1_379' title='bbox 1982 273 2102 299; x_wconf 85' lang='lat' dir='ltr'>comes,</span> <span class='ocrx_word' id='word_1_380' title='bbox 2116 265 2257 295; x_wconf 88' lang='lat' dir='ltr'>auctori-</span> 
     </span>
     <span class='ocr_line' id='line_1_52' title="bbox 1245 314 2256 356; baseline 0.003 -12"><span class='ocrx_word' id='word_1_381' title='bbox 1245 319 1310 345; x_wconf 90' lang='lat' dir='ltr'>tate</span> <span class='ocrx_word' id='word_1_382' title='bbox 1322 314 1506 345; x_wconf 81' lang='lat' dir='ltr'>litterarum</span> <span class='ocrx_word' id='word_1_383' title='bbox 1519 316 1763 354; x_wconf 86' lang='lat' dir='ltr'>predecessoris</span> <span class='ocrx_word' id='word_1_384' title='bbox 1775 316 1934 356; x_wconf 86' lang='lat' dir='ltr'>ejusdem,</span> <span class='ocrx_word' id='word_1_385' title='bbox 1950 325 2007 355; x_wconf 88' lang='lat' dir='ltr'>per</span> <span class='ocrx_word' id='word_1_386' title='bbox 2020 316 2157 347; x_wconf 85' lang='lat' dir='ltr'>dilectos</span> <span class='ocrx_word' id='word_1_387' title='bbox 2169 317 2256 348; x_wconf 88' lang='lat' dir='ltr'>filios</span> 
     </span>
     <span class='ocr_line' id='line_1_53' title="bbox 1247 367 2256 407; baseline 0.002 -11"><span class='ocrx_word' id='word_1_388' title='bbox 1247 391 1279 402; x_wconf 87' lang='lat'>..‚</span> <span class='ocrx_word' id='word_1_389' title='bbox 1298 367 1461 402; x_wconf 79' lang='lat' dir='ltr'>abbatem,</span> <span class='ocrx_word' id='word_1_390' title='bbox 1481 372 1512 397; x_wconf 92' lang='lat' dir='ltr'>et</span> <span class='ocrx_word' id='word_1_391' title='bbox 1529 391 1563 403; x_wconf 85' lang='lat'>..,</span> <span class='ocrx_word' id='word_1_392' title='bbox 1581 368 1725 407; x_wconf 86' lang='lat' dir='ltr'>priorem</span> <span class='ocrx_word' id='word_1_393' title='bbox 1742 368 1824 399; x_wconf 80' lang='lat' dir='ltr'>Albe</span> <span class='ocrx_word' id='word_1_394' title='bbox 1841 369 1968 400; x_wconf 89' lang='lat' dir='ltr'>Corone</span> <span class='ocrx_word' id='word_1_395' title='bbox 1981 369 2201 407; x_wconf 85' lang='lat' dir='ltr'>peremptorie</span> <span class='ocrx_word' id='word_1_396' title='bbox 2212 369 2256 400; x_wconf 89' lang='lat' dir='ltr'>ci-</span> 
     </span>
     <span class='ocr_line' id='line_1_54' title="bbox 1245 420 2257 460; baseline 0.002 -11"><span class='ocrx_word' id='word_1_397' title='bbox 1245 424 1332 450; x_wconf 89' lang='lat' dir='ltr'>tatus</span> <span class='ocrx_word' id='word_1_398' title='bbox 1348 420 1466 454; x_wconf 85' lang='lat' dir='ltr'>suerit,</span> <span class='ocrx_word' id='word_1_399' title='bbox 1488 424 1523 450; x_wconf 83' lang='lat' dir='ltr'>ut·</span> <span class='ocrx_word' id='word_1_400' title='bbox 1545 421 1651 450; x_wconf 89' lang='lat' dir='ltr'>eidem</span> <span class='ocrx_word' id='word_1_401' title='bbox 1671 421 1823 460; x_wconf 86' lang='lat' dir='ltr'>episcopo</span> <span class='ocrx_word' id='word_1_402' title='bbox 1841 421 2051 451; x_wconf 80' lang='lat' dir='ltr'>Nannetensi</span> <span class='ocrx_word' id='word_1_403' title='bbox 2067 430 2166 460; x_wconf 85' lang='lat' dir='ltr'>super</span> <span class='ocrx_word' id='word_1_404' title='bbox 2181 430 2257 460; x_wconf 89' lang='lat' dir='ltr'>pre-</span> 
     </span>
     <span class='ocr_line' id='line_1_55' title="bbox 1245 473 2257 513; baseline 0.002 -11"><span class='ocrx_word' id='word_1_405' title='bbox 1245 473 1342 503; x_wconf 84' lang='lat' dir='ltr'>dictis</span> <span class='ocrx_word' id='word_1_406' title='bbox 1357 473 1512 503; x_wconf 87' lang='lat' dir='ltr'>omnibus</span> <span class='ocrx_word' id='word_1_407' title='bbox 1529 478 1560 503; x_wconf 91' lang='lat' dir='ltr'>et</span> <span class='ocrx_word' id='word_1_408' title='bbox 1576 473 1653 504; x_wconf 89' lang='lat' dir='ltr'>aliis</span> <span class='ocrx_word' id='word_1_409' title='bbox 1671 474 1918 513; x_wconf 85' lang='lat' dir='ltr'>questionibus,</span> <span class='ocrx_word' id='word_1_410' title='bbox 1937 483 2020 513; x_wconf 87' lang='lat' dir='ltr'>quas</span> <span class='ocrx_word' id='word_1_411' title='bbox 2039 477 2153 504; x_wconf 86' lang='lat' dir='ltr'>contra</span> <span class='ocrx_word' id='word_1_412' title='bbox 2173 483 2257 504; x_wconf 91' lang='lat' dir='ltr'>eun-</span> 
     </span>
     <span class='ocr_line' id='line_1_56' title="bbox 1245 526 2258 565; baseline 0.001 -10"><span class='ocrx_word' id='word_1_413' title='bbox 1245 526 1318 555; x_wconf 89' lang='lat' dir='ltr'>dem</span> <span class='ocrx_word' id='word_1_414' title='bbox 1326 526 1479 556; x_wconf 79' lang='lat' dir='ltr'>comitem</span> <span class='ocrx_word' id='word_1_415' title='bbox 1489 535 1524 556; x_wconf 83' lang='lat' dir='ltr'>se</span> <span class='ocrx_word' id='word_1_416' title='bbox 1534 526 1655 556; x_wconf 87' lang='lat' dir='ltr'>habere</span> <span class='ocrx_word' id='word_1_417' title='bbox 1665 527 1816 565; x_wconf 87' lang='lat' dir='ltr'>proponit</span> <span class='ocrx_word' id='word_1_418' title='bbox 1825 527 1909 564; x_wconf 87' lang='lat' dir='ltr'>apud</span> <span class='ocrx_word' id='word_1_419' title='bbox 1917 526 2034 557; x_wconf 81' lang='lat' dir='ltr'>sedem</span> <span class='ocrx_word' id='word_1_420' title='bbox 2043 526 2258 565; x_wconf 87' lang='lat' dir='ltr'>apostolicam</span> 
     </span>
     <span class='ocr_line' id='line_1_57' title="bbox 1246 579 2258 618; baseline 0.001 -10"><span class='ocrx_word' id='word_1_421' title='bbox 1246 580 1394 609; x_wconf 83' lang='lat' dir='ltr'>facturus</span> <span class='ocrx_word' id='word_1_422' title='bbox 1415 583 1445 609; x_wconf 92' lang='lat' dir='ltr'>et</span> <span class='ocrx_word' id='word_1_423' title='bbox 1462 583 1654 618; x_wconf 87' lang='lat' dir='ltr'>recepturus</span> <span class='ocrx_word' id='word_1_424' title='bbox 1676 588 1775 618; x_wconf 89' lang='lat' dir='ltr'>super</span> <span class='ocrx_word' id='word_1_425' title='bbox 1799 579 1882 609; x_wconf 87' lang='lat' dir='ltr'>hiis.</span> <span class='ocrx_word' id='word_1_426' title='bbox 1907 579 1993 618; x_wconf 89' lang='lat' dir='ltr'>quod</span> <span class='ocrx_word' id='word_1_427' title='bbox 2015 579 2094 609; x_wconf 87' lang='lat' dir='ltr'>ordo</span> <span class='ocrx_word' id='word_1_428' title='bbox 2116 579 2258 610; x_wconf 83' lang='lat' dir='ltr'>rationis</span> 
     </span>
     <span class='ocr_line' id='line_1_58' title="bbox 1246 631 2258 670; baseline 0 -8"><span class='ocrx_word' id='word_1_429' title='bbox 1246 632 1399 667; x_wconf 74' lang='lat' dir='ltr'>dictaret,</span> <span class='ocrx_word' id='word_1_430' title='bbox 1424 640 1481 670; x_wconf 88' lang='lat' dir='ltr'>per</span> <span class='ocrx_word' id='word_1_431' title='bbox 1499 641 1534 662; x_wconf 90' lang='lat' dir='ltr'>se</span> <span class='ocrx_word' id='word_1_432' title='bbox 1557 631 1608 661; x_wconf 80' lang='lat' dir='ltr'>vel</span> <span class='ocrx_word' id='word_1_433' title='bbox 1628 641 1686 670; x_wconf 88' lang='lat' dir='ltr'>per</span> <span class='ocrx_word' id='word_1_434' title='bbox 1708 636 1953 670; x_wconf 88' lang='lat' dir='ltr'>procuratorem</span> <span class='ocrx_word' id='word_1_435' title='bbox 1979 631 2146 670; x_wconf 79' lang='lat' dir='ltr'>ydoneum</span> <span class='ocrx_word' id='word_1_436' title='bbox 2169 636 2258 662; x_wconf 88' lang='lat' dir='ltr'>certo</span> 
     </span>
     <span class='ocr_line' id='line_1_59' title="bbox 1246 679 2259 724; baseline 0.001 -10"><span class='ocrx_word' id='word_1_437' title='bbox 1246 685 1387 715; x_wconf 88' lang='lat' dir='ltr'>termino</span> <span class='ocrx_word' id='word_1_438' title='bbox 1404 688 1625 723; x_wconf 86' lang='lat' dir='ltr'>compareret,</span> <span class='ocrx_word' id='word_1_439' title='bbox 1644 684 1752 714; x_wconf 85' lang='lat' dir='ltr'>dictus</span> <span class='ocrx_word' id='word_1_440' title='bbox 1770 689 1878 714; x_wconf 87' lang='lat' dir='ltr'>tamen</span> <span class='ocrx_word' id='word_1_441' title='bbox 1897 693 2005 715; x_wconf 88' lang='lat' dir='ltr'>comes</span> <span class='ocrx_word' id='word_1_442' title='bbox 2026 679 2184 723; x_wconf 84' lang='lat' dir='ltr'>quemvis</span> <span class='ocrx_word' id='word_1_443' title='bbox 2199 693 2259 724; x_wconf 90' lang='lat' dir='ltr'>pro</span> 
     </span>
     <span class='ocr_line' id='line_1_60' title="bbox 1246 737 2260 777; baseline 0 -10"><span class='ocrx_word' id='word_1_444' title='bbox 1246 737 1445 777; x_wconf 84' lang='lat' dir='ltr'>quibusdam</span> <span class='ocrx_word' id='word_1_445' title='bbox 1470 737 1616 773; x_wconf 64' lang='lat' dir='ltr'>nes-&#39;ociis</span> <span class='ocrx_word' id='word_1_446' title='bbox 1640 738 1710 767; x_wconf 88' lang='lat' dir='ltr'>suis</span> <span class='ocrx_word' id='word_1_447' title='bbox 1731 737 1772 767; x_wconf 88' lang='lat' dir='ltr'>ad</span> <span class='ocrx_word' id='word_1_448' title='bbox 1795 737 1912 768; x_wconf 86' lang='lat' dir='ltr'>Sedem</span> <span class='ocrx_word' id='word_1_449' title='bbox 1935 737 2149 775; x_wconf 80' lang='lat' dir='ltr'>apostolicam</span> <span class='ocrx_word' id='word_1_450' title='bbox 2171 746 2260 767; x_wconf 90' lang='lat' dir='ltr'>nun-</span> 
     </span>
     <span class='ocr_line' id='line_1_61' title="bbox 1246 789 2259 829; baseline -0.001 -9"><span class='ocrx_word' id='word_1_451' title='bbox 1246 791 1334 821; x_wconf 85' lang='lat' dir='ltr'>cium</span> <span class='ocrx_word' id='word_1_452' title='bbox 1351 791 1479 820; x_wconf 86' lang='lat' dir='ltr'>duxerit</span> <span class='ocrx_word' id='word_1_453' title='bbox 1497 790 1730 820; x_wconf 85' lang='lat' dir='ltr'>destinandum</span> <span class='ocrx_word' id='word_1_454' title='bbox 1751 799 1808 828; x_wconf 89' lang='lat' dir='ltr'>pro</span> <span class='ocrx_word' id='word_1_455' title='bbox 1824 790 1998 828; x_wconf 82' lang='lat' dir='ltr'>premissis</span> <span class='ocrx_word' id='word_1_456' title='bbox 2015 793 2046 820; x_wconf 84' lang='lat' dir='ltr'>et</span> <span class='ocrx_word' id='word_1_457' title='bbox 2067 789 2142 820; x_wconf 89' lang='lat' dir='ltr'>aliis</span> <span class='ocrx_word' id='word_1_458' title='bbox 2159 798 2259 829; x_wconf 83' lang='lat' dir='ltr'>qnes-</span> 
     </span>
     <span class='ocr_line' id='line_1_62' title="bbox 1246 836 2256 882; baseline -0.001 -9"><span class='ocrx_word' id='word_1_459' title='bbox 1246 836 1406 878; x_wconf 72' lang='lat' dir='ltr'>tionibus,</span> <span class='ocrx_word' id='word_1_460' title='bbox 1435 853 1518 882; x_wconf 84' lang='lat' dir='ltr'>quas</span> <span class='ocrx_word' id='word_1_461' title='bbox 1546 843 1705 873; x_wconf 87' lang='lat' dir='ltr'>adversus</span> <span class='ocrx_word' id='word_1_462' title='bbox 1722 852 1799 873; x_wconf 83' lang='lat' dir='ltr'>eum</span> <span class='ocrx_word' id='word_1_463' title='bbox 1821 843 1929 873; x_wconf 87' lang='lat' dir='ltr'>dictus</span> <span class='ocrx_word' id='word_1_464' title='bbox 1951 843 2125 882; x_wconf 81' lang='lat' dir='ltr'>episcopus</span> <span class='ocrx_word' id='word_1_465' title='bbox 2140 842 2256 879; x_wconf 88' lang='lat' dir='ltr'>habet,</span> 
     </span>
     <span class='ocr_line' id='line_1_63' title="bbox 1246 896 2259 935; baseline 0 -9"><span class='ocrx_word' id='word_1_466' title='bbox 1246 896 1376 927; x_wconf 89' lang='lat' dir='ltr'>nullum</span> <span class='ocrx_word' id='word_1_467' title='bbox 1391 897 1550 926; x_wconf 83' lang='lat' dir='ltr'>nuncium</span> <span class='ocrx_word' id='word_1_468' title='bbox 1569 896 1748 926; x_wconf 88' lang='lat' dir='ltr'>destinavit</span> <span class='ocrx_word' id='word_1_469' title='bbox 1766 905 1824 935; x_wconf 90' lang='lat' dir='ltr'>per</span> <span class='ocrx_word' id='word_1_470' title='bbox 1841 897 1903 927; x_wconf 83' lang='lat' dir='ltr'>XX</span> <span class='ocrx_word' id='word_1_471' title='bbox 1922 896 1992 926; x_wconf 86' lang='lat' dir='ltr'>dies</span> <span class='ocrx_word' id='word_1_472' title='bbox 2009 900 2081 935; x_wconf 90' lang='lat' dir='ltr'>post</span> <span class='ocrx_word' id='word_1_473' title='bbox 2096 896 2259 935; x_wconf 82' lang='lat' dir='ltr'>prefixum</span> 
     </span>
     <span class='ocr_line' id='line_1_64' title="bbox 1246 948 2258 988; baseline 0 -8"><span class='ocrx_word' id='word_1_474' title='bbox 1246 950 1275 980; x_wconf 91' lang='lat' dir='ltr'>ei</span> <span class='ocrx_word' id='word_1_475' title='bbox 1296 959 1312 979; x_wconf 90' lang='lat' dir='ltr'>a</span> <span class='ocrx_word' id='word_1_476' title='bbox 1326 949 1472 988; x_wconf 87' lang='lat' dir='ltr'>predicto</span> <span class='ocrx_word' id='word_1_477' title='bbox 1490 949 1723 987; x_wconf 84' lang='lat' dir='ltr'>predecessore</span> <span class='ocrx_word' id='word_1_478' title='bbox 1740 949 1919 979; x_wconf 87' lang='lat' dir='ltr'>terminum</span> <span class='ocrx_word' id='word_1_479' title='bbox 1937 953 1967 979; x_wconf 90' lang='lat' dir='ltr'>et</span> <span class='ocrx_word' id='word_1_480' title='bbox 1984 948 2127 987; x_wconf 87' lang='lat' dir='ltr'>amplius</span> <span class='ocrx_word' id='word_1_481' title='bbox 2145 957 2258 988; x_wconf 84' lang='lat' dir='ltr'>expec-</span> 
     </span>
     <span class='ocr_line' id='line_1_65' title="bbox 1246 1001 2257 1041; baseline 0 -9"><span class='ocrx_word' id='word_1_482' title='bbox 1246 1007 1345 1032; x_wconf 84' lang='lat' dir='ltr'>tatus.</span> <span class='ocrx_word' id='word_1_483' title='bbox 1363 1004 1471 1039; x_wconf 84' lang='lat' dir='ltr'>Quare</span> <span class='ocrx_word' id='word_1_484' title='bbox 1488 1002 1574 1031; x_wconf 87' lang='lat' dir='ltr'>idem</span> <span class='ocrx_word' id='word_1_485' title='bbox 1593 1002 1766 1040; x_wconf 87' lang='lat' dir='ltr'>episcopus</span> <span class='ocrx_word' id='word_1_486' title='bbox 1785 1002 1882 1032; x_wconf 86' lang='lat' dir='ltr'>nobis</span> <span class='ocrx_word' id='word_1_487' title='bbox 1898 1001 2072 1032; x_wconf 88' lang='lat' dir='ltr'>humiliter</span> <span class='ocrx_word' id='word_1_488' title='bbox 2090 1001 2257 1041; x_wconf 88' lang='lat' dir='ltr'>supplica-</span> 
     </span>
     <span class='ocr_line' id='line_1_66' title="bbox 1246 1054 2258 1093; baseline -0.002 -8"><span class='ocrx_word' id='word_1_489' title='bbox 1246 1055 1307 1086; x_wconf 83' lang='lat' dir='ltr'>vit.</span> <span class='ocrx_word' id='word_1_490' title='bbox 1329 1059 1375 1089; x_wconf 77' lang='lat' dir='ltr'>ut,</span> <span class='ocrx_word' id='word_1_491' title='bbox 1395 1064 1468 1084; x_wconf 89' lang='lat' dir='ltr'>cum</span> <span class='ocrx_word' id='word_1_492' title='bbox 1489 1055 1638 1093; x_wconf 84' lang='lat' dir='ltr'>prefatus</span> <span class='ocrx_word' id='word_1_493' title='bbox 1657 1064 1767 1085; x_wconf 89' lang='lat' dir='ltr'>comes</span> <span class='ocrx_word' id='word_1_494' title='bbox 1781 1055 1889 1092; x_wconf 89' lang='lat' dir='ltr'>ipsum</span> <span class='ocrx_word' id='word_1_495' title='bbox 1907 1059 1937 1085; x_wconf 87' lang='lat' dir='ltr'>et</span> <span class='ocrx_word' id='word_1_496' title='bbox 1959 1054 2133 1084; x_wconf 88' lang='lat' dir='ltr'>ecclesiam</span> <span class='ocrx_word' id='word_1_497' title='bbox 2150 1054 2258 1092; x_wconf 83' lang='lat' dir='ltr'>ipsam</span> 
     </span>
    </p>
   </div>
   <div class='ocr_carea' id='block_1_12' title="bbox 1207 1106 2257 1146">
    <p class='ocr_par' dir='ltr' id='par_1_13' title="bbox 1207 1106 2257 1146">
     <span class='ocr_line' id='line_1_67' title="bbox 1207 1106 2257 1146; baseline 0 -9"><span class='ocrx_word' id='word_1_498' title='bbox 1207 1121 1212 1126; x_wconf 89' lang='lat'>·</span> <span class='ocrx_word' id='word_1_499' title='bbox 1244 1107 1423 1146; x_wconf 87' lang='lat' dir='ltr'>multiplici</span> <span class='ocrx_word' id='word_1_500' title='bbox 1447 1107 1618 1137; x_wconf 77' lang='lat' dir='ltr'>vexatione</span> <span class='ocrx_word' id='word_1_501' title='bbox 1643 1107 1771 1144; x_wconf 73' lang='lat' dir='ltr'>fatiget,</span> <span class='ocrx_word' id='word_1_502' title='bbox 1798 1107 1869 1137; x_wconf 89' lang='lat' dir='ltr'>suis</span> <span class='ocrx_word' id='word_1_503' title='bbox 1890 1111 1921 1136; x_wconf 78' lang='lat' dir='ltr'>et</span> <span class='ocrx_word' id='word_1_504' title='bbox 1946 1107 2093 1145; x_wconf 88' lang='lat' dir='ltr'>ejusdem</span> <span class='ocrx_word' id='word_1_505' title='bbox 2117 1106 2257 1137; x_wconf 87' lang='lat' dir='ltr'>ecclesie</span> 
     </span>
    </p>
   </div>
   <div class='ocr_carea' id='block_1_13' title="bbox 1203 2660 1208 2793">
    <p class='ocr_par' dir='ltr' id='par_1_14' title="bbox 1203 2660 1208 2793">
     <span class='ocr_line' id='line_1_68' title="bbox 1203 2660 1208 2725; baseline 0 0"><span class='ocrx_word' id='word_1_506' title='bbox 1203 2660 1208 2725; x_wconf 68' lang='lat' dir='ltr'>l</span> 
     </span>
     <span class='ocr_line' id='line_1_69' title="bbox 1203 2734 1208 2793; baseline 0 0"><span class='ocrx_word' id='word_1_507' title='bbox 1203 2734 1208 2793; x_wconf 79' lang='lat' dir='ltr'>l</span> 
     </span>
    </p>
   </div>
   <div class='ocr_carea' id='block_1_14' title="bbox 1204 2800 1209 2894">
    <p class='ocr_par' dir='ltr' id='par_1_15' title="bbox 1204 2800 1209 2894">
     <span class='ocr_line' id='line_1_70' title="bbox 1204 2800 1209 2894; baseline 0 0"><span class='ocrx_word' id='word_1_508' title='bbox 1204 2800 1209 2894; x_wconf 95' lang='lat' dir='ltr'> </span> 
     </span>
    </p>
   </div>
   <div class='ocr_carea' id='block_1_15' title="bbox 1245 1159 2275 1205">
    <p class='ocr_par' dir='ltr' id='par_1_16' title="bbox 1245 1159 2275 1205">
     <span class='ocr_line' id='line_1_71' title="bbox 1245 1159 2275 1205; baseline 0 -15"><span class='ocrx_word' id='word_1_509' title='bbox 1245 1160 1412 1199; x_wconf 85' lang='lat' dir='ltr'>pressuris</span> <span class='ocrx_word' id='word_1_510' title='bbox 1440 1164 1471 1189; x_wconf 87' lang='lat' dir='ltr'>ct</span> <span class='ocrx_word' id='word_1_511' title='bbox 1499 1160 1664 1197; x_wconf 86' lang='lat' dir='ltr'>angustiis</span> <span class='ocrx_word' id='word_1_512' title='bbox 1689 1164 1826 1198; x_wconf 87' lang='lat' dir='ltr'>paterno</span> <span class='ocrx_word' id='word_1_513' title='bbox 1852 1159 2090 1198; x_wconf 87' lang='lat' dir='ltr'>compatientes</span> <span class='ocrx_word' id='word_1_514' title='bbox 2114 1159 2275 1205; x_wconf 43' lang='lat' dir='ltr'>affectu,-</span> 
     </span>
    </p>
   </div>
   <div class='ocr_carea' id='block_1_16' title="bbox 1243 1211 2263 2879">
    <p class='ocr_par' dir='ltr' id='par_1_17' title="bbox 1243 1211 2263 2729">
     <span class='ocr_line' id='line_1_72' title="bbox 1244 1211 2255 1251; baseline -0.002 -8"><span class='ocrx_word' id='word_1_515' title='bbox 1244 1212 1416 1251; x_wconf 87' lang='lat' dir='ltr'>providere</span> <span class='ocrx_word' id='word_1_516' title='bbox 1436 1221 1534 1250; x_wconf 90' lang='lat' dir='ltr'>super</span> <span class='ocrx_word' id='word_1_517' title='bbox 1555 1211 1622 1242; x_wconf 88' lang='lat' dir='ltr'>hiis</span> <span class='ocrx_word' id='word_1_518' title='bbox 1643 1216 1781 1250; x_wconf 85' lang='lat' dir='ltr'>paterna</span> <span class='ocrx_word' id='word_1_519' title='bbox 1801 1211 2027 1242; x_wconf 87' lang='lat' dir='ltr'>sollicitudine</span> <span class='ocrx_word' id='word_1_520' title='bbox 2050 1221 2255 1242; x_wconf 84' lang='lat' dir='ltr'>curaremus.</span> 
     </span>
     <span class='ocr_line' id='line_1_73' title="bbox 1245 1264 2258 1302; baseline -0.001 -7"><span class='ocrx_word' id='word_1_521' title='bbox 1245 1265 1405 1302; x_wconf 83' lang='lat' dir='ltr'>Quocirca</span> <span class='ocrx_word' id='word_1_522' title='bbox 1418 1264 1613 1294; x_wconf 80' lang='lat' dir='ltr'>mandamus</span> <span class='ocrx_word' id='word_1_523' title='bbox 1624 1264 1794 1302; x_wconf 79' lang='lat' dir='ltr'>quatinus,</span> <span class='ocrx_word' id='word_1_524' title='bbox 1807 1264 1957 1302; x_wconf 86' lang='lat' dir='ltr'>partibus</span> <span class='ocrx_word' id='word_1_525' title='bbox 1969 1264 2157 1295; x_wconf 86' lang='lat' dir='ltr'>convocatis</span> <span class='ocrx_word' id='word_1_526' title='bbox 2167 1264 2258 1294; x_wconf 83' lang='lat' dir='ltr'>infra</span> 
     </span>
     <span class='ocr_line' id='line_1_74' title="bbox 1245 1317 2258 1355; baseline -0.001 -8"><span class='ocrx_word' id='word_1_527' title='bbox 1245 1318 1326 1348; x_wconf 89' lang='lat' dir='ltr'>duos</span> <span class='ocrx_word' id='word_1_528' title='bbox 1342 1326 1475 1347; x_wconf 87' lang='lat' dir='ltr'>menses</span> <span class='ocrx_word' id='word_1_529' title='bbox 1491 1322 1563 1355; x_wconf 89' lang='lat' dir='ltr'>post</span> <span class='ocrx_word' id='word_1_530' title='bbox 1579 1317 1803 1355; x_wconf 82' lang='lat' dir='ltr'>receptionem</span> <span class='ocrx_word' id='word_1_531' title='bbox 1821 1317 2039 1355; x_wconf 87' lang='lat' dir='ltr'>presentium,</span> <span class='ocrx_word' id='word_1_532' title='bbox 2057 1317 2189 1347; x_wconf 85' lang='lat' dir='ltr'>faciatis</span> <span class='ocrx_word' id='word_1_533' title='bbox 2205 1325 2258 1347; x_wconf 91' lang='lat' dir='ltr'>su-</span> 
     </span>
     <span class='ocr_line' id='line_1_75' title="bbox 1245 1369 2259 1409; baseline -0.002 -8"><span class='ocrx_word' id='word_1_534' title='bbox 1245 1380 1302 1409; x_wconf 87' lang='lat' dir='ltr'>per</span> <span class='ocrx_word' id='word_1_535' title='bbox 1318 1369 1460 1408; x_wconf 71' lang='lat' dir='ltr'>singulis</span> <span class='ocrx_word' id='word_1_536' title='bbox 1482 1369 1633 1399; x_wconf 83' lang='lat' dir='ltr'>articulis</span> <span class='ocrx_word' id='word_1_537' title='bbox 1656 1370 1690 1399; x_wconf 90' lang='lat' dir='ltr'>in</span> <span class='ocrx_word' id='word_1_538' title='bbox 1716 1369 1829 1399; x_wconf 85' lang='lat' dir='ltr'>libello</span> <span class='ocrx_word' id='word_1_539' title='bbox 1849 1369 2014 1399; x_wconf 88' lang='lat' dir='ltr'>contentis</span> <span class='ocrx_word' id='word_1_540' title='bbox 2035 1369 2162 1399; x_wconf 89' lang='lat' dir='ltr'>inserto</span> <span class='ocrx_word' id='word_1_541' title='bbox 2182 1377 2259 1408; x_wconf 85' lang='lat' dir='ltr'>pre-</span> 
     </span>
     <span class='ocr_line' id='line_1_76' title="bbox 1246 1421 2256 1460; baseline -0.002 -7"><span class='ocrx_word' id='word_1_542' title='bbox 1246 1423 1397 1454; x_wconf 85' lang='lat' dir='ltr'>sentibus</span> <span class='ocrx_word' id='word_1_543' title='bbox 1433 1422 1556 1452; x_wconf 89' lang='lat' dir='ltr'>litteris</span> <span class='ocrx_word' id='word_1_544' title='bbox 1597 1431 1707 1452; x_wconf 91' lang='lat' dir='ltr'>coram</span> <span class='ocrx_word' id='word_1_545' title='bbox 1746 1422 1842 1452; x_wconf 91' lang='lat' dir='ltr'>nobis</span> <span class='ocrx_word' id='word_1_546' title='bbox 1875 1421 2024 1460; x_wconf 80' lang='lat' dir='ltr'>legitime</span> <span class='ocrx_word' id='word_1_547' title='bbox 2057 1422 2256 1457; x_wconf 81' lang='lat' dir='ltr'>contestari,</span> 
     </span>
     <span class='ocr_line' id='line_1_77' title="bbox 1246 1473 2259 1514; baseline -0.002 -8"><span class='ocrx_word' id='word_1_548' title='bbox 1246 1480 1277 1506; x_wconf 88' lang='lat' dir='ltr'>et</span> <span class='ocrx_word' id='word_1_549' title='bbox 1299 1480 1429 1514; x_wconf 86' lang='lat' dir='ltr'>recepto</span> <span class='ocrx_word' id='word_1_550' title='bbox 1452 1475 1492 1504; x_wconf 84' lang='lat' dir='ltr'>ab</span> <span class='ocrx_word' id='word_1_551' title='bbox 1513 1474 1638 1505; x_wconf 88' lang='lat' dir='ltr'>eisdem</span> <span class='ocrx_word' id='word_1_552' title='bbox 1657 1474 1859 1512; x_wconf 86' lang='lat' dir='ltr'>callumpnie</span> <span class='ocrx_word' id='word_1_553' title='bbox 1875 1474 2066 1513; x_wconf 85' lang='lat' dir='ltr'>juramento</span> <span class='ocrx_word' id='word_1_554' title='bbox 2088 1482 2126 1504; x_wconf 89' lang='lat' dir='ltr'>ac</span> <span class='ocrx_word' id='word_1_555' title='bbox 2145 1473 2179 1504; x_wconf 91' lang='lat' dir='ltr'>in</span> <span class='ocrx_word' id='word_1_556' title='bbox 2198 1483 2259 1504; x_wconf 89' lang='lat' dir='ltr'>ne-</span> 
     </span>
     <span class='ocr_line' id='line_1_78' title="bbox 1246 1526 2260 1567; baseline -0.001 -9"><span class='ocrx_word' id='word_1_557' title='bbox 1246 1529 1334 1567; x_wconf 82' lang='lat' dir='ltr'>gotio</span> <span class='ocrx_word' id='word_1_558' title='bbox 1357 1527 1578 1566; x_wconf 87' lang='lat' dir='ltr'>appellatione</span> <span class='ocrx_word' id='word_1_559' title='bbox 1594 1531 1720 1558; x_wconf 84' lang='lat' dir='ltr'>remota</span> <span class='ocrx_word' id='word_1_560' title='bbox 1740 1526 1894 1566; x_wconf 86' lang='lat' dir='ltr'>ra[tione]</span> <span class='ocrx_word' id='word_1_561' title='bbox 1918 1527 2124 1565; x_wconf 87' lang='lat' dir='ltr'>presentium</span> <span class='ocrx_word' id='word_1_562' title='bbox 2143 1535 2260 1566; x_wconf 89' lang='lat' dir='ltr'>proce-</span> 
     </span>
     <span class='ocr_line' id='line_1_79' title="bbox 1246 1580 2260 1619; baseline -0.001 -8"><span class='ocrx_word' id='word_1_563' title='bbox 1246 1582 1373 1616; x_wconf 79' lang='lat' dir='ltr'>dentes,</span> <span class='ocrx_word' id='word_1_564' title='bbox 1405 1581 1515 1619; x_wconf 86' lang='lat' dir='ltr'>ipsum</span> <span class='ocrx_word' id='word_1_565' title='bbox 1543 1580 1634 1610; x_wconf 86' lang='lat' dir='ltr'>infra</span> <span class='ocrx_word' id='word_1_566' title='bbox 1664 1580 1806 1610; x_wconf 88' lang='lat' dir='ltr'>aliorum</span> <span class='ocrx_word' id='word_1_567' title='bbox 1833 1589 1889 1610; x_wconf 82' lang='lat' dir='ltr'>sex</span> <span class='ocrx_word' id='word_1_568' title='bbox 1915 1580 2082 1610; x_wconf 82' lang='lat' dir='ltr'>mensium</span> <span class='ocrx_word' id='word_1_569' title='bbox 2109 1580 2260 1619; x_wconf 86' lang='lat' dir='ltr'>spacium</span> 
     </span>
     <span class='ocr_line' id='line_1_80' title="bbox 1246 1632 2260 1671; baseline -0.002 -7"><span class='ocrx_word' id='word_1_570' title='bbox 1246 1634 1450 1664; x_wconf 84' lang='lat' dir='ltr'>sufficienter</span> <span class='ocrx_word' id='word_1_571' title='bbox 1482 1633 1683 1663; x_wconf 85' lang='lat' dir='ltr'>instructum</span> <span class='ocrx_word' id='word_1_572' title='bbox 1714 1633 1755 1663; x_wconf 85' lang='lat' dir='ltr'>ad</span> <span class='ocrx_word' id='word_1_573' title='bbox 1784 1642 1921 1663; x_wconf 81' lang='lat' dir='ltr'>examen</span> <span class='ocrx_word' id='word_1_574' title='bbox 1954 1633 2049 1663; x_wconf 83' lang='lat' dir='ltr'>Sedis</span> <span class='ocrx_word' id='word_1_575' title='bbox 2081 1632 2260 1671; x_wconf 88' lang='lat' dir='ltr'>apostolice</span> 
     </span>
     <span class='ocr_line' id='line_1_81' title="bbox 1246 1685 2261 1725; baseline -0.002 -9"><span class='ocrx_word' id='word_1_576' title='bbox 1246 1687 1424 1717; x_wconf 85' lang='lat' dir='ltr'>remittatis</span> <span class='ocrx_word' id='word_1_577' title='bbox 1439 1696 1444 1714; x_wconf 92' lang='lat'><strong>:</strong></span> <span class='ocrx_word' id='word_1_578' title='bbox 1463 1686 1614 1725; x_wconf 86' lang='lat' dir='ltr'>injuncto</span> <span class='ocrx_word' id='word_1_579' title='bbox 1627 1685 1866 1715; x_wconf 86' lang='lat' dir='ltr'>nichilominus</span> <span class='ocrx_word' id='word_1_580' title='bbox 1884 1685 2034 1723; x_wconf 87' lang='lat' dir='ltr'>partibus</span> <span class='ocrx_word' id='word_1_581' title='bbox 2048 1685 2143 1723; x_wconf 71' lang='lat' dir='ltr'>ipsis,</span> <span class='ocrx_word' id='word_1_582' title='bbox 2159 1689 2196 1718; x_wconf 77' lang='lat' dir='ltr'>ut</span> <span class='ocrx_word' id='word_1_583' title='bbox 2210 1685 2261 1714; x_wconf 90' lang='lat' dir='ltr'>in-</span> 
     </span>
     <span class='ocr_line' id='line_1_82' title="bbox 1246 1738 2260 1778; baseline -0.002 -8"><span class='ocrx_word' id='word_1_584' title='bbox 1246 1741 1297 1770; x_wconf 82' lang='lat' dir='ltr'>sra</span> <span class='ocrx_word' id='word_1_585' title='bbox 1315 1740 1402 1769; x_wconf 87' lang='lat' dir='ltr'>idem</span> <span class='ocrx_word' id='word_1_586' title='bbox 1419 1739 1583 1777; x_wconf 77' lang='lat' dir='ltr'>spacium,</span> <span class='ocrx_word' id='word_1_587' title='bbox 1602 1739 1689 1778; x_wconf 85' lang='lat' dir='ltr'>quod</span> <span class='ocrx_word' id='word_1_588' title='bbox 1709 1747 1766 1777; x_wconf 89' lang='lat' dir='ltr'>pro</span> <span class='ocrx_word' id='word_1_589' title='bbox 1787 1738 2008 1777; x_wconf 88' lang='lat' dir='ltr'>peremptorio</span> <span class='ocrx_word' id='word_1_590' title='bbox 2024 1738 2166 1768; x_wconf 87' lang='lat' dir='ltr'>termino</span> <span class='ocrx_word' id='word_1_591' title='bbox 2184 1747 2260 1777; x_wconf 87' lang='lat' dir='ltr'>pre-</span> 
     </span>
     <span class='ocr_line' id='line_1_83' title="bbox 1246 1791 2260 1830; baseline 0 -9"><span class='ocrx_word' id='word_1_592' title='bbox 1246 1792 1356 1830; x_wconf 75' lang='lat' dir='ltr'>figatis</span> <span class='ocrx_word' id='word_1_593' title='bbox 1373 1792 1509 1827; x_wconf 81' lang='lat' dir='ltr'>eisdem,</span> <span class='ocrx_word' id='word_1_594' title='bbox 1524 1800 1583 1830; x_wconf 88' lang='lat' dir='ltr'>per</span> <span class='ocrx_word' id='word_1_595' title='bbox 1597 1800 1630 1822; x_wconf 79' lang='lat' dir='ltr'>se</span> <span class='ocrx_word' id='word_1_596' title='bbox 1647 1791 1696 1820; x_wconf 80' lang='lat' dir='ltr'>vel</span> <span class='ocrx_word' id='word_1_597' title='bbox 1716 1801 1772 1829; x_wconf 91' lang='lat' dir='ltr'>per</span> <span class='ocrx_word' id='word_1_598' title='bbox 1784 1795 2014 1829; x_wconf 87' lang='lat' dir='ltr'>procuratores</span> <span class='ocrx_word' id='word_1_599' title='bbox 2027 1791 2165 1821; x_wconf 87' lang='lat' dir='ltr'>idoneos</span> <span class='ocrx_word' id='word_1_600' title='bbox 2181 1799 2260 1821; x_wconf 86' lang='lat' dir='ltr'>nos-</span> 
     </span>
     <span class='ocr_line' id='line_1_84' title="bbox 1247 1843 2256 1882; baseline 0 -8"><span class='ocrx_word' id='word_1_601' title='bbox 1247 1849 1296 1874; x_wconf 87' lang='lat' dir='ltr'>tro</span> <span class='ocrx_word' id='word_1_602' title='bbox 1313 1854 1347 1875; x_wconf 87' lang='lat' dir='ltr'>se</span> <span class='ocrx_word' id='word_1_603' title='bbox 1364 1844 1553 1882; x_wconf 81' lang='lat' dir='ltr'>conspectui</span> <span class='ocrx_word' id='word_1_604' title='bbox 1573 1848 1813 1882; x_wconf 86' lang='lat' dir='ltr'>representent,</span> <span class='ocrx_word' id='word_1_605' title='bbox 1830 1844 1966 1882; x_wconf 87' lang='lat' dir='ltr'>justam,</span> <span class='ocrx_word' id='word_1_606' title='bbox 1985 1843 2083 1873; x_wconf 86' lang='lat' dir='ltr'>dante</span> <span class='ocrx_word' id='word_1_607' title='bbox 2099 1843 2256 1880; x_wconf 89' lang='lat' dir='ltr'>Domino,</span> 
     </span>
     <span class='ocr_line' id='line_1_85' title="bbox 1247 1896 2259 1935; baseline -0.001 -8"><span class='ocrx_word' id='word_1_608' title='bbox 1247 1897 1447 1927; x_wconf 84' lang='lat' dir='ltr'>sententiam</span> <span class='ocrx_word' id='word_1_609' title='bbox 1462 1901 1642 1935; x_wconf 84' lang='lat' dir='ltr'>reccpture.</span> <span class='ocrx_word' id='word_1_610' title='bbox 1663 1896 1755 1933; x_wconf 82' lang='lat' dir='ltr'>Quod</span> <span class='ocrx_word' id='word_1_611' title='bbox 1770 1896 1797 1926; x_wconf 92' lang='lat' dir='ltr'>si</span> <span class='ocrx_word' id='word_1_612' title='bbox 1809 1896 1950 1926; x_wconf 82' lang='lat' dir='ltr'>forsitan</span> <span class='ocrx_word' id='word_1_613' title='bbox 1965 1900 2097 1935; x_wconf 85' lang='lat' dir='ltr'>propter</span> <span class='ocrx_word' id='word_1_614' title='bbox 2111 1896 2259 1935; x_wconf 87' lang='lat' dir='ltr'>ejusdem</span> 
     </span>
     <span class='ocr_line' id='line_1_86' title="bbox 1247 1949 2259 1987; baseline -0.001 -7"><span class='ocrx_word' id='word_1_615' title='bbox 1247 1951 1378 1980; x_wconf 90' lang='lat' dir='ltr'>comitis</span> <span class='ocrx_word' id='word_1_616' title='bbox 1395 1950 1611 1980; x_wconf 86' lang='lat' dir='ltr'>cavilationes</span> <span class='ocrx_word' id='word_1_617' title='bbox 1628 1954 1658 1980; x_wconf 89' lang='lat' dir='ltr'>et</span> <span class='ocrx_word' id='word_1_618' title='bbox 1675 1949 1813 1987; x_wconf 76' lang='lat' dir='ltr'>diffugia</span> <span class='ocrx_word' id='word_1_619' title='bbox 1830 1949 1919 1978; x_wconf 77' lang='lat' dir='ltr'>infra</span> <span class='ocrx_word' id='word_1_620' title='bbox 1941 1949 2045 1979; x_wconf 87' lang='lat' dir='ltr'>dictos</span> <span class='ocrx_word' id='word_1_621' title='bbox 2068 1949 2149 1979; x_wconf 90' lang='lat' dir='ltr'>duos</span> <span class='ocrx_word' id='word_1_622' title='bbox 2165 1957 2259 1979; x_wconf 88' lang='lat' dir='ltr'>men-</span> 
     </span>
     <span class='ocr_line' id='line_1_87' title="bbox 1247 2000 2260 2042; baseline -0.002 -9"><span class='ocrx_word' id='word_1_623' title='bbox 1247 2012 1300 2033; x_wconf 88' lang='lat' dir='ltr'>ses</span> <span class='ocrx_word' id='word_1_624' title='bbox 1314 2012 1413 2042; x_wconf 88' lang='lat' dir='ltr'>super</span> <span class='ocrx_word' id='word_1_625' title='bbox 1429 2003 1566 2041; x_wconf 83' lang='lat' dir='ltr'>prefatis</span> <span class='ocrx_word' id='word_1_626' title='bbox 1582 2002 1732 2032; x_wconf 83' lang='lat' dir='ltr'>articulis</span> <span class='ocrx_word' id='word_1_627' title='bbox 1752 2001 1801 2032; x_wconf 85' lang='lat' dir='ltr'>vel</span> <span class='ocrx_word' id='word_1_628' title='bbox 1821 2010 1934 2032; x_wconf 89' lang='lat' dir='ltr'>eorum</span> <span class='ocrx_word' id='word_1_629' title='bbox 1952 2001 2122 2040; x_wconf 84' lang='lat' dir='ltr'>aliquibus</span> <span class='ocrx_word' id='word_1_630' title='bbox 2136 2000 2179 2031; x_wconf 88' lang='lat' dir='ltr'>lis</span> <span class='ocrx_word' id='word_1_631' title='bbox 2193 2009 2260 2032; x_wconf 88' lang='lat' dir='ltr'>non</span> 
     </span>
     <span class='ocr_line' id='line_1_88' title="bbox 1247 2055 2261 2094; baseline -0.003 -7"><span class='ocrx_word' id='word_1_632' title='bbox 1247 2057 1348 2087; x_wconf 80' lang='lat' dir='ltr'>suerit</span> <span class='ocrx_word' id='word_1_633' title='bbox 1366 2061 1559 2091; x_wconf 70' lang='lat' dir='ltr'>contestata,</span> <span class='ocrx_word' id='word_1_634' title='bbox 1581 2065 1638 2086; x_wconf 83' lang='lat' dir='ltr'>vos</span> <span class='ocrx_word' id='word_1_635' title='bbox 1655 2059 1774 2086; x_wconf 75' lang='lat' dir='ltr'>extunc</span> <span class='ocrx_word' id='word_1_636' title='bbox 1796 2064 1895 2094; x_wconf 88' lang='lat' dir='ltr'>super</span> <span class='ocrx_word' id='word_1_637' title='bbox 1914 2055 1997 2093; x_wconf 89' lang='lat' dir='ltr'>ipsis</span> <span class='ocrx_word' id='word_1_638' title='bbox 2016 2055 2057 2085; x_wconf 89' lang='lat' dir='ltr'>ad</span> <span class='ocrx_word' id='word_1_639' title='bbox 2078 2055 2212 2086; x_wconf 88' lang='lat' dir='ltr'>testium</span> <span class='ocrx_word' id='word_1_640' title='bbox 2228 2058 2261 2085; x_wconf 81' lang='lat' dir='ltr'>et</span> 
     </span>
     <span class='ocr_line' id='line_1_89' title="bbox 1248 2098 2260 2148; baseline -0.002 -9"><span class='ocrx_word' id='word_1_641' title='bbox 1248 2110 1390 2139; x_wconf 89' lang='lat' dir='ltr'>aliarum</span> <span class='ocrx_word' id='word_1_642' title='bbox 1412 2109 1644 2148; x_wconf 86' lang='lat' dir='ltr'>probationum</span> <span class='ocrx_word' id='word_1_643' title='bbox 1667 2108 1889 2147; x_wconf 86' lang='lat' dir='ltr'>receptionem</span> <span class='ocrx_word' id='word_1_644' title='bbox 1908 2108 1947 2138; x_wconf 91' lang='lat' dir='ltr'>de</span> <span class='ocrx_word' id='word_1_645' title='bbox 1966 2098 2064 2146; x_wconf 85' lang='lat' dir='ltr'>plano</span> <span class='ocrx_word' id='word_1_646' title='bbox 2083 2111 2114 2138; x_wconf 88' lang='lat' dir='ltr'>et</span> <span class='ocrx_word' id='word_1_647' title='bbox 2135 2107 2260 2146; x_wconf 84' lang='lat' dir='ltr'>absque</span> 
     </span>
     <span class='ocr_line' id='line_1_90' title="bbox 1243 2160 2260 2201; baseline -0.001 -10"><span class='ocrx_word' id='word_1_648' title='bbox 1243 2162 1363 2201; x_wconf 86' lang='lat' dir='ltr'>judicii</span> <span class='ocrx_word' id='word_1_649' title='bbox 1379 2162 1519 2200; x_wconf 87' lang='lat' dir='ltr'>strepitu</span> <span class='ocrx_word' id='word_1_650' title='bbox 1541 2161 1737 2191; x_wconf 87' lang='lat' dir='ltr'>auctoritate</span> <span class='ocrx_word' id='word_1_651' title='bbox 1761 2165 1871 2191; x_wconf 86' lang='lat' dir='ltr'>nostra</span> <span class='ocrx_word' id='word_1_652' title='bbox 1894 2160 2071 2198; x_wconf 82' lang='lat' dir='ltr'>procedere</span> <span class='ocrx_word' id='word_1_653' title='bbox 2098 2168 2136 2190; x_wconf 88' lang='lat' dir='ltr'>ac</span> <span class='ocrx_word' id='word_1_654' title='bbox 2158 2168 2260 2198; x_wconf 86' lang='lat' dir='ltr'>nego-</span> 
     </span>
     <span class='ocr_line' id='line_1_91' title="bbox 1248 2212 2262 2253; baseline -0.002 -9"><span class='ocrx_word' id='word_1_655' title='bbox 1248 2215 1337 2244; x_wconf 88' lang='lat' dir='ltr'>cium</span> <span class='ocrx_word' id='word_1_656' title='bbox 1358 2215 1467 2253; x_wconf 89' lang='lat' dir='ltr'>ipsum</span> <span class='ocrx_word' id='word_1_657' title='bbox 1490 2214 1578 2243; x_wconf 83' lang='lat' dir='ltr'>infra</span> <span class='ocrx_word' id='word_1_658' title='bbox 1600 2214 1762 2243; x_wconf 87' lang='lat' dir='ltr'>dictorum</span> <span class='ocrx_word' id='word_1_659' title='bbox 1786 2222 1841 2243; x_wconf 84' lang='lat' dir='ltr'>sex</span> <span class='ocrx_word' id='word_1_660' title='bbox 1863 2213 2030 2243; x_wconf 88' lang='lat' dir='ltr'>mensium</span> <span class='ocrx_word' id='word_1_661' title='bbox 2052 2213 2202 2251; x_wconf 86' lang='lat' dir='ltr'>spacium</span> <span class='ocrx_word' id='word_1_662' title='bbox 2220 2212 2262 2242; x_wconf 85' lang='lat' dir='ltr'>ad</span> 
     </span>
     <span class='ocr_line' id='line_1_92' title="bbox 1248 2266 2261 2306; baseline -0.002 -8"><span class='ocrx_word' id='word_1_663' title='bbox 1248 2277 1385 2299; x_wconf 80' lang='lat' dir='ltr'>examen</span> <span class='ocrx_word' id='word_1_664' title='bbox 1402 2267 1619 2306; x_wconf 87' lang='lat' dir='ltr'>apostolicum</span> <span class='ocrx_word' id='word_1_665' title='bbox 1636 2267 1804 2297; x_wconf 87' lang='lat' dir='ltr'>remittere</span> <span class='ocrx_word' id='word_1_666' title='bbox 1820 2267 2005 2305; x_wconf 87' lang='lat' dir='ltr'>procuretis</span> <span class='ocrx_word' id='word_1_667' title='bbox 2023 2276 2029 2295; x_wconf 91' lang='lat'>:</span> <span class='ocrx_word' id='word_1_668' title='bbox 2046 2266 2261 2306; x_wconf 85' lang='lat' dir='ltr'>injungentes</span> 
     </span>
     <span class='ocr_line' id='line_1_93' title="bbox 1247 2320 2262 2360; baseline -0.001 -10"><span class='ocrx_word' id='word_1_669' title='bbox 1247 2321 1386 2360; x_wconf 84' lang='lat' dir='ltr'>prefatis</span> <span class='ocrx_word' id='word_1_670' title='bbox 1401 2321 1561 2359; x_wconf 80' lang='lat' dir='ltr'>partibus,</span> <span class='ocrx_word' id='word_1_671' title='bbox 1580 2324 1615 2350; x_wconf 89' lang='lat' dir='ltr'>ut</span> <span class='ocrx_word' id='word_1_672' title='bbox 1630 2320 1716 2350; x_wconf 82' lang='lat' dir='ltr'>infra</span> <span class='ocrx_word' id='word_1_673' title='bbox 1736 2320 1867 2350; x_wconf 89' lang='lat' dir='ltr'>eosdem</span> <span class='ocrx_word' id='word_1_674' title='bbox 1880 2329 1936 2350; x_wconf 81' lang='lat' dir='ltr'>sex</span> <span class='ocrx_word' id='word_1_675' title='bbox 1953 2328 2085 2350; x_wconf 89' lang='lat' dir='ltr'>menses</span> <span class='ocrx_word' id='word_1_676' title='bbox 2098 2323 2212 2349; x_wconf 87' lang='lat' dir='ltr'>nostro</span> <span class='ocrx_word' id='word_1_677' title='bbox 2225 2327 2262 2349; x_wconf 86' lang='lat' dir='ltr'>se</span> 
     </span>
     <span class='ocr_line' id='line_1_94' title="bbox 1248 2371 2262 2412; baseline -0.002 -8"><span class='ocrx_word' id='word_1_678' title='bbox 1248 2374 1439 2412; x_wconf 84' lang='lat' dir='ltr'>conspectui</span> <span class='ocrx_word' id='word_1_679' title='bbox 1458 2377 1699 2412; x_wconf 77' lang='lat' dir='ltr'>representem.</span> <span class='ocrx_word' id='word_1_680' title='bbox 1717 2373 1881 2403; x_wconf 84' lang='lat' dir='ltr'>Nolumus</span> <span class='ocrx_word' id='word_1_681' title='bbox 1898 2377 2009 2403; x_wconf 87' lang='lat' dir='ltr'>autem</span> <span class='ocrx_word' id='word_1_682' title='bbox 2025 2372 2113 2411; x_wconf 89' lang='lat' dir='ltr'>quod</span> <span class='ocrx_word' id='word_1_683' title='bbox 2124 2381 2183 2411; x_wconf 90' lang='lat' dir='ltr'>per</span> <span class='ocrx_word' id='word_1_684' title='bbox 2197 2371 2262 2402; x_wconf 88' lang='lat' dir='ltr'>hu-</span> 
     </span>
     <span class='ocr_line' id='line_1_95' title="bbox 1245 2425 2262 2467; baseline -0.003 -10"><span class='ocrx_word' id='word_1_685' title='bbox 1245 2427 1391 2467; x_wconf 84' lang='lat' dir='ltr'>jusmodi</span> <span class='ocrx_word' id='word_1_686' title='bbox 1415 2427 1647 2465; x_wconf 84' lang='lat' dir='ltr'>probationum</span> <span class='ocrx_word' id='word_1_687' title='bbox 1671 2430 1701 2456; x_wconf 90' lang='lat' dir='ltr'>et</span> <span class='ocrx_word' id='word_1_688' title='bbox 1728 2426 1862 2456; x_wconf 87' lang='lat' dir='ltr'>testium</span> <span class='ocrx_word' id='word_1_689' title='bbox 1887 2426 2109 2464; x_wconf 86' lang='lat' dir='ltr'>receptionem</span> <span class='ocrx_word' id='word_1_690' title='bbox 2132 2425 2262 2463; x_wconf 76' lang='lat' dir='ltr'>prefato</span> 
     </span>
     <span class='ocr_line' id='line_1_96' title="bbox 1249 2477 2262 2518; baseline -0.003 -8"><span class='ocrx_word' id='word_1_691' title='bbox 1249 2480 1361 2511; x_wconf 92' lang='lat' dir='ltr'>comiti</span> <span class='ocrx_word' id='word_1_692' title='bbox 1384 2489 1483 2518; x_wconf 89' lang='lat' dir='ltr'>super</span> <span class='ocrx_word' id='word_1_693' title='bbox 1503 2480 1572 2510; x_wconf 92' lang='lat' dir='ltr'>illis</span> <span class='ocrx_word' id='word_1_694' title='bbox 1598 2480 1749 2510; x_wconf 88' lang='lat' dir='ltr'>articulis</span> <span class='ocrx_word' id='word_1_695' title='bbox 1768 2488 1868 2518; x_wconf 89' lang='lat' dir='ltr'>super</span> <span class='ocrx_word' id='word_1_696' title='bbox 1891 2479 2013 2518; x_wconf 85' lang='lat' dir='ltr'>quibus</span> <span class='ocrx_word' id='word_1_697' title='bbox 2032 2486 2142 2508; x_wconf 86' lang='lat' dir='ltr'>coram</span> <span class='ocrx_word' id='word_1_698' title='bbox 2165 2477 2262 2508; x_wconf 85' lang='lat' dir='ltr'>nobis</span> 
     </span>
     <span class='ocr_line' id='line_1_97' title="bbox 1247 2530 2262 2571; baseline -0.003 -8"><span class='ocrx_word' id='word_1_699' title='bbox 1247 2533 1396 2571; x_wconf 80' lang='lat' dir='ltr'>legitime</span> <span class='ocrx_word' id='word_1_700' title='bbox 1412 2533 1585 2563; x_wconf 89' lang='lat' dir='ltr'>ostendere</span> <span class='ocrx_word' id='word_1_701' title='bbox 1602 2533 1722 2571; x_wconf 87' lang='lat' dir='ltr'>poterit</span> <span class='ocrx_word' id='word_1_702' title='bbox 1733 2532 1803 2562; x_wconf 89' lang='lat' dir='ltr'>litis</span> <span class='ocrx_word' id='word_1_703' title='bbox 1821 2531 2095 2562; x_wconf 84' lang='lat' dir='ltr'>contestationem</span> <span class='ocrx_word' id='word_1_704' title='bbox 2108 2530 2181 2561; x_wconf 88' lang='lat' dir='ltr'>fieri</span> <span class='ocrx_word' id='word_1_705' title='bbox 2195 2538 2262 2560; x_wconf 86' lang='lat' dir='ltr'>non</span> 
     </span>
     <span class='ocr_line' id='line_1_98' title="bbox 1249 2582 2263 2624; baseline -0.003 -9"><span class='ocrx_word' id='word_1_706' title='bbox 1249 2586 1379 2622; x_wconf 85' lang='lat' dir='ltr'>dehere,</span> <span class='ocrx_word' id='word_1_707' title='bbox 1398 2595 1497 2624; x_wconf 86' lang='lat' dir='ltr'>super</span> <span class='ocrx_word' id='word_1_708' title='bbox 1513 2594 1577 2624; x_wconf 87' lang='lat' dir='ltr'>quo</span> <span class='ocrx_word' id='word_1_709' title='bbox 1594 2586 1641 2620; x_wconf 86' lang='lat' dir='ltr'>ei,</span> <span class='ocrx_word' id='word_1_710' title='bbox 1661 2585 1688 2615; x_wconf 86' lang='lat' dir='ltr'>si</span> <span class='ocrx_word' id='word_1_711' title='bbox 1708 2585 1863 2620; x_wconf 78' lang='lat' dir='ltr'>voluerit,</span> <span class='ocrx_word' id='word_1_712' title='bbox 1879 2584 2084 2614; x_wconf 86' lang='lat' dir='ltr'>audientiam</span> <span class='ocrx_word' id='word_1_713' title='bbox 2106 2582 2263 2613; x_wconf 82' lang='lat' dir='ltr'>exhibere</span> 
     </span>
     <span class='ocr_line' id='line_1_99' title="bbox 1249 2637 2260 2677; baseline -0.003 -9"><span class='ocrx_word' id='word_1_714' title='bbox 1249 2638 1455 2673; x_wconf 85' lang='lat' dir='ltr'>curabimus,</span> <span class='ocrx_word' id='word_1_715' title='bbox 1474 2638 1607 2677; x_wconf 87' lang='lat' dir='ltr'>aliquod</span> <span class='ocrx_word' id='word_1_716' title='bbox 1624 2637 1845 2677; x_wconf 83' lang='lat' dir='ltr'>prejudicium</span> <span class='ocrx_word' id='word_1_717' title='bbox 1862 2640 2050 2674; x_wconf 83' lang='lat' dir='ltr'>generetur.</span> <span class='ocrx_word' id='word_1_718' title='bbox 2067 2637 2182 2666; x_wconf 88' lang='lat' dir='ltr'>Testes</span> <span class='ocrx_word' id='word_1_719' title='bbox 2198 2639 2260 2665; x_wconf 84' lang='lat' dir='ltr'>etc.</span> 
     </span>
     <span class='ocr_line' id='line_1_100' title="bbox 1248 2690 1906 2729; baseline -0.003 -8"><span class='ocrx_word' id='word_1_720' title='bbox 1248 2692 1355 2721; x_wconf 86' lang='lat' dir='ltr'>Tenor</span> <span class='ocrx_word' id='word_1_721' title='bbox 1371 2695 1480 2721; x_wconf 90' lang='lat' dir='ltr'>autem</span> <span class='ocrx_word' id='word_1_722' title='bbox 1497 2691 1603 2729; x_wconf 90' lang='lat' dir='ltr'>ipsius</span> <span class='ocrx_word' id='word_1_723' title='bbox 1619 2690 1726 2721; x_wconf 86' lang='lat' dir='ltr'>libelli</span> <span class='ocrx_word' id='word_1_724' title='bbox 1742 2690 1818 2720; x_wconf 88' lang='lat' dir='ltr'>talis</span> <span class='ocrx_word' id='word_1_725' title='bbox 1835 2694 1885 2720; x_wconf 89' lang='lat' dir='ltr'>est</span> <span class='ocrx_word' id='word_1_726' title='bbox 1901 2700 1906 2718; x_wconf 94' lang='lat'>:</span> 
     </span>
    </p>

    <p class='ocr_par' dir='ltr' id='par_1_18' title="bbox 1251 2740 2263 2879">
     <span class='ocr_line' id='line_1_101' title="bbox 1291 2740 2263 2781; baseline -0.001 -10"><span class='ocrx_word' id='word_1_727' title='bbox 1291 2756 1303 2770; x_wconf 90' lang='lat'>«</span> <span class='ocrx_word' id='word_1_728' title='bbox 1322 2743 1409 2773; x_wconf 89' lang='lat' dir='ltr'>Dicit</span> <span class='ocrx_word' id='word_1_729' title='bbox 1428 2743 1601 2781; x_wconf 87' lang='lat' dir='ltr'>episcopus</span> <span class='ocrx_word' id='word_1_730' title='bbox 1623 2743 1870 2779; x_wconf 84' lang='lat' dir='ltr'>Nannetensis,</span> <span class='ocrx_word' id='word_1_731' title='bbox 1893 2742 1980 2781; x_wconf 87' lang='lat' dir='ltr'>quod</span> <span class='ocrx_word' id='word_1_732' title='bbox 2001 2741 2080 2772; x_wconf 85' lang='lat' dir='ltr'>licet</span> <span class='ocrx_word' id='word_1_733' title='bbox 2097 2764 2130 2778; x_wconf 88' lang='lat'>..‚</span> <span class='ocrx_word' id='word_1_734' title='bbox 2149 2740 2263 2772; x_wconf 85' lang='lat' dir='ltr'>comiti</span> 
     </span>
     <span class='ocr_line' id='line_1_102' title="bbox 1251 2788 2263 2835; baseline -0.001 -11"><span class='ocrx_word' id='word_1_735' title='bbox 1251 2808 1264 2823; x_wconf 74' lang='lat' dir='ltr'><strong><em>n</em></strong></span> <span class='ocrx_word' id='word_1_736' title='bbox 1289 2796 1475 2831; x_wconf 78' lang='lat' dir='ltr'>Britannie,</span> <span class='ocrx_word' id='word_1_737' title='bbox 1494 2805 1558 2826; x_wconf 89' lang='lat' dir='ltr'>non</span> <span class='ocrx_word' id='word_1_738' title='bbox 1575 2796 1617 2826; x_wconf 83' lang='lat' dir='ltr'>sit</span> <span class='ocrx_word' id='word_1_739' title='bbox 1630 2788 1839 2835; x_wconf 81' lang='lat' dir='ltr'>jus‘ducendi</span> <span class='ocrx_word' id='word_1_740' title='bbox 1855 2794 2009 2825; x_wconf 88' lang='lat' dir='ltr'>homines</span> <span class='ocrx_word' id='word_1_741' title='bbox 2025 2793 2164 2824; x_wconf 84' lang='lat' dir='ltr'>ecclesie</span> <span class='ocrx_word' id='word_1_742' title='bbox 2174 2793 2263 2824; x_wconf 91' lang='lat' dir='ltr'>Nan-</span> 
     </span>
     <span class='ocr_line' id='line_1_103' title="bbox 1251 2846 2263 2879; baseline -0.001 -3"><span class='ocrx_word' id='word_1_743' title='bbox 1251 2861 1264 2876; x_wconf 88' lang='lat'>»</span> <span class='ocrx_word' id='word_1_744' title='bbox 1289 2848 1438 2879; x_wconf 87' lang='lat' dir='ltr'>netensis</span> <span class='ocrx_word' id='word_1_745' title='bbox 1454 2849 1488 2878; x_wconf 91' lang='lat' dir='ltr'>in</span> <span class='ocrx_word' id='word_1_746' title='bbox 1506 2849 1686 2879; x_wconf 84' lang='lat' dir='ltr'>exercitum</span> <span class='ocrx_word' id='word_1_747' title='bbox 1704 2857 1802 2879; x_wconf 86' lang='lat' dir='ltr'>suum</span> <span class='ocrx_word' id='word_1_748' title='bbox 1816 2847 1905 2878; x_wconf 87' lang='lat' dir='ltr'>ultra</span> <span class='ocrx_word' id='word_1_749' title='bbox 1920 2847 2004 2878; x_wconf 85' lang='lat' dir='ltr'>fines</span> <span class='ocrx_word' id='word_1_750' title='bbox 2021 2846 2163 2877; x_wconf 73' lang='lat' dir='ltr'>diocesis</span> <span class='ocrx_word' id='word_1_751' title='bbox 2173 2846 2263 2876; x_wconf 85' lang='lat' dir='ltr'>Nan-</span> 
     </span>
    </p>
   </div>
   <div class='ocr_carea' id='block_1_17' title="bbox 2403 1729 2441 3330">
    <p class='ocr_par' dir='ltr' id='par_1_19' title="bbox 2403 1729 2441 3330">
     <span class='ocr_line' id='line_1_104' title="bbox 2403 1729 2441 3330; baseline 0 0"><span class='ocrx_word' id='word_1_752' title='bbox 2403 1729 2441 3330; x_wconf 95' lang='lat' dir='ltr'> </span> 
     </span>
    </p>
   </div>
  </div>
 </body>
</html>
