2441 3330
172 209 208 238 62
896 205 1137 237 REGISTRES
1159 204 1468 235 D'ALEXANDRE
1491 205 1547 235 IV.

171 273 382 312 pontificatus
414 281 491 302 vero
524 271 650 301 domini
676 271 855 302 Alexandri
888 281 971 311 pape
998 272 1066 302 IIII
1096 279 1184 301 anno

170 334 287 364 primo.
308 337 320 351 >1

244 481 333 510 22⁸?
727 481 843 516 Naples,
864 483 896 510 15
913 483 1017 510 sevrier
1034 483 1111 510 1255.

207 542 307 569 Eidem
324 541 480 568 Bertholdo
496 543 637 577 promittit
651 543 743 578 quod,
762 544 786 570 si
807 552 858 578 per
874 543 1053 570 Mansredum
1075 544 1183 579 princi-

173 599 237 626 pem
251 590 438 617 'I'arantinum
460 591 502 617 vel
520 599 569 626 per
583 600 796 627 quemcumque
812 593 898 619 alium
915 592 1110 619 adversarium
1128 592 1183 619 Ee-

172 639 276 666 clesiae
291 638 326 664 de
343 639 479 666 comitatu
494 639 601 666 Montis
616 639 747 672 Caveosi,
766 640 901 672 Flumari,
921 640 1076 671 Policorio,
1099 641 1183 667 Mon-

171 687 208 713 tis
234 687 345 721 Piioso,
363 686 484 713 Gaui-ato
505 691 533 713 et
556 687 627 714 Gillo
652 688 687 714 de
712 688 822 715 Gualda
845 689 967 724 aliisque
992 689 1095 716 castris
1120 689 1182 716 suis

172 735 329 762 destitutus
347 736 394 769 sit,
412 735 447 761 de
462 736 644 763 convenienti
660 737 829 763 concambio
846 738 872 764 in
890 737 990 764 eodem
1007 746 1095 771 regno
1109 737 1183 765 Sici-

171 784 226 810 liae
250 791 298 818 per
322 784 508 818 apostolicam
531 784 635 811 Sedem
661 785 867 820 providebitur.
892 785 973 820 (Rea.
991 785 1039 820 24,
1060 794 1086 813 c.
1106 785 1180 818 198⁵,

170 832 191 859 f.
207 832 277 867 25'.)

215 940 227 954 z<
244 928 345 957 Nobili
361 929 425 957 viro
440 929 472 957 B.
488 929 665 958 marchioni
681 929 714 957 de
728 930 949 965 Hohemburch,
969 930 1053 967 fideli
1068 935 1179 959 nostro⁴

173 980 258 1017 Quia
280 981 403 1010 nostris
426 985 457 1011 et
475 981 621 1011 Ecclesie
645 983 793 1012 Romane
814 982 962 1012 brachiis
985 986 1015 1012 te
1038 982 1183 1012 totaliter

172 1034 379 1069 commisisti,
394 1043 465 1063 eam
475 1038 613 1064 matrem
626 1038 715 1064 tuam
724 1044 963 1072 recognoscens
973 1039 1004 1065 et
1015 1035 1183 1065 dominam

174 1090 229 1116 tua
246 1087 375 1116 firmata
392 1087 571 1118 salubriter
584 1088 625 1117 ad
637 1088 744 1126 ipsius
759 1088 914 1118 mandata
930 1093 961 1119 et
976 1088 1183 1127 beneplacita

172 1139 352 1175 voluntate,
369 1145 400 1170 et
414 1141 492 1179 quia
508 1150 573 1171 non
588 1141 695 1171 solum
708 1145 813 1172 terras
828 1146 857 1172 et
872 1141 937 1172 alia
952 1142 1038 1172 bona
1055 1146 1110 1171 tua
1126 1142 1184 1172 sed

173 1192 273 1223 etiam
291 1202 466 1230 personam
488 1197 580 1223 tuam
595 1194 761 1232 propriam
781 1194 820 1223 ad
841 1195 912 1233 eJus
928 1194 1110 1233 exposuisti
1126 1194 1183 1224 ob-

173 1245 300 1283 sequia,
321 1254 380 1275 nos
398 1245 545 1276 volentes
563 1245 798 1284 indempnitati
821 1251 875 1276 tue
891 1246 1071 1285 apostolica
1091 1247 1183 1277 solli-

172 1297 319 1327 citudine
335 1298 527 1335 providere,
545 1299 713 1328 devotioni
728 1303 781 1329 tue
794 1300 1002 1338 presentium
1019 1304 1130 1330 tenore
1144 1301 1183 1330 de

170 1350 312 1379 fratrum
324 1354 512 1380 nostrorum
522 1351 661 1381 consilio
670 1355 701 1381 et
713 1360 852 1381 assensu
862 1352 1085 1390 promittimus
1097 1353 1185 1391 quod

172 1403 200 1432 si
226 1412 284 1441 per
309 1403 456 1433 nobilem
479 1403 588 1433 virum
615 1404 825 1434 Manfredum
848 1405 1033 1444 principem
1058 1406 1184 1435 Taran-

174 1456 290 1491 tinum‚
309 1457 366 1495 qui
380 1461 553 1495 postquam
568 1466 586 1487 a
598 1457 701 1488 Tiano
716 1462 849 1496 propter
864 1462 1003 1488 mortem
1017 1458 1183 1497 quondam

172 1508 300 1539 Burelli
316 1509 355 1539 de
370 1509 521 1546 Anglone
543 1509 582 1539 ab
599 1509 747 1540 Ecclesia
765 1510 982 1541 illicentiatus
999 1511 1137 1541 recessit
1153 1516 1184 1542 et

172 1561 365 1592 rebellionis
388 1562 543 1600 spiritum
565 1563 762 1601 assumpsit,
786 1563 837 1593 vel
860 1572 918 1602 per
941 1572 1183 1602 quemcumque

173 1614 276 1644 alium
292 1614 520 1644 adversarium
537 1615 694 1652 Ecclesie,
716 1620 747 1646 te
765 1616 800 1644 in
821 1616 1005 1652 devotione,
1023 1616 1183 1647 fidelitate

172 1676 209 1698 ac
226 1668 361 1697 servitio
377 1667 462 1697 dicte
479 1667 626 1698 Ecclesie
642 1669 852 1706 persistente,
868 1669 906 1699 de
924 1669 1081 1699 comitatu
1094 1670 1183 1700 Mon-

173 1721 215 1751 tis
231 1720 381 1756 Caveosi,
399 1720 547 1750 baroniis
559 1721 660 1751 castri
674 1726 704 1751 et
718 1721 854 1751 honoris
869 1722 951 1761 ejus,
967 1731 1096 1752 necnon
1110 1723 1183 1752 Flu-

171 1774 255 1803 mari
272 1783 308 1803 ac
324 1763 362 1803 dc
380 1774 554 1809 Policorio‚
573 1775 683 1804 Monte
700 1774 821 1810 Piloso,
837 1775 979 1805 Cani-ato
996 1779 1027 1805 et
1042 1775 1128 1806 Cilio
1144 1776 1183 1806 de

171 1825 314 1861 Gualda,
335 1826 453 1856 castris
470 1830 501 1856 et
517 1826 592 1856 aliis
615 1827 711 1857 terris
732 1836 814 1866 quas
835 1828 871 1856 in
894 1837 995 1865 regno
1014 1828 1128 1858 Sicilie
1146 1837 1183 1859 ex

171 1879 384 1909 concessione
404 1883 434 1909 et
453 1880 703 1910 confirmatione
720 1880 815 1910 Sedis
834 1880 1012 1919 apostolice
1032 1881 1182 1912 obtinere

171 1931 354 1962 dinosceris
371 1941 406 1962 es
420 1932 598 1962 destitutus
611 1932 672 1966 vel,
691 1933 778 1971 quod
794 1933 891 1969 absit,
914 1937 943 1964 te
960 1933 1183 1973 eonti(n)gerit

171 1985 307 2015 destitui
320 1985 354 2014 in
371 1985 531 2019 futurum,
546 1974 609 2015 'nos
626 1985 687 2014 tibi
705 1985 744 2015 de
760 1986 973 2016 convenienti
991 1986 1182 2016 concambio

170 2037 205 2066 in
228 2037 342 2067 eodem
362 2046 464 2075 regno
483 2038 597 2067 Sicilie
620 2038 869 2076 providebimus
892 2043 922 2069 et
939 2039 980 2069 ad
996 2039 1058 2069 hoe
1075 2048 1134 2069 nos
1151 2043 1182 2070 et

119 2103 121 2105 ·
172 2090 292 2120 dictam
310 2090 491 2120 Ecclesiam
517 2091 556 2121 de
580 2091 803 2129 predictorum
828 2092 969 2122 fratrum
991 2098 1181 2122 nostrorum

172 2143 311 2173 consilio
333 2147 364 2173 et
387 2153 527 2173 assensu
550 2144 864 2181 obliganius.,Nulli
887 2149 948 2175 etc.
971 2149 1083 2175 nostre
1105 2155 1182 2184 pro-

170 2196 343 2226 missionis
360 2200 390 2226 et
413 2196 627 2234 obligationis
645 2201 705 2227 etc.
727 2198 798 2227 Dat.
819 2197 974 2236 Neapoli,
992 2198 1054 2229 XV
1068 2198 1180 2228 kalen-

171 2249 229 2279 das
257 2249 386 2285 martii,
414 2249 597 2280 indictione
620 2251 718 2286 XIII,
748 2250 992 2281 incarnationis
1015 2251 1180 2282 dominice

171 2311 258 2333 anno
275 2303 508 2339 M⁰CC⁰LIIII⁰,
530 2303 742 2341 pontificatus
758 2313 835 2335 vero
855 2304 981 2334 domini
999 2304 1181 2335 Alexandri

171 2365 252 2394 pape
273 2357 341 2386 IIII
361 2365 446 2386 anno
462 2356 579 2394 primo.
600 2369 612 2383 »

243 2515 332 2545 228

207 2576 378 2608 Bermoldo,
403 2576 494 2602 Odoni
517 2580 543 2602 et
570 2576 728 2609 [AUdOVlCO’
753 2577 970 2603 marchionibus
992 2577 1026 2602 de
1052 2576 1181 2603 Hohem-

173 2626 278 2659 bureh,
296 2626 437 2659 promittit
452 2633 483 2651 se
500 2633 550 2659 per
567 2625 744 2651 Manl'rednm
764 2625 919 2659 principem
935 2625 1120 2651 Tarantinnm
1138 2626 1181 2652 sie

171 2674 214 2700 eis
232 2674 366 2700 satisfieri
382 2677 549 2699 curaturum
567 2681 632 2699 esse
649 2673 682 2699 de
697 2674 809 2700 damnis
824 2674 858 2699 ab
875 2673 920 2699 illo
938 2674 1021 2700 illatis
1033 2675 1075 2699 vel
1087 2674 1181 2700 adhuc

172 2722 343 2755 inferendis,
361 2725 390 2747 ut
407 2721 508 2747 merito
527 2723 638 2756 possint
654 2730 719 2748 csse
735 2722 872 2748 contenti.
890 2722 974 2755 (ltro.
989 2722 1038 2755 ⁶24,
1058 2731 1083 2748 c.
1110 2722 1178 2754 198⁶,

171 2771 190 2797 f.
207 2771 269 2801 ‘25v3
289 2770 435 2797 Poirnsxs'r
453 2769 560 2802 1569‘2.)

725 2514 842 2549 Naples,
863 2515 892 2542 15
909 2515 1012 2541 few-ier
1030 2515 1107 2542 1255.

214 2878 226 2892 «
244 2866 399 2894 Nobilibus
414 2866 491 2894 viris
507 2865 663 2894 Bertlzolilo
684 2870 709 2893 et
731 2865 846 2893 oddoni
863 2874 899 2894 ac
914 2865 1047 2899 Loiloico,
1067 2866 1180 2901 fratri-

1265 270 1328 305 bus,
1350 271 1582 300 marchionibus
1599 271 1633 300 de
1648 271 1877 306 Hohemburch,
1891 270 2030 308 fidelibus
2044 272 2168 300 nostris.
2187 270 2274 307 Quia

1265 322 1458 353 Manfredus
1471 323 1625 362 princeps
1640 340 1690 352 —-.
1707 324 1781 353 Dat.
1799 327 1835 353 ut
1850 323 1885 353 in
1900 323 2049 362 proxima
2062 323 2238 362 superiori.
2257 335 2270 349 n

1335 501 1425 530 229

1299 562 1414 589 Eisdem
1437 563 1578 597 promittit
1599 562 1749 597 privilegia
1769 562 1916 589 Ecclesiae
1935 562 1979 589 eis
1998 569 2139 589 concessa
2159 569 2275 596 semper

1265 619 1432 646 permanere
1451 611 1573 646 integra.
1589 611 1671 646 (Rs-zo.
1687 612 1732 645 Ἡ,
1749 619 1775 638 c.
1795 612 1867 645 198⁷,
1884 612 1904 639 s.
1919 612 1990 644 25¹.)

1821 500 1938 537 Naples‚
1958 501 1988 528 ¹5
2004 499 2107 527 sevriei·
2124 499 2201 527 1255.

1306 725 1319 739 ι(
1336 713 1467 742 Eisdem.
1486 712 1572 749 Quia
1591 712 1715 742 nostris
1738 716 1769 742 et
1783 729 1833 748 —‚
1852 712 2004 743 fidelitati
2020 716 2128 742 vestre
2147 711 2186 742 de
2206 712 2274 742 fra-

1264 769 1351 795 trum
1367 769 1555 795 nostrorum
1571 764 1711 795 consilio
1725 768 1755 796 et
1771 773 1922 800 assensu,
1939 765 2146 803 presentium
2161 768 2275 795 tenore

1263 817 1488 856 promittimus
1513 816 1616 855 quod,
1641 817 1670 846 si
1692 817 1869 855 eontigerit
1890 817 2072 856 predictam
2092 815 2275 847 Ecclesiam

1264 870 1411 909 aliquam
1426 869 1692 905 concessionem,
1709 869 1969 905 ordinationem,
1987 869 2197 905 divisionem,
2217 869 2275 899 do-

1265 923 1451 959 nationem,
1468 922 1668 953 locationem
1688 922 1740 952 vel
1753 922 1935 962 quemlibet
1951 922 2055 953 alium
2070 926 2276 952 contractum

1264 976 1316 1006 vel
1341 976 1437 1015 quasi
1464 979 1670 1006 contractum
1699 975 1800 1006 alicui
1826 975 1877 1006 vel
1904 975 2074 1015 aliquibus
2100 975 2210 1006 facere
2236 974 2275 1006 de

1264 1038 1366 1067 regno
1386 1028 1500 1059 Sicilie
1524 1029 1559 1058 in
1582 1032 1674 1067 parte
1696 1028 1746 1058 vel
1767 1028 1802 1058 in
1825 1032 1902 1064 toto,
1926 1028 2088 1059 faciemus
2113 1031 2144 1058 et
2166 1027 2276 1058 facere

1265 1082 1456 1112 curabimus
1486 1081 1573 1120 quod
1601 1081 1713 1111 omnia
1739 1080 1825 1111 bona
1845 1090 1903 1119 per
1927 1080 2067 1111 eandem
2093 1079 2277 1110 Ecclesiam

1264 1135 1358 1165 vobis
1375 1144 1541 1169 concessa,
1559 1134 1598 1164 de
1614 1133 1736 1173 quibus
1751 1133 1927 1172 privilegia
1946 1133 1986 1163 ab
2002 1133 2117 1164 eadem
2131 1131 2274 1168 habetis,

1265 1188 1360 1217 firma
1376 1187 1469 1217 vobis
1484 1187 1671 1226 vestrisque
1691 1186 1871 1217 heredibus
1889 1186 2019 1225 integra
2033 1184 2277 1224 permanebunt

1266 1244 1297 1270 et
1312 1248 1369 1270 vos
1388 1239 1603 1270 defendemus
1619 1239 1655 1268 in
1671 1239 1719 1269 eis
1735 1243 1766 1269 et
1782 1243 1905 1269 statum
1920 1243 2069 1269 vestrum
2085 1242 2116 1269 et
2132 1245 2276 1268 eommo-

1265 1292 1343 1321 dnm
1359 1292 1398 1322 de
1414 1292 1499 1321 bono
1518 1291 1552 1320 in
1569 1291 1689 1321 melius
1705 1291 1896 1322 curabimus
1913 1291 2088 1330 adaugere,
2109 1294 2140 1322 et
2158 1291 2200 1321 ad
2213 1290 2276 1321 hee

1266 1354 1325 1375 nos
1343 1345 1382 1374 de
1398 1345 1546 1383 ipsorum
1561 1344 1702 1374 fratrum
1721 1343 1861 1374 consilio
1877 1348 1907 1374 et
1923 1352 2064 1374 assensu
2079 1343 2202 1374 dictam
2214 1343 2277 1374 Ec-

1266 1398 1402 1429 clesiam
1424 1397 1620 1435 obligamus.
1646 1397 1739 1427 Nulli
1766 1401 1828 1427 etc.
1854 1401 1966 1428 nostre
1990 1397 2223 1436 promissionis
2245 1401 2277 1427 et

1265 1451 1480 1489 obligationis
1496 1454 1557 1481 etc.
1575 1451 1649 1480 Dat.
1667 1454 1704 1480 ut
1720 1458 1830 1488 supra.
1851 1461 1864 1476 »

1337 1621 1427 1650 230
1822 1613 1940 1654 Naples,
1958 1620 1990 1647 15
2006 1620 2110 1646 sevrier
2125 1619 2205 1647 1255.

1301 1684 1380 1710 Idem
1399 1683 1538 1718 promittit
1559 1683 1584 1708 si
1607 1681 1738 1708 Ecclesia
1757 1680 1919 1708 Conradum
1942 1688 2063 1716 puerum
2078 1680 2168 1708 filium
2184 1688 2278 1715 quon-

1265 1733 1329 1760 dam
1344 1731 1468 1758 Conradi
1484 1731 1518 1757 ad
1535 1732 1655 1765 gratiam
1672 1730 1831 1757 admiserit.
1847 1730 1932 1764 (Rea.
1948 1730 1993 1761 24,
2010 1737 2036 1757 c.
2054 1729 2126 1761 198⁸,
2144 1730 2163 1756 f.
2177 1729 2234 1762 c26.)

1308 1846 1321 1860 (ι
1345 1833 1476 1862 Eisdem.
1504 1832 1680 1863 Devotioni
1702 1836 1828 1865 vestre.
1857 1831 1896 1861 de
1919 1831 2062 1861 fratrum
2087 1835 2277 1861 nostrorum

1266 1886 1405 1917 consilio
1431 1890 1462 1916 et
1489 1894 1646 1920 assensu,
1675 1885 1882 1923 presentium
1911 1889 2024 1914 tenore
2050 1884 2276 1922 promittimus

1265 1939 1362 1978 quod,
1387 1939 1416 1969 si
1439 1938 1588 1968 Ecclesia
1605 1937 1795 1968 Conradum
1812 1945 1952 1975 puerum
1974 1941 2089 1966 natum
2109 1936 2276 1976 quondam

1264 1991 1409 2023 Com-adi
1426 1991 1488 2021 filii
1507 1991 1674 2030 quondam
1690 1991 1742 2020 Fr.
1761 1990 1840 2020 olim
1856 1991 2082 2020 Romanorum
2097 1989 2277 2028 imperato-

1263 2045 1311 2075 ris
1330 2045 1370 2074 ad
1387 2044 1527 2082 gratiam
1544 2052 1603 2074 sue
1619 2043 1837 2081 benignitatis
1854 2047 1885 2073 et
1902 2042 2115 2073 liberalitatis
2131 2041 2276 2072 admise-

1263 2097 1317 2133 rit,
1336 2106 1393 2127 vos
1409 2106 1484 2127 curn
1501 2105 1538 2127 eo
1556 2097 1591 2126 in
1611 2096 1709 2135 plena
1724 2096 1899 2126 concordia
1915 2100 1947 2126 et
1965 2103 2045 2133 pace
2060 2103 2222 2133 ponemus
2244 2098 2276 2125 et

1262 2142 1424 2181 faciemus
1441 2150 1528 2189 quod
1544 2150 1633 2181 idem
1647 2158 1730 2188 puer
1745 2157 1803 2187 pro
1819 2157 1857 2179 eo
1870 2149 1957 2187 quod
1971 2148 2150 2178 adhesistis
2167 2147 2276 2178 Eccle-

1263 2204 1312 2234 sie
1329 2203 1379 2233 vel
1395 2212 1453 2242 pro
1470 2212 1507 2233 eo
1530 2203 1617 2241 quod
1636 2206 1672 2232 tu
1687 2202 1735 2231 fili
1756 2202 1791 2232 B.
1816 2201 1943 2231 balium
1964 2201 2060 2239 regni
2078 2200 2197 2231 'Sicilie
2215 2208 2275 2230 no-

1262 2256 1322 2285 bili
1335 2256 1406 2286 viro
1422 2255 1595 2286 Manfredo
1616 2254 1760 2294 principi
1782 2254 1963 2284 Tarentino
1982 2253 2130 2289 cessisti,
2148 2261 2275 2292 nequa-

1263 2318 1363 2348 quam
1388 2309 1482 2339 vobis
1508 2309 1544 2338 in
1573 2308 1725 2347 personis
1751 2311 1782 2338 et
1809 2307 1908 2337 rebus
1937 2306 2058 2337 vestris
2086 2305 2275 2336 molestiam

1262 2365 1384 2395 inferet
1401 2373 1459 2394 seu
1471 2372 1660 2402 gravamen,
1678 2363 1736 2393 sed
1751 2362 1914 2392 faciemus
1928 2361 2015 2401 quod
2028 2361 2141 2391 omnia
2153 2369 2218 2400 que
2233 2360 2274 2390 ab

1263 2417 1442 2456 apostolica
1450 2414 1533 2448 Sede
1545 2417 1639 2447 vobis
1651 2424 1809 2446 concessa
1818 2419 1906 2451 sunt,
1916 2415 1955 2445 de
1965 2414 2086 2456 quibus
2097 2413 2274 2453 privilegia

1263 2470 1303 2500 ab
1317 2470 1431 2501 eadem
1443 2469 1591 2500 Ecclesia
1604 2469 1746 2504 habetis,
1762 2468 1858 2497 firma
1874 2471 1905 2497 et
1918 2466 2015 2497 illesa
2030 2466 2124 2497 vobis
2139 2465 2273 2496 vest-ris-

1263 2532 1326 2562 que
1340 2522 1519 2553 heredibus
1535 2521 1765 2556 remanebunt,
1780 2529 1840 2550 nos
1857 2520 1897 2550 ad
1910 2519 1972 2549 hoc
1986 2523 2018 2549 et
2029 2519 2152 2549 dictam
2164 2517 2272 2548 Eccle-

1263 2578 1347 2607 siam
1365 2577 1562 2615 obligantes.
1579 2576 1673 2606 Nulli
1689 2580 1750 2605 etc.
1770 2579 1881 2604 nostre
1898 2573 2130 2612 promissionis
2146 2576 2178 2602 et
2192 2571 2272 2602 obli-

1264 2629 1407 2667 gationis
1423 2633 1484 2659 ete.
1502 2630 1576 2659 Dat.
1593 2632 1629 2658 ut
1645 2637 1756 2667 supra.
1776 2640 1789 2654 »

1335 2806 1418 2834 231

1298 2867 1420 2894 Eosdem
1438 2874 1465 2894 et
1483 2869 1556 2894 bona
1571 2876 1670 2894 eornm
1688 2867 1715 2893 in
1733 2875 1822 2901 regno
1839 2866 1964 2899 Siciliae,
1985 2865 2153 2891 Alamannia
2168 2867 2196 2890 et
2212 2863 2270 2890 Ita-

1815 2804 1934 2838 Napies,
1955 2803 1985 2830 15
2000 2802 2104 2829 fevi-ier
2124 2801 2198 2828 1355.
