2498 3325
1008 258 1239 296 DEUXIEME
1260 257 1418 295 ANNEE.
2209 267 2264 298 403

167 336 212 359 tor
228 333 335 364 existit,
353 331 429 366 quod
448 330 643 362 Burchardus,
656 331 743 357 abbas
758 333 850 366 ipsius
862 332 1038 362 monasterii,
1052 331 1175 357 diversis

167 380 338 407 criminibus
358 380 487 406 irretitus
501 383 529 405 et
546 380 602 405 vita
618 379 790 412 dissolutus,
807 380 881 406 bona
897 380 1042 414 dilapidat,
1058 388 1176 414 praepo-

168 428 256 454 situm
273 427 482 462 custodemque
498 427 666 453 monasterii
686 427 712 453 in
731 428 854 454 vinculis
876 428 978 454 ferreis
993 428 1111 455 detinet.
1129 427 1178 453 [n-

167 477 328 512 frascriptis
345 477 433 511 igitur
449 476 572 507 mandat,
590 479 620 502 ut
638 477 782 510 inquirant
799 481 896 503 contra
913 477 1019 503 dictum
1034 477 1174 507 abbatem,

167 526 320 560 corrigant,
339 526 493 552 reforment
506 529 532 552 et
547 529 698 552 amoveant
714 525 968 560 praepositumque
984 530 1012 552 et
1025 525 1175 552 custodem

168 575 322 600 restituant
338 574 471 601 libertati.
491 574 571 606 (Reo.
593 574 642 604 ι24,
660 574 678 600 f.
698 574 769 607 ltiffl,
786 583 851 600 ann.
870 574 907 606 ΙΙ,
925 582 950 601 c.
967 574 1041 606 ⁶286.)

210 689 222 702 «
245 686 275 711 .t,
299 677 331 705 in
347 676 531 705 Ottenburon
548 681 573 705 el
588 699 619 711 ..,
635 677 857 705 Kcremilarum
875 685 910 705 ac
924 699 956 711 ..,
971 676 1178 705 Nouillarensi

167 729 336 763 abbatibus„
361 729 480 758 ordinis
502 729 600 757 sancti
619 729 780 763 Benedicti,
800 730 1010 766 Anqustensis,
1030 730 1179 757 Constan-

169 784 274 812 nensis
295 788 320 811 et
337 783 570 819 Aryenlinensis
591 782 751 811 diocesani.
775 782 933 820 Exposuit
957 782 1052 811 nobis
1075 781 1178 811 dilec-

168 839 222 864 tus
240 852 288 863 ——.
310 836 381 864 Dat.
412 834 584 869 Laterani,
610 834 671 864 XV
694 834 853 864 kalendas
875 834 980 873 junii,
1012 842 1098 863 anno
1126 843 1179 863 se-

167 887 286 917 CUndO.
306 900 319 913 ))

244 1072 359 1102 1352
773 1070 886 1102 Latran,
906 1071 936 1097 '14
953 1070 1009 1096 mai
1029 1071 1105 1098 1‘256.

204 1133 380 1169 Episcopum
407 1133 636 1164 Feri-ariensem,
660 1141 772 1159 annuae
797 1133 952 1159 v'Isitationi
976 1133 1140 1167 astrictum,
1164 1142 1180 1159 a

167 1183 332 1210 visitatione
350 1183 512 1217 praesentis
528 1183 595 1208 anni
611 1181 743 1208 absolvit.
761 1181 844 1214 (Rau.
862 1181 905 1213 ⁶24,
924 1181 943 1208 f.
964 1181 1035 1215 169¹,
1057 1189 1122 1208 ann.
1141 1181 1177 1215 ΙΙ,

167 1241 194 1259 c.
210 1232 284 1263 287.)

211 1347 224 1361 «
247 1357 281 1370 ..,
304 1336 438 1372 episcopo
463 1335 669 1363 ferrariensi.
696 1332 786 1362 Licet
816 1332 959 1362 tenearis
985 1341 1021 1362 ex
1038 1349 1084 1360 -—-.
1105 1333 1178 1362 Dat.

169 1387 337 1422 Laterani,
356 1388 388 1416 11
404 1387 479 1416 idus
497 1386 587 1421 maii,
605 1394 691 1415 anno
708 1385 862 1415 secundo.
887 1398 899 1411 ³>

244 1573 263 1600 Ι
271 1572 359 1600 353

207 1633 324 1660 Decano
342 1637 369 1660 et
385 1633 510 1668 capitulo
526 1632 754 1660 carnotensibus
775 1634 926 1668 quamdam
948 1634 1180 1668 jurisdictionem

170 1686 340 1710 consuetam
358 1682 519 1709 confirmat.
536 1681 619 1715 (Rno.
637 1681 682 1714 Ἡ,
699 1681 718 1708 f.
738 1682 809 1715 lssOV,
827 1690 892 1708 ann.
914 1682 952 1716 II,
969 1691 995 1710 c.
1011 1683 1085 1717 c288.)

775 1571 889 1606 Lati-an,
907 1571 941 1598 ‘22
958 1572 1012 1598 mai
1032 1572 1108 1599 1‘256.

213 1796 226 1811 α
247 1807 280 1817 ..,
298 1785 419 1819 decano,
439 1790 464 1813 et
481 1785 616 1822 capitulo
638 1784 885 1814 Carnotensibus.
904 1785 948 1815 Ut
967 1785 1087 1815 vestris
1105 1794 1183 1823 sup-

169 1837 408 1877 plicationibus
420 1855 468 1866 —.
487 1837 643 1875 Exposita
657 1837 822 1875 siquidem
836 1846 947 1867 coram
961 1837 1057 1868 nobis
1074 1841 1184 1868 vestra

170 1890 286 1930 petitio
298 1890 499 1925 continebat,
513 1890 610 1928 quod,
622 1889 660 1920 de
673 1889 811 1928 antiqua
826 1894 856 1919 et
870 1890 1048 1928 approbata
1063 1894 1093 1920 et
1110 1890 1183 1920 hac-

170 1947 269 1974 tenus
285 1943 421 1982 pacifice
438 1943 612 1973 observata
627 1942 880 1977 consuetudine,
895 1947 944 1972 est
960 1943 1131 1973 obtentum
1148 1943 1183 1972 in

172 1996 313 2027 ecclesia
329 1996 538 2031 Carnotensi,
554 2000 600 2030 ut,
618 1996 646 2026 si
665 1995 770 2034 aliqui
787 1995 825 2025 de
842 1995 975 2025 civitate
992 1995 1044 2025 vel
1060 1996 1184 2026 diocesi

173 2048 436 2080 Carnotensibus
449 2048 543 2078 vobis
557 2047 609 2078 vel
625 2047 725 2077 alicui
742 2052 889 2078 vestrum
906 2052 962 2077 aut
978 2048 1110 2078 clericis
1126 2057 1185 2079 seu

173 2101 399 2132 servientibus
418 2101 612 2131 hominibus
628 2100 679 2130 vel
695 2100 884 2139 hospitibus
900 2101 1021 2131 vestris
1042 2101 1184 2140 injurias

174 2159 205 2185 et
215 2155 357 2193 dampna
366 2154 513 2184 inferant
522 2154 740 2193 veljacturas,
752 2154 967 2193 injuriatores
980 2154 1183 2193 hujusmodi,

174 2209 267 2239 citati
283 2208 322 2238 de
339 2207 493 2237 mandato
506 2211 621 2238 -vestro
647 2215 756 2237 coram
780 2207 904 2237 decano
921 2211 976 2237 aut
997 2207 1186 2237 subdecano

174 2261 226 2292 vel
243 2260 487 2291 archidiaconis
505 2260 651 2300 ejusdem
669 2259 807 2290 ecclesie
823 2260 1040 2291 Carnotensis
1055 2269 1113 2290 seu
1130 2269 1187 2298 ge-

175 2314 327 2345 rentibus
349 2313 438 2343 vices
463 2322 591 2347 eorum,
612 2313 646 2342 in
664 2312 807 2351 capitulo
829 2313 984 2343 exhibere
1011 2313 1130 2343 debent
1156 2317 1187 2343 et

176 2367 334 2398 exhibent
347 2367 385 2397 de
404 2375 438 2397 se
455 2366 737 2404 conquerentibus
750 2366 882 2405 justitie
897 2366 1183 2404 complementum.

176 2421 285 2457 Quare
303 2419 399 2449 nobis
416 2418 590 2448 humiliter
608 2418 839 2456 supplicastis,
857 2422 893 2448 ut
911 2418 1049 2449 eandem
1070 2419 1188 2456 digna-

176 2482 288 2504 remur
311 2471 586 2502 consuetudinem
614 2471 793 2510 apostolico
819 2471 1004 2501 munimine
1025 2471 1186 2502 roborari.

175 2526 306 2556 Vestris
324 2526 437 2563 itaque
461 2524 760 2563 supplicationibus
780 2523 949 2559 inclinati,
974 2524 1188 2554 consuetudi-

177 2588 253 2609 nem
268 2577 459 2618 hujusmodi
473 2577 668 2607 auctoritate
682 2576 861 2615 apostolica
877 2578 1111 2607 confirmamus
1125 2581 1186 2607 etc.

176 2640 284 2670 usque
301 2641 307 2660 :
327 2630 581 2661 communimus.
609 2629 701 2659 Nulli
718 2634 778 2660 etc.
797 2634 908 2659 nostre
925 2629 1188 2659 confirmationis

177 2689 238 2715 etc.
258 2685 331 2714 Dat.
352 2682 519 2718 Laterani,
535 2683 582 2712 XI
602 2682 760 2711 kalendas
773 2682 872 2720 junii,
892 2691 979 2712 anno
996 2681 1151 2712 secundo.
1173 2693 1186 2708 1)

253 2871 272 2897 ¹
281 2869 368 2897 354

214 2930 358 2964 -Iobanni,
374 2931 510 2964 episcopo
536 2928 682 2960 t’adumio,
708 2936 798 2962 nuper
819 2931 1003 2961 consecrato,
1025 2927 1188 2962 dispensat,

784 2865 901 2897 Latrau,
922 2866 950 2892 15
968 2867 1021 2892 mni
1040 2866 1117 2893 1256.

1260 335 1289 357 ut
1305 333 1401 358 onmia
1423 332 1562 358 beneficia
1583 333 1780 360 ecclesiastica
1798 334 1858 367 jam
1879 333 1993 360 obtenta
2016 335 2107 369 possit
2131 335 2263 366 retinere,

1257 388 1409 414 quousque
1425 381 1517 415 ipsius
1528 380 1666 407 ecclesiae
1682 380 1831 407 Paduanae
1845 381 1955 415 plenam
1970 382 2184 416 possessionem
2203 382 2264 408 fue-

1258 428 1293 454 rit
1309 432 1473 455 assecutus.
1491 429 1574 461 (Rau.
1592 429 1640 460 ⁵34,
1659 429 1677 455 f.
1699 429 1769 461 1691,
1787 438 1853 456 ann.
1872 429 1912 461 II,
1931 438 1956 456 c.
1973 431 2047 462 ί289)

1301 542 1312 554 «
1333 530 1480 565 Johanni,
1499 531 1632 567 episcopo
1649 530 1805 559 Paduano.
1825 531 1968 559 Tuorum
1988 531 2178 561 inducimur
2197 532 2266 561 cxi-

1260 582 1371 619 gentia
1386 600 1432 610 —.
1453 583 1526 611 Dat.
1545 583 1710 618 Laterani,
1730 582 1841 612 idibus
1858 583 1949 617 maii,
1970 593 2056 613 anno
2073 585 2228 614 secundo.
2251 597 2263 610 »

1333 768 1351 794 Ι
1360 767 1448 796 355

1297 828 1494 862 Insrascriptis
1511 828 1625 854 mandat
1640 829 1776 862 quatinus
1793 836 1909 854 causam
1927 829 2000 854 inter
2022 828 2187 861 Nicolaum,
2207 837 2269 856 rec-

1261 880 1350 902 torem
1369 876 1557 902 ecelesiarum
1575 875 1606 902 S.
1625 875 1729 901 Mariae
1746 876 1780 901 de
1798 875 1892 901 Bellac
1909 880 1935 901 et
1954 876 2035 901 villae
2053 876 2082 901 S.
2101 876 2267 909 Salvatoris,

1261 929 1289 951 et
1313 924 1470 959 capitulum
1495 924 1635 950 ecclesiae
1660 924 1864 957 Daui-atensis,
1892 923 2106 950 Lemovicensis
2131 924 2269 956 diocesis,

1261 976 1401 1004 exortam,
1418 973 1452 998 de
1471 973 1653 1007 perceptione
1665 973 1840 998 oblationum
1853 976 1879 998 et
1892 972 2040 1006 sepultura
2054 972 2189 998 nobilium
2207 981 2270 1007 par-

1261 1022 1480 1051 rochianorum,
1499 1021 1615 1047 audiant
1631 1026 1657 1046 et
1675 1021 1837 1046 terminent.
1857 1020 1940 1051 (Rau.
1958 1021 2004 1051 24,
2024 1021 2042 1047 s.
2066 1020 2130 1052 170,
2147 1029 2214 1046 ann.
2231 1020 2270 1053 ΙΙ,

1262 1079 1288 1097 0.
1305 1071 1380 1102 ς390.)

1854 766 1965 799 Lati-an,
1982 767 2015 793 ²29
2031 767 2100 793 avril
2121 768 2194 794 1256.

1305 1185 1317 1198 t<
1340 1195 1371 1206 ..,
1395 1172 1522 1208 decano,
1545 1194 1579 1207 ..,
1604 1172 1923 1208 711a9i5l2·ctseola7·um,
1948 1176 1972 1200 cl
1995 1172 2081 1199 Petro
2103 1171 2135 1200 de
2153 1171 2269 1205 Soluto,

1263 1227 1410 1255 canonico
1426 1225 1661 1262 Enyolismensi.
1681 1224 1839 1262 Exposuit
1860 1232 1968 1253 coram
1989 1223 2084 1253 nohis
2101 1223 2270 1257 Nicotaus,

1263 1278 1403 1309 clericus
1421 1277 1622 1307 venerabilis
1643 1277 1757 1306 fratris
1781 1276 1885 1306 nostri
1956 1276 2100 1314 episcopi
2119 1276 2273 1316 Lemovi-

1264 1331 1388 1366 censis,
1415 1335 1521 1360 rector
1540 1329 1756 1359 ecclesiarum
1782 1329 1900 1359 Sancte
1926 1329 2030 1359 Marie
2054 1329 2091 1358 de
2118 1329 2216 1359 Belac
2242 1333 2273 1359 et

1264 1384 1341 1413 ville
1359 1383 1471 1414 Sancti
1484 1382 1676 1417 Salvatoris,
1694 1391 1834 1421 quarum
1848 1391 1913 1411 una
1928 1382 2087 1420 dependet
2105 1382 2144 1411 ab
2157 1381 2271 1417 altera,

1265 1437 1351 1476 quod
1368 1436 1469 1466 abhas
1493 1440 1523 1466 et
1544 1435 1727 1474 capitulum
1746 1435 1907 1465 secularis
1931 1434 2068 1465 ecclesie
2087 1435 2274 1465 Dauraten-

1265 1490 1322 1526 sis,
1341 1488 1588 1519 Lemovicensis
1605 1487 1758 1521 diocesis,
1777 1487 1936 1526 quasdam
1954 1487 2097 1516 decimas
2115 1487 2156 1516 ad
2169 1487 2273 1517 dictas

1265 1542 1422 1573 ecclesias
1447 1542 1484 1571 de
1511 1540 1610 1571 Belac
1636 1544 1666 1570 et
1693 1540 1806 1570 Sancti
1831 1539 2011 1570 Salvatoris
2036 1543 2221 1578 spectantes
2243 1543 2274 1570 et

1264 1596 1353 1625 infra
1378 1604 1492 1625 earum
1519 1593 1710 1632 parrochias
1730 1593 1908 1624 existentes
1932 1593 2043 1623 minus
2066 1593 2154 1632 juste
2177 1601 2275 1622 occu-

1264 1652 1358 1687 pant,
1383 1646 1619 1677 contendentes
1642 1645 1881 1675 nichilominus
1904 1644 2115 1675 medietatem
2135 1644 2275 1674 oblatio-

1266 1710 1345 1731 num
1362 1705 1392 1731 et
1408 1704 1628 1738 proventuum
1645 1699 1825 1729 earundem
1848 1697 2064 1727 ecclesiarum
2087 1697 2272 1736 percipere,

1266 1754 1418 1794 quamvis
1434 1754 1494 1783 hoc
1513 1753 1577 1783 sibi
1594 1761 1659 1782 non
1677 1755 1839 1790 competat
1856 1751 1894 1781 de
1914 1751 2153 1781 consuetudine
2169 1750 2220 1780 vel
2237 1751 2275 1780 de

1263 1808 1349 1847 jure.
1369 1807 1474 1837 Iidem
1495 1814 1625 1845 quoque
1649 1805 1750 1834 abbas
1772 1808 1802 1833 et
1824 1803 2005 1842 capitulum
2024 1812 2159 1842 corpora
2181 1803 2276 1832 nobi-

1266 1861 1348 1891 lium
1364 1864 1394 1890 et
1408 1859 1553 1888 militum
1570 1857 1865 1896 parrochianorum
1883 1856 2098 1886 ecclesiarum
2115 1857 2274 1894 ipsarum,

1267 1923 1341 1944 cum
1359 1913 1536 1947 decedunt,
1556 1911 1707 1950 quamvis
1725 1910 1811 1948 apud
1832 1919 1887 1940 eos
1908 1909 2112 1948 sepulturam
2134 1917 2199 1938 non
2217 1908 2277 1938 eli-

1267 1971 1356 2006 gant,
1372 1968 1569 2005 presumunt
1583 1964 1617 1993 in
1636 1972 1695 1993 suo
1713 1962 1876 1992 cimiterio
1893 1961 2044 2000 sepelire,
2064 1962 2097 1990 in
2115 1961 2278 1991 dictorum

1268 2020 1406 2050 rectoris
1432 2023 1463 2048 et
1484 2017 1700 2048 ecclesiarum
1727 2024 1791 2045 non
1816 2015 1981 2045 modicum
2004 2014 2224 2054 prejudicium
2247 2017 2278 2043 et

1269 2080 1458 2111 gravamen,
1473 2070 1555 2100 alias
1570 2078 1669 2107 super
1681 2069 1823 2107 quadam
1835 2067 1974 2106 pecunie
1987 2076 2114 2096 summa
2133 2071 2163 2096 et
2179 2066 2277 2096 rebus

1269 2127 1344 2157 aliis
1362 2125 1481 2155 rectori
1497 2123 1696 2162 injuriantes
1714 2122 1830 2152 eidem.

1310 2181 1395 2211 Sane
1413 2177 1571 2215 magister
1587 2176 1773 2206 Johannes.
1796 2175 1903 2203 dietus
1921 2174 2139 2203 Sarracenus.
2162 2181 2280 2210 procu-

1269 2237 1358 2262 rator
1373 2230 1594 2270 predictorum
1614 2227 1743 2257 abbatis
1761 2231 1789 2257 et
1808 2225 1956 2265 capituli,
1976 2225 2144 2264 proposuit
2163 2234 2199 2254 ex
2223 2225 2280 2254 ad-

1269 2294 1379 2320 verso,
1407 2283 1509 2322 quod,
1536 2282 1612 2311 licet
1636 2281 1715 2311 dicti
1739 2280 1840 2310 abbas
1864 2284 1894 2309 et
1913 2278 2094 2317 capitulum
2114 2277 2279 2317 predictas

1271 2338 1415 2369 decimas
1436 2344 1563 2366 necnon
1583 2333 1774 2373 hujusmodi
1795 2333 2005 2362 medietatem
2028 2331 2232 2361 oblationum
2250 2334 2281 2360 et

1269 2395 1490 2431 proventuum
1521 2387 1699 2418 eorundem
1728 2385 1950 2424 predictarum
1981 2384 2212 2414 ecclesiarum.
2245 2383 2279 2412 in

1271 2444 1392 2484 quibus
1407 2443 1460 2482 jus
1475 2441 1626 2471 obtinent
1641 2443 1844 2478 patronatus,
1862 2438 1901 2467 ad
1913 2437 2154 2467 cotidianarum
2172 2436 2280 2466 distri-

1270 2497 1445 2527 butionum
1462 2503 1562 2524 onera
1579 2493 1614 2522 in
1630 2492 1743 2523 eadem
1763 2491 1964 2521 Daui-utensi
1985 2490 2124 2520 ecclesia
2142 2498 2280 2527 suppor-

1273 2550 1381 2584 tanda,
1398 2547 1577 2587 percipere,
1597 2555 1633 2575 ac
1650 2544 1813 2575 nobilium
1837 2548 1867 2574 et
1890 2543 2035 2572 militum
2058 2542 2281 2581 predictorum

1271 2611 1407 2640 corpora
1423 2601 1457 2630 in
1477 2598 1641 2629 cimiterio
1658 2598 1742 2627 dicte
1761 2596 1979 2626 Dauratensis
1994 2595 2132 2625 ecclesie
2151 2594 2280 2624 tradere

1272 2654 1496 2686 ecclesiastice
1513 2651 1682 2690 sepulture
1702 2650 1774 2679 sine
1792 2648 2051 2679 contradictione
2075 2647 2186 2685 aliqua
2203 2655 2281 2676 eon-

1273 2711 1452 2740 sueverunt
1475 2716 1493 2736 a
1510 2710 1654 2743 tempore
1672 2704 1766 2743 cujus
1790 2702 1949 2733 memoria
1973 2710 2037 2731 non
2061 2700 2280 2738 existit.p1·e-

1272 2763 1379 2792 dictus
1392 2765 1500 2790 tamen
1517 2762 1623 2788 rector
1636 2756 1814 2796 quominus
1828 2755 1929 2784 iidem
1944 2754 2044 2784 abbas
2057 2757 2087 2783 et
2099 2751 2281 2790 capitulum

1272 2814 1416 2846 decimas
1434 2821 1470 2842 ac
1486 2811 1697 2841 medietatem
1716 2811 1934 2847 proventuum
1954 2811 1984 2836 et
2002 2805 2206 2835 oblationum
2222 2804 2280 2833 110-

1270 2867 1416 2908 jusmodi
1442 2864 1644 2904 percipiant,
1672 2867 1703 2892 et
1730 2870 1865 2900 corpora
1891 2859 2053 2890 nobilium
2081 2862 2111 2888 et
2137 2857 2281 2886 rnilitum

1273 2920 1509 2961 predictorum,
1530 2926 1604 2947 cum
1625 2915 1802 2947 decedunt,
1823 2914 1857 2943 in
1874 2913 1987 2943 codem
2011 2910 2174 2941 cimiterio
2196 2910 2280 2939 dicte
