2498 3325
180 252 236 282 ‘230
906 254 1144 285 REGISTRES
1167 254 1473 286 D'ALEXANDRE
1496 258 1552 287 IV.

174 318 304 352 jusmodi
320 319 520 345 concessionis
536 322 663 346 tenorem
680 320 713 346 ab
730 320 874 354 aliquibus
889 320 1014 347 indebite
1030 320 1187 347 molestari.

178 366 260 401 (Rea.
277 367 321 398 24.
337 375 363 394 c.
381 367 453 399 613³,
472 368 490 394 f.
508 368 566 401 93.)

220 488 232 502 «
260 498 292 510 ..,
319 478 440 505 cantori
463 477 606 506 Eduenst.
631 477 713 507 Cum
739 477 858 508 dilecto
883 477 951 507 snio
975 495 1024 506 —.
1051 479 1123 508 Dat.
1151 483 1188 508 ut

177 536 288 565 supra.
309 539 320 554 n

248 713 329 741 ’2⁸⁷¹

212 774 327 801 Decano
349 780 377 802 et
397 776 522 810 capitulo
539 777 680 803 ecclesiae
701 785 742 804 ss.
766 777 971 812 Apostolorum
992 777 1182 812 Coloniensis,

174 824 222 858 qui
240 824 516 851 administrationem
530 826 754 860 praebendarum
771 827 910 853 ecclesiae
926 834 996 853 suae
1012 828 1184 862 praepositis

177 873 393 907 negligentibus
409 873 591 900 abstulerunt
606 877 643 905 et,
661 874 696 900 de
711 882 857 901 consensu
874 874 1000 910 Heni-ici,
1018 878 1087 902 tunc
1103 884 1185 910 prae-

680 715 805 749 Anagni,
823 716 837 742 7
853 716 1017 750 septembre
1035 715 1113 743 1255.

175 922 271 956 positi,
287 926 372 957 atque
388 922 570 949 Coloniensis
581 923 802 958 archiepiscopi,
816 927 986 956 statuentes,
1003 924 1182 951 administra-

174 972 281 997 tionem
308 971 389 997 istam
412 971 446 997 ad
469 979 500 997 se
522 972 556 997 de
576 975 673 998 cetero
695 973 892 1008 retinuerunt,
912 973 1000 1000 certis
1023 973 1183 1001 redditibus

175 1020 340 1054 praeposito
356 1020 523 1054 assignatis,
540 1021 699 1048 confirmat.
716 1021 800 1054 (Rae.
817 1022 862 1056 ⁶24,
879 1030 905 1050 e.
922 1022 983 1052 614.
1001 1023 1020 1050 f.
1036 1022 1090 1055 93.)

215 1140 226 1154 ι(
245 1150 277 1162 ..,
298 1128 418 1163 decano,
440 1134 465 1158 et
483 1130 618 1167 capitulo
634 1131 751 1159 ecclesie
772 1136 951 1160 sanctorum
971 1132 1182 1169 Apostolorum

172 1180 368 1209 Coloniensis.
403 1181 501 1210 Lecta
535 1181 630 1211 nobis
665 1187 774 1212 vestra
806 1200 855 1211 —.
893 1183 966 1213 Dat.
1005 1184 1178 1222 Anagnie,

171 1232 235 1261 VII
251 1231 325 1261 idus
343 1233 551 1270 septembris,
570 1243 657 1264 anno
674 1235 790 1272 primo.
812 1247 824 1261 »

243 1423 330 1452 '7³22

208 1485 356 1512 Fratribus
374 1486 490 1513 Militiae
504 1486 613 1522 Templi
632 1488 657 1514 in
678 1487 794 1515 Francia
811 1489 950 1524 indulget,
969 1494 999 1517 ut
1013 1491 1048 1518 ad
1062 1492 1178 1519 solven-

168 1535 221 1561 das
244 1535 344 1568 legatis
367 1535 541 1570 apostolicae
563 1535 646 1563 Sedis
668 1537 848 1571 pecuniarias
867 1541 1083 1573 procurationes
1099 1549 1179 1568 com-

171 1583 235 1617 pelli
254 1592 307 1609 non
328 1584 439 1618 possint
457 1584 549 1611 inviti.
567 1584 650 1617 (Rae.
667 1585 711 1616 Ἡ,
726 1594 752 1612 c.
769 1585 831 1620 615,
848 1587 867 1613 f.
884 1587 941 1620 93.)

673 1426 799 1461 Anagni,
817 1427 832 1454 6
847 1429 1010 1461 septembre
1028 1429 1106 1457 1255.

212 1702 223 1716 α
253 1714 285 1725 ..,
311 1693 489 1729 preceptori,
514 1698 539 1721 et
565 1694 716 1729 fratribus
740 1694 847 1724 domus
873 1696 982 1726 Militia>
1008 1698 1122 1736 Templi
1144 1701 1178 1729 in

169 1744 316 1772 Francia.
335 1743 478 1779 Dignum
496 1754 569 1774 esse
590 1746 811 1784 conspicimus
831 1751 862 1777 et
882 1750 1108 1780 necessarium
1125 1760 1178 1781 ar-

169 1795 342 1826 bitramur,
363 1800 396 1825 ut
416 1796 463 1825 hii
481 1797 592 1827 favore
607 1798 701 1827 Sedis
714 1799 891 1836 apostolice
905 1801 1091 1838 foveantur,
1107 1804 1176 1842 qui,

168 1848 493 1885 consanguineorum
505 1859 640 1879 suorum
653 1851 772 1881 affectu
784 1852 942 1891 deposito,
958 1855 1030 1890 Dei,
1045 1864 1109 1885 non
1122 1856 1177 1887 ho-

168 1900 281 1935 minis,
296 1901 437 1938 prelium
449 1901 644 1939 preliantur.
664 1904 749 1934 Sane
764 1909 914 1942 porrecta
929 1906 1024 1937 nobis
1037 1916 1074 1937 ex
1086 1913 1178 1946 parte

167 1957 278 1982 vestra
293 1953 407 1991 petitio
424 1955 624 1991 continebat,
644 1956 731 1994 quod
747 1966 814 1992 vos,
834 1958 868 1987 in
891 1959 1086 1990 exhibendis
1103 1970 1178 1999 pro-

167 2006 397 2036 curationibus
418 2006 536 2044 legatis
554 2011 584 2037 et
600 2009 733 2039 nunciis
754 2011 931 2048 apostolice
956 2012 1066 2049 Sedis,
1087 2023 1123 2044 ex
1141 2024 1178 2045 eo

167 2058 373 2095 gravamini.
403 2059 489 2096 quod
518 2060 581 2098 ipsi
616 2070 680 2090 non
713 2063 859 2092 contenti
889 2066 1178 2101 procurationibus

169 2120 250 2148 quas
275 2111 399 2140 eisdem
425 2112 458 2140 in
485 2113 686 2143 victualibus
717 2118 747 2144 et
773 2115 848 2145 aliis
874 2117 1074 2148 necessariis
1097 2119 1177 2149 estis

168 2164 322 2194 exhibere
339 2165 457 2202 parati,
477 2175 493 2195 a
509 2166 600 2196 vobis
615 2172 645 2197 et
663 2168 813 2198 ecclesiis
830 2179 865 2199 ac
878 2170 1030 2201 domibus
1044 2173 1175 2208 vestris,

166 2217 339 2246 occasione
366 2219 633 2255 procurationum
658 2219 866 2259 hujusmodi,
893 2223 1085 2261 frequenter
1113 2234 1177 2255 non

168 2269 329 2298 modicam
360 2271 500 2307 pecunie
531 2280 694 2301 summam
728 2274 863 2311 exigunt
894 2280 925 2305 ct
957 2281 1153 2316 extorquent
1169 2302 1175 2314 ,

167 2326 298 2359 propter
314 2322 398 2360 quod
421 2327 565 2352 vestrum
584 2329 772 2363 quantoque
789 2327 881 2364 pium
898 2329 1101 2366 propositum
1115 2332 1178 2361 im—

166 2374 272 2411 pediri
285 2379 311 2402 <¹1
327 2375 600 2411 iiegotiiiiii'l*ei·1·e
609 2377 727 2407 Sancte
739 2380 886 2408 noscitur
899 2381 1047 2419 deperire
1059 2393 1064 2412 :
1075 2394 1177 2422 quare

167 2426 263 2455 nobis
283 2426 454 2457 humiliter
471 2428 693 2466 supplicastis,
715 2435 749 2459 ut
765 2433 937 2469 providere
956 2435 1047 2465 vobis
1064 2437 1097 2466 in
1115 2438 1176 2468 hac

166 2482 257 2516 parte
288 2479 548 2509 misericorditer
577 2492 794 2512 curawmus·
814 2485 970 2516 Veientes
996 2488 1099 2525 igitur
1125 2490 1177 2520 in-

167 2531 362 2569 dempnitnti
380 2537 487 2561 vestre
505 2543 603 2571 supcr
621 2535 691 2566 hoc,
710 2542 870 2574 quantum
888 2548 961 2568 cuni
978 2541 1045 2570 Deo
1058 2552 1177 2580 possu-

168 2592 256 2613 mus.
279 2593 451 2621 pri—,cavere
467 2608 472 2615 .
495 2590 529 2614 ut
549 2586 666 2623 legans
683 2593 713 2617 ct
731 2590 858 2619 nuntiis
876 2592 1052 2629 apostolice.
1069 2595 1174 2632 Sedis,

167 2636 326 2664 svau-ihus
347 2637 468 2665 nostris
488 2643 599 2667 sancte
619 2640 765 2669 Romane
784 2642 929 2673 Ecclesic
951 2646 1176 2678 cardinalibus

166 2688 332 2717 dumtaxat
358 2690 523 2727 exceptis,
555 2691 594 2719 ad
623 2692 795 2722 solvendas
819 2695 901 2733 ipsis
926 2700 1176 2734 procurationes

166 2741 376 2777 pecuniarias
404 2743 555 2780 compelli
579 2744 675 2774 inviti
700 2745 911 2785 aliquatenus
939 2759 1003 2779 non
1026 2753 1174 2789 possitis,

166 2792 341 2821 dnmmodo
360 2795 465 2831 parati
490 2795 563 2825 sitis
581 2797 705 2826 eisdem
730 2798 846 2835 legatis
870 2806 900 2830 et
923 2804 1066 2840 nunciis,
1091 2806 1176 2836 sicut

166 2845 365 2882 premissum
381 2851 438 2881 cst,
460 2849 707 2884 procurationes
721 2851 755 2879 in
771 2852 968 2883 victualibus
984 2860 1014 2885 ct
1027 2857 1102 2887 aliis
1117 2867 1176 2888 ne-

167 2898 322 2927 cessariis
337 2898 502 2935 exhibere,
520 2902 713 2932 auctoritate
731 2904 823 2934 vobis
840 2908 1046 2943 presentium
1062 2910 1174 2940 indul-

1270 330 1396 357 gemus.
1421 322 1513 352 Nulli
1532 328 1593 354 ctc.
1616 329 1727 354 nostre
1751 326 1978 356 concessionis
1995 330 2055 356 etc.
2079 327 2153 356 Dat.
2171 328 2281 367 Anag-

1270 373 1336 409 nie,
1354 374 1434 404 VIII
1450 374 1525 405 idus
1542 376 1751 414 septembris,
1769 386 1856 407 anno
1871 378 1988 416 primo.
2009 390 2022 404 n

1341 545 1428 574 ’223

1305 607 1410 633 Abbati
1425 606 1633 642 Moyssiacensi
1648 608 1773 642 mandat,
1785 608 1922 642 quatinus
1932 610 2116 644 asperitatem
2129 612 2282 645 poeniten-

1269 656 1333 686 tiae,
1352 655 1508 690 Aymerico
1523 656 1558 682 de
1580 655 1723 682 Bressolis
1744 656 1779 682 de
1798 655 1900 683 Castro
1916 656 2086 691 Sam-acono,
2105 659 2177 686 laico
2191 659 2280 687 Tolo-

1268 712 1354 730 sanae
1370 704 1506 737 diocesis,
1523 713 1538 730 a
1555 705 1704 739 pravitatis
1722 705 1864 732 hereticae
1882 705 2104 740 inquisitoribus
2115 707 2280 743 impositae,

1268 756 1426 787 temperare
1443 758 1588 787 procuret.
1605 753 1690 786 (Rea.
1708 753 1753 787 24,
1771 761 1796 780 c.
1814 753 1876 784 616,
1893 753 1911 780 f.
1928 753 1986 786 93.)

1774 546 1900 581 Anagni.
1916 547 1932 574 9
1947 547 2111 582 septembre
2130 549 2206 577 1255.

1309 866 1322 880 α
1345 877 1378 889 ..,
1395 855 1496 883 abbati
1511 855 1718 892 Moysiacensi,
1739 855 1951 885 cluniacensis
1966 855 2096 891 ordinis,
2116 857 2280 887 Caturcen-

1266 909 1307 937 sis
1324 908 1458 937 diocesis.
1480 907 1628 938 Dilectus
1651 908 1740 938 filius
1764 908 1976 938 Haimericus
1999 908 2037 939 de
2058 909 2223 940 Bressolis
2239 910 2280 942 de

1267 960 1382 991 Castro
1410 961 1608 996 Sarraceno,
1640 960 1746 991 laicus
1775 960 1960 991 Tholosane
1990 961 2150 998 diocesis,
2182 962 2279 994 nohis

1266 1013 1456 1051 significare
1471 1014 1609 1048 curavit,
1623 1014 1721 1052 quod,
1737 1022 1823 1047 cum,
1840 1014 1962 1044 dudum
1978 1023 2088 1044 errore
2103 1015 2278 1053 pravitatis

1266 1066 1411 1096 heretice
1432 1067 1572 1102 irretito,
1598 1067 1816 1106 inquisitores
1837 1075 1936 1105 super
1954 1066 2146 1106 hujusmodi
2166 1076 2278 1099 errore

1265 1119 1299 1148 in
1316 1119 1450 1149 civitate
1466 1128 1503 1149 ac
1524 1119 1647 1150 diocesi
1663 1119 1861 1149 Tholosanis
1880 1129 1898 1149 a
1920 1119 2003 1150 Sede
2021 1119 2200 1158 apostolica
2219 1120 2278 1151 de·-

1265 1172 1370 1210 putati
1391 1172 1477 1202 dicto
1493 1173 1545 1207 A„
1564 1173 1621 1211 qui
1638 1172 1678 1202 ab
1694 1172 1872 1203 orthodoxe
1895 1172 1972 1202 fidei
1989 1172 2139 1202 articulis
2161 1172 2277 1212 damp-

1265 1224 1422 1254 nabiliter
1433 1224 1613 1259 obem-arat,
1624 1225 1693 1264 jam
1705 1224 1846 1254 Domino
1856 1224 2011 1260 faciente,
2025 1224 2065 1254 ad
2075 1224 2168 1254 illam
2179 1224 2276 1255 corde

1264 1277 1404 1307 contrito
1423 1277 1538 1307 devote
1555 1286 1592 1307 ac
1607 1276 1821 1307 laudabiliter
1837 1285 2002 1312 reversus,
2018 1286 2162 1314 gravem,
2179 1281 2278 1316 prout

1263 1329 1407 1359 viderint
1434 1337 1532 1367 super
1554 1328 1615 1359 hoc
1639 1329 1802 1367 expedire,
1821 1328 2040 1366 penitentiam
2058 1329 2277 1368 injunxerunt

1263 1391 1321 1419 pro
1337 1381 1404 1412 hiis
1426 1391 1489 1420 que
1510 1382 1580 1420 ipsc
1600 1381 1811 1412 commiserat
1829 1381 1865 1410 in
1881 1380 2030 1411 heretica
2043 1381 2218 1420 pravitate.
2236 1381 2277 1412 Et

1262 1434 1339 1464 licet
1355 1434 1426 1473 ipse
1448 1434 1639 1473 hujusmodi
1659 1434 1878 1472 penitentiam
1899 1434 2014 1464 devote
2034 1443 2071 1464 ac
2085 1438 2278 1465 reverenter

1263 1491 1450 1525 susceptam
1466 1496 1524 1525 pro
1539 1496 1658 1524 magna
1674 1491 1766 1525 parte
1783 1486 1957 1524 peregerit,
1979 1486 2151 1516 residuum
2165 1490 2276 1517 tamen

1261 1539 1368 1578 ipsius
1384 1539 1578 1578 penitentie,
1594 1544 1726 1578 propter
1738 1543 1893 1569 eventum
1910 1538 2076 1569 imbecille
2093 1538 2276 1569 senectutis

1263 1592 1356 1622 senio
1377 1592 1446 1631 jam
1470 1592 1677 1631 propinquus
1704 1600 1740 1621 ac
1767 1591 1858 1621 visus
1884 1591 2061 1627 defectum,
2083 1600 2149 1621 non
2169 1595 2277 1630 potest

1258 1645 1352 1684 juxta
1374 1654 1472 1674 suum
1495 1644 1701 1683 propositum
1725 1643 1918 1682 adimplere.
1940 1643 2024 1674 Cum
2046 1643 2150 1681 igitur
2172 1643 2277 1674 relin-

1262 1706 1362 1736 quere
1377 1697 1523 1736 aliquem
1538 1697 1648 1727 taliter
1660 1696 1856 1735 impeditum
1869 1696 1904 1725 in
1917 1700 2084 1726 senectam
2099 1700 2130 1726 et
2143 1696 2276 1727 senium

1262 1751 1305 1781 sit
1320 1751 1506 1789 indignum,
1521 1759 1591 1786 nos,
1605 1750 1640 1779 in
1656 1750 1719 1779 hac
1730 1754 1822 1788 parte
1836 1749 1982 1787 benigno
1997 1749 2062 1778 sibi
2075 1749 2276 1788 compatien-

1263 1808 1310 1833 tes
1330 1804 1449 1833 affectu
1466 1812 1502 1833 ac
1518 1803 1666 1833 volentes
1683 1812 1782 1841 super
1798 1802 1858 1832 hoc
1876 1802 1983 1832 eidem
1999 1805 2138 1840 paterna
2153 1801 2276 1832 sollici-

1262 1856 1376 1885 tudine
1392 1856 1580 1894 providere,
1599 1855 1795 1885 mandamus
1812 1854 1971 1893 quatinus
1995 1854 2207 1893 asperitatem
2227 1854 2275 1893 ip-

1262 1908 1332 1938 sius
1348 1908 1531 1946 penitentie
1548 1908 1612 1938 sibi
1630 1908 1677 1938 sic
1694 1907 1890 1937 auctoritate
1905 1911 2018 1936 nostra
2036 1911 2220 1945 temperare
2236 1916 2275 1938 ac

1262 1960 1295 1989 in
1309 1960 1374 1993 alia
1387 1965 1462 1989 vota
1473 1960 1606 1998 pietatis
1619 1964 1821 1989 commutare
1833 1968 2000 1997 procures,
2012 1959 2099 1998 quod
2110 1963 2141 1989 et
2155 1968 2274 1998 corpus

1261 2022 1344 2051 pene
1368 2022 1433 2042 non
1454 2013 1610 2051 perdatur
1633 2012 1787 2050 angustia
1807 2016 1837 2041 et
1862 2011 2010 2050 ejusdem
2031 2011 2274 2042 familiaritatis

1262 2066 1413 2103 contagio
1433 2074 1497 2095 non
1515 2065 1557 2095 sit
1574 2065 1742 2104 aliquibus
1759 2064 1888 2094 occasio
1907 2064 2103 2102 corruptele,
2120 2064 2274 2102 provisu-

1261 2128 1318 2148 rus
1341 2119 1500 2148 attentius
1524 2123 1555 2148 et
1575 2118 1754 2156 prudenter
1780 2126 1842 2156 qne
1867 2117 1907 2147 ad
1928 2117 2173 2146 munimentum
2194 2116 2274 2147 fidei

1262 2172 1389 2202 faciunt
1421 2176 1452 2202 et
1488 2171 1714 2209 integritatem
1748 2170 1972 2200 ecclesiastice
2007 2170 2157 2200 unitatis.
2197 2170 2271 2200 Dat.

1261 2224 1424 2261 Anagnie,
1446 2225 1473 2254 V
1489 2224 1564 2253 idus
1581 2223 1793 2262 septembris,
1815 2231 1901 2253 anno
1917 2223 2034 2260 primo.
2057 2234 2069 2249 >2

1299 2458 1444 2484 Fidelibus
1465 2458 1499 2483 de
1519 2457 1677 2483 Confi-atria
1693 2458 1827 2484 minimae
1845 2458 1986 2483 ecclcsiae
2002 2466 2025 2483 s.
2043 2456 2169 2483 'I'hotnae
2184 2465 2272 2490 apus-

1262 2508 1309 2534 toli
1341 2507 1578 2539 Mediolanensis,
1609 2507 1769 2532 oblationes
1798 2506 1971 2532 facientibus
2005 2507 2039 2531 ad
2074 2506 2270 2540 provisionem

1849 2395 1975 2430 Anagni‚
1991 2395 2020 2422 31
2038 2395 2106 2421 aeut
2124 2394 2199 2421 ¹255.

1261 2561 1453 2590 sumptusque
1469 2555 1578 2581 funeris
1595 2563 1763 2589 pauperum,
1781 2554 1920 2588 indulget,
1941 2561 1969 2580 nt
1986 2560 2112 2589 tempore
2129 2555 2272 2588 gem-ratis

1261 2605 1420 2638 interdicti,
1446 2604 1473 2630 in
1499 2604 1596 2629 endem
1624 2604 1746 2630 ccclesia
1775 2604 1871 2629 divina
1900 2603 1993 2629 officia
2016 2603 2116 2629 audire
2146 2606 2269 2629 vacant.

1261 2654 1344 2688 (Ρη-,6.
1362 2655 1405 2687 2¹4,
1424 2662 1449 2680 c.
1466 2653 1528 2684 617,
1546 2654 1565 2680 f.
1583 2654 1651 2685 93¹¹.)

1283 2759 1286 2763 “
1303 2768 1315 2781 α
1342 2756 1494 2784 &nium-sis
1515 2756 1629 2784 Christi
1645 2756 1784 2792 fidelibus
1807 2756 1840 2784 dc
1856 2757 2028 2792 confratria
2044 2765 2096 2784 seu
2111 2756 2190 2784 scola
2211 2756 2272 2784 mi-

1259 2810 1342 2837 nime
1364 2810 1481 2837 ecclesie
1504 2810 1603 2838 seneli
1629 2810 1735 2838 leomc
1753 2809 1880 2846 aposloli
1902 2809 2142 2837 illi-‹Ii'olanensis
2163 2807 2270 2839 Justis

1259 2861 1441 2899 petentium
1466 2866 1527 2890 etc.
1547 2871 1650 2900 nsque
1669 2871 1674 2890 :
1694 2861 1868 2899 complere.
1887 2861 1970 2891 Cum
1993 2861 2111 2897 igitur,
2129 2861 2215 2890 sicut
2231 2869 2271 2891 ex

1259 2918 1349 2951 parte
1366 2917 1473 2943 vestra
1491 2914 1553 2942 snit
1569 2914 1774 2952 propositum
1791 2922 1899 2943 coram
1917 2913 2024 2948 nobis,
2038 2922 2094 2942 vos
2110 2912 2150 2942 ad
2164 2912 2289 2942 eccle-⁶
