2498 3325
1018 212 1249 250 DEUXIEME
1270 212 1428 250 ANNEE.

182 287 378 319 Rossanensi,
402 286 516 312 mandat
535 287 672 320 quatinus
692 286 786 312 dictos
805 286 936 312 abbatom
962 289 989 312 et
1010 289 1184 312 conventum

181 335 346 361 monasterii
369 335 468 362 Fontis
492 335 623 361 Laui-cati
644 335 671 361 in
693 335 868 370 corporalem
888 335 1101 370 possessionem
1123 342 1185 360 mo-

183 383 299 410 nasterii
321 383 419 410 Sancti
438 383 559 418 Angeli,
577 383 737 410 secundum
760 383 987 410 confirmationis
1004 383 1186 418 supradictae

181 436 309 458 tenorem
329 432 480 467 (1586),
505 432 643 459 reducant
666 437 693 459 et
710 433 844 459 reductos
860 432 1021 458 defendant.
1040 432 1123 465 (Rae.
1141 431 1185 465 24,

181 482 199 508 f.
217 481 292 513 stov,
310 490 376 508 ann.
394 481 431 515 11,
446 490 471 508 c.
489 481 557 512 486;
576 481 720 509 Ponam
738 482 844 514 16607.)

223 603 236 617 ι(
263 614 295 624 ..,
313 591 534 625 Risiniauensi,
553 595 579 620 et
599 613 632 625 ..,
651 591 860 627 Stronyolensz'
873 592 1026 628 episcopis,
1045 595 1071 619 et
1086 591 1187 625 Leoni,

181 645 329 673 canonico
344 645 533 673 Rossanensi.
551 643 669 674 Oblata
688 643 783 672 nobis
803 652 839 673 ex
862 661 908 672 —.
930 644 1004 673 Dat.
1023 643 1187 680 Anagnie,

181 697 333 726 kalendis
349 697 550 731 novembris,
572 706 658 726 anno
676 697 831 726 secundo.
852 709 864 722 n

257 897 276 924 Ι
284 897 372 925 5138

219 958 326 984 Abbati
342 962 370 984 ct.
386 958 541 984 conventui
564 958 730 984 monasterii
748 957 780 983 S.
802 957 916 983 Martini
934 955 1127 983 Vitcrbiensis
1144 963 1191 980 ec-

183 1007 300 1034 clesiam
318 1007 352 1032 dc
368 1006 507 1033 Holcham
520 1028 526 1040 ‚
543 1006 741 1032 Norwiccnsis
761 1005 902 1037 diocesis,
920 1013 1005 1039 quam
1026 1004 1069 1030 cis
1087 1003 1192 1029 Henri-

805 895 917 925 Latran,
937 895 950 920 4
970 894 1025 920 mai
1043 893 1119 920 ¹256.

184 1064 247 1087 cus,
276 1064 325 1082 rex
352 1055 486 1090 Angliae,
513 1059 542 1081 et
569 1054 773 1089 Pandulphus,
798 1054 996 1080 Norwicensis
1025 1054 1191 1088 episcopuS,

146 1115 150 1117 Δ
184 1108 254 1131 tunc
283 1104 404 1137 clectus,
435 1107 658 1135 concesserant,
683 1103 843 1130 confirmat.
878 1103 958 1135 (Rae.
989 1102 1034 1134 24,
1065 1102 1084 1128 f.
1116 1101 1192 1133 Q10v,

184 1161 250 1180 ann.
268 1152 306 1186 11,
323 1161 349 1179 c.
367 1152 435 1185 4873
452 1152 599 1179 Pontus-r
617 1151 724 1182 16353.)

227 1273 240 1288 ιι
263 1262 369 1290 Abbati
389 1266 414 1290 et
434 1262 598 1290 conventui
617 1261 798 1289 monasterii
819 1260 925 1289 Sancti
944 1260 1073 1288 Martini
1098 1260 1194 1288 Viler-

185 1317 305 1351 biensis,
332 1315 539 1344 Cisterciensis
559 1314 688 1342 ordinis.
718 1313 800 1344 Cum
824 1322 842 1342 a
867 1312 962 1342 nobis
984 1312 1108 1350 petitur
1131 1316 1191 1342 etc.

187 1377 292 1407 usque
310 1378 316 1396 :
338 1367 377 1397 ad
396 1368 561 1397 effectum.
580 1366 785 1404 Significatis
802 1365 966 1404 siquidem
984 1365 1091 1399 nobis,
1108 1364 1195 1403 quod

187 1422 382 1451 carissimus
399 1421 432 1449 in
454 1419 587 1450 Christo
606 1419 696 1449 filius
718 1423 830 1449 noster
846 1418 1030 1453 Henricus,
1050 1418 1193 1448 illustris

187 1484 243 1505 rex
264 1473 401 1512 Anglie,
416 1474 470 1512 jus
487 1476 696 1511 patronatus,
715 1472 801 1510 quod
819 1476 943 1510 spectat
960 1472 1000 1501 ad
1015 1471 1140 1510 ipsum,
1158 1471 1194 1500 in

187 1528 363 1558 medietate
380 1526 519 1556 ecclesie
535 1525 574 1556 de
594 1524 772 1560 Holcham,
791 1525 1020 1555 Norwicensis
1039 1525 1191 1561 diocesis,

188 1581 281 1611 vobis
297 1581 332 1609 in
353 1579 570 1610 elemosinam
592 1578 808 1613 contulisset,
827 1578 911 1607 bone
928 1578 1086 1608 memorie
1107 1579 1195 1608 Pan-

187 1633 310 1669 dulfus,
328 1632 556 1663 Norwicensis
571 1632 756 1670 episcopus,
773 1635 850 1661 tunc
865 1631 1000 1667 electus,
1017 1628 1195 1669 apostolice

189 1687 284 1718 Sedis
296 1686 444 1724 legatus,
465 1685 517 1715 sui
534 1688 716 1715 conventus
733 1685 909 1714 accedente
925 1693 1107 1720 consensu,
1126 1694 1196 1714 me-

189 1740 345 1770 dietatem
365 1738 473 1777 ipsius
491 1737 631 1768 ecclesie
653 1746 728 1767 eum
749 1737 961 1775 pertinentiis
983 1738 1068 1772 suis,
1087 1737 1197 1767 consi-

189 1793 301 1823 derata
317 1794 509 1830 paupertate
523 1790 719 1820 monasterii
735 1790 849 1825 vestri,
864 1790 958 1820 vobis
974 1790 1008 1819 in
1024 1799 1105 1820 usus
1122 1799 1197 1828 pro-

187 1846 278 1884 prios
300 1844 393 1874 duxit
414 1843 599 1874 liberaliter
620 1843 880 1878 concedendam,
899 1847 1057 1881 perpetuo
1074 1843 1197 1873 vicario

189 1899 246 1938 qui
271 1907 329 1936 pro
354 1902 500 1935 tempore
525 1896 680 1926 servierit
703 1896 738 1925 in
762 1895 887 1931 eadem,
913 1896 1063 1934 portione
1086 1896 1198 1926 decem

189 1960 376 1981 marcarum
401 1950 440 1980 de
464 1949 572 1988 ipsius
595 1948 812 1987 proventibus
835 1953 1018 1984 reservata,
1046 1953 1142 1987 prout
1164 1949 1198 1978 in

188 2004 310 2034 litteris
333 2003 432 2041 regis,
458 2002 604 2041 episcopi
626 2006 657 2032 et
678 2006 860 2032 conventus
884 2002 1107 2040 predictorum
1129 2002 1199 2040 ple-

190 2058 266 2087 nius
283 2056 483 2086 continetur.
505 2056 573 2086 Nos
590 2055 705 2093 igitur,
722 2055 844 2085 vestris
860 2055 1015 2093 precibus
1031 2055 1196 2091 inclinati,

189 2110 230 2140 ad
255 2110 361 2139 instar
385 2109 494 2138 felicis
519 2108 760 2138 recordationis
782 2107 935 2145 Gregorii
959 2112 990 2137 et
1011 2107 1200 2137 Innocentii

190 2163 461 2201 predecessorum
476 2165 663 2190 nostrorum
676 2162 901 2191 Romanorum
913 2160 1118 2198 pontificum,
1134 2164 1199 2189 tam

190 2215 403 2245 donationem
420 2214 545 2252 regiam
560 2222 659 2252 quam
675 2213 924 2243 concessionem
941 2213 1020 2242 dicti
1036 2212 1198 2251 episcopi,

191 2269 277 2299 sicut
293 2268 346 2306 pie
367 2277 404 2297 ac
424 2267 559 2305 provide
575 2267 661 2296 facte
685 2270 779 2302 sunt,
802 2267 998 2296 auctoritate
1021 2265 1202 2304 apostolica

190 2322 426 2352 confirmamus
455 2324 486 2350 et
510 2319 675 2358 presentis
705 2319 819 2357 scripti
843 2319 1028 2357 patrocinio
1054 2328 1199 2348 commu-

191 2375 312 2405 nimus.
330 2374 381 2403 Ad
398 2373 557 2412 maiorem
573 2372 622 2403 rei
637 2372 850 2407 evidentiam,
866 2376 997 2402 tenores
1014 2371 1202 2402 litterarum

190 2428 339 2466 ipsarum
364 2426 403 2456 de
427 2425 526 2456 verbo
551 2425 591 2455 ad
618 2425 755 2455 verbum
780 2425 992 2463 presentibus
1020 2425 1125 2455 inseri
1151 2426 1202 2455 sa-

190 2480 331 2515 cientes,
351 2488 413 2518 que
433 2478 514 2509 tales
531 2482 609 2509 sunt
628 2488 633 2507 :

654 2557 899 2590 XVincliecume
919 2557 950 2584 13
964 2558 1035 2584 aeut
1054 2557 1131 2585 1232.

235 2634 247 2647 n
269 2621 453 2655 Henricus,
471 2620 531 2650 Dei
549 2620 655 2658 gratia
673 2629 727 2649 rex
744 2619 879 2657 Anglie,
900 2619 1054 2649 dominus
1073 2619 1202 2658 Ibeer-

194 2687 206 2701 >1
233 2675 298 2709 nie,
319 2674 382 2702 dux
396 2674 601 2703 Normannie
617 2678 647 2703 et
664 2673 856 2711 Aquitanie,
873 2681 981 2702 comes
998 2672 1200 2710 Andegavie,

193 2740 208 2754 »
233 2726 508 2764 archiepiscopis,
528 2726 709 2764 episcopis.
731 2725 923 2759 abbatibus,
943 2725 1128 2763 prioribus,
1149 2734 1203 2754 co-

195 2792 207 2806 »
234 2780 382 2815 mitibus,
404 2779 595 2813 baronibus,
611 2779 822 2817 justiciariis,
845 2778 1111 2813 vicecomitibus,
1130 2788 1204 2816 pre-

196 2846 208 2859 »
231 2833 362 2871 positis,
393 2832 557 2861 ministris
585 2837 615 2861 ct
641 2832 795 2860 erunibus
822 2831 960 2866 balivis,
991 2835 1021 2860 et
1050 2830 1203 2860 fidelibus

195 2898 208 2912 >³
235 2886 316 2915 suis.
332 2885 482 2915 salutem.
499 2884 667 2914 Nerei-itis
684 2894 754 2919 uos,
773 2884 895 2913 iutuitu
911 2884 970 2913 Dei
984 2888 1014 2913 et
1026 2892 1083 2922 pro
1098 2884 1204 2913 salute

1271 298 1284 312 ))

1271 350 1284 365 ))

1272 403 1285 418 Ὶ)

1272 456 1285 470 ))

1273 509 1286 523 ))

1274 562 1287 576 ))

1275 615 1287 629 ))

1275 669 1287 683 n

1276 722 1288 736 1)

1276 775 1289 789 ))

1276 828 1289 842 ))

1277 880 1289 894 ))

2218 221 2275 251 485

1310 287 1419 316 anime
1437 292 1548 317 nostre
1561 292 1591 317 et
1603 288 1789 318 animarum
1802 293 2049 319 antecessorum
2067 294 2097 319 et
2114 291 2275 321 heredum

1310 343 1509 376 nostrorum,
1524 340 1654 371 dedisse
1667 345 1697 371 et
1711 341 1927 376 concessisse,
1943 345 1974 372 et
1988 342 2049 372 hac
2060 347 2150 373 carta
2162 348 2275 374 nostra

1310 392 1535 427 confirmasse,
1549 397 1709 432 quantum
1724 394 1763 423 ad
1774 398 1984 432 patronatum
1996 395 2150 432 pertinet,
2165 396 2276 425 abbati

1311 449 1341 474 et
1360 445 1531 475 monachis
1551 446 1663 476 Sancti
1681 446 1816 476 Martini
1833 447 1871 477 de
1888 448 2039 477 Viterbio
2056 452 2086 478 et
2105 457 2276 478 successo-

1311 497 1404 527 ribus
1421 498 1491 527 suis
1503 498 1626 528 ibidem
1642 500 1710 529 Deo
1725 499 1900 529 servituris
1916 500 2124 530 medietatem
2138 500 2277 531 ecclesie

1313 550 1351 580 de
1372 550 1546 586 Holcham,
1566 560 1640 581 cum
1659 552 1872 590 pertiuentiis
1889 553 1975 588 suis,
1994 562 2056 592 que
2077 553 2115 583 ad
2130 557 2277 583 nostram

1313 608 1437 642 spectat¹
1449 604 1670 640 donationem,
1686 605 1871 635 habendam
1886 610 1917 635 et
1933 606 2109 635 tenendam
2126 606 2163 636 de
2182 606 2277 636 nobis

1314 661 1344 686 et
1361 657 1539 687 heredibus
1554 658 1688 693 nostris,
1708 658 1865 696 predictis
1882 659 1992 688 abbati
2010 664 2041 689 et
2056 659 2228 689 monachis
2247 663 2279 689 et

1314 710 1563 740 successoribus
1580 711 1650 740 suis
1667 713 1734 741 Deo
1748 712 1871 741 ibidem
1886 713 2060 742 servituris
2075 713 2109 742 in
2126 712 2277 748 liberam,

1314 773 1430 801 puram
1447 768 1478 793 et
1494 768 1685 802 perpetuam
1702 764 1929 794 elemosinam,
1955 766 2063 801 Quare
2080 765 2232 795 volumus
2249 768 2280 794 et

1314 816 1454 845 firmiter
1467 817 1684 855 precipimus,
1704 818 1790 855 quod
1806 817 1945 855 predicti
1962 818 2062 847 abbas
2080 822 2111 847 et
2125 817 2281 847 monachi

1315 873 1346 898 et
1364 877 1477 898 eorum
1495 878 1703 899 successores
1719 869 1864 899 habeant
1880 874 1910 899 et
1928 874 2062 900 teneant
2082 871 2120 900 de
2138 871 2233 900 nobis
2250 873 2282 900 et

1314 921 1495 951 heredibus
1514 922 1638 952 nostris
1658 923 1870 953 medietatem
1890 923 2036 961 predicte
2053 923 2191 953 ecclesie
2208 932 2282 953 cum

1315 975 1528 1013 pertinentiis
1551 975 1622 1005 suis
1647 975 1681 1004 in
1706 975 1864 1011 liberam,
1890 985 2007 1014 puram
2033 980 2063 1006 et
2090 979 2283 1014 perpetuam

1317 1027 1544 1063 elemosinam,
1566 1028 1650 1058 bene
1674 1032 1705 1058 et
1722 1028 1755 1057 in
1777 1037 1871 1067 pace,
1896 1028 2016 1063 libere,
2040 1029 2151 1068 quiete
2175 1034 2205 1059 et
2230 1029 2283 1058 in-

1317 1085 1418 1118 tegre,
1437 1090 1511 1111 cum
1526 1082 1680 1111 omnibus
1696 1081 1908 1111 libertatibus
1928 1086 1958 1112 et
1971 1081 2087 1111 liberis
2106 1086 2284 1112 consuetu-

1317 1134 1453 1164 dinibus
1474 1134 1514 1163 ad
1534 1134 1672 1164 eandem
1690 1134 1901 1164 medietatem
1916 1134 2178 1172 pertinentibus,
2198 1135 2285 1164 sicut

1317 1187 1503 1225 predictum
1525 1191 1585 1217 est.
1612 1187 1686 1217 Hiis
1712 1187 1852 1217 testibus
1873 1188 1922 1222 P.,
1940 1187 2171 1217 Wintoniensi
2192 1187 2283 1225 epis-

1318 1249 1414 1278 copo,
1440 1240 1473 1270 S.
1495 1240 1533 1270 de
1557 1240 1715 1277 Segrave,
1733 1239 1922 1278 justiciario
1942 1239 2078 1277 Anglie,
2101 1240 2225 1270 Briano
2246 1240 2284 1270 de

1318 1293 1443 1328 Insula,
1474 1292 1610 1323 Riualdi
1635 1292 1714 1328 filio,
1744 1293 1785 1322 N.
1813 1292 1966 1323 Johanne
1997 1293 2035 1323 dc
2063 1293 2154 1328 Grai,
2183 1294 2217 1323 Ρ.
2247 1293 2285 1323 de

1317 1345 1464 1381 Orivalt,
1498 1346 1640 1376 Ricardo
1678 1346 1717 1375 de
1747 1346 1846 1381 Grai,
1880 1346 2058 1375 Amaurico
2096 1346 2134 1375 de
2166 1346 2286 1375 Sancto

1317 1399 1485 1434 Amando,
1512 1398 1745 1428 Bartholomeo
1769 1398 1888 1434 Poche,
1915 1398 2061 1429 Galterio
2083 1398 2121 1428 de
2144 1398 2230 1429 Cauz
2256 1402 2287 1428 et

1319 1453 1407 1483 aliis.
1418 1454 1538 1482 Datum
1546 1461 1745 1490 permanum
1756 1451 1958 1481 venerabilis
1968 1451 2072 1489 patris
2082 1451 2285 1490 Raymundi,

1317 1505 1539 1536 Cicestrensis
1558 1504 1716 1543 episcopi,
1737 1503 1928 1534 cancellarii
1947 1504 2067 1539 nostri,
2087 1504 2173 1542 apud
2188 1504 2286 1534 Win-

1319 1558 1517 1593 cherumbe,
1548 1558 1632 1587 XIII
1663 1557 1715 1587 die
1750 1557 1901 1595 augusti,
1938 1566 2025 1587 anno
2057 1557 2151 1595 regni
2181 1557 2287 1587 nostri

1319 1612 1458 1650 septimo
1476 1611 1614 1641 decimo.
1634 1623 1647 1637 n

1843 1650 1986 1685 Reading,
2002 1651 2029 1676 ll
2049 1651 2120 1677 avril
2138 1651 2215 1677 1219.

1322 1726 1335 1741 «
1354 1713 1531 1744 Universis
1542 1713 1669 1744 Christi
1685 1712 1838 1742 fidelibus
1855 1712 1896 1742 ad
1912 1721 1994 1751 quos
2008 1712 2118 1742 littere
2134 1712 2197 1742 iste
2214 1721 2289 1750 per-

1319 1767 1484 1798 venerint.
1502 1766 1697 1801 Pandulfus,
1714 1766 1775 1796 Dei
1789 1765 1895 1804 gratia
1909 1766 2138 1796 Norwicensis
2152 1765 2288 1801 electus,

1321 1821 1447 1851 domini
1471 1829 1552 1858 pape
1576 1819 1796 1853 camerarius,
1823 1818 2001 1857 apostolice
2024 1819 2118 1849 Sedis
2142 1819 2287 1857 legatus,

1321 1874 1461 1905 salutem
1481 1874 1515 1902 in
1532 1872 1685 1903 Domino.
1703 1872 1840 1902 Noverit
1857 1872 2060 1902 universitas
2078 1876 2187 1902 vestra
2204 1872 2291 1911 quod

1322 1937 1393 1961 nos,
1421 1927 1631 1957 considerata
1654 1925 1828 1955 honestate
1852 1930 1883 1955 et
1906 1925 2068 1963 religione
2092 1949 2124 1961 ..,
2148 1925 2288 1961 abbatis,

1322 1980 1517 2010 monasterii
1535 1979 1649 2010 Sancti
1667 1978 1802 2008 Martini
1815 1978 1853 2008 de
1868 1979 1979 2008 Monte
1990 1978 2144 2014 Viterbii,
2162 1978 2290 2008 ordinis

1324 2033 1572 2067 Cistertiensis,
1597 2036 1628 2062 et
1652 2032 1794 2061 fratrum
1816 2031 1939 2061 ibidem
1964 2032 2032 2061 Deo
2055 2031 2294 2068 servientium,

1323 2087 1535 2117 medietatem
1558 2085 1697 2115 ecclesie
1715 2085 1754 2114 de
1774 2084 1952 2119 Holcham,
1970 2085 2198 2114 Norwicensis
2221 2085 2292 2114 dio-

1324 2140 1421 2175 cesis,
1435 2148 1510 2169 cum
1522 2137 1734 2177 pertinentiis
1751 2137 1832 2172 suis,
1849 2137 1883 2166 in
1897 2147 1960 2175 qua
1974 2137 2150 2167 medietate
2167 2138 2292 2167 dictum

1324 2192 1565 2223 monasterium
1585 2191 1639 2230 jus
1665 2190 1792 2220 othnet
1811 2194 2023 2228 patronatus,
2052 2199 2089 2220 ex
2114 2190 2292 2221 donatione

1325 2246 1450 2276 domini
1470 2244 1623 2279 Hem-ici,
1642 2244 1730 2282 regis
1746 2243 1867 2281 Anglie
1884 2243 2045 2279 illustris,
2066 2244 2292 2274 concessimus

1325 2304 1356 2330 et
1384 2299 1596 2333 donavimus,
1621 2297 1659 2327 de
1681 2305 1845 2326 consensu
1867 2296 2004 2334 capituli
2024 2296 2145 2331 nostri,
2166 2297 2294 2335 prefato

1326 2351 1528 2382 monasterio
1566 2351 1601 2380 in
1635 2359 1752 2389 puram
1789 2353 1820 2379 et
1853 2353 2045 2388 perpetuam
2078 2349 2294 2380 elemosinam

1326 2405 1512 2436 habendam
1529 2408 1559 2435 et
1571 2404 1747 2434 tenendam
1759 2407 1916 2442 perpetuo
1930 2403 1964 2432 in
1981 2403 2234 2442 propriosusus,
2254 2403 2295 2434 ad

1326 2462 1554 2497 paupertatem
1576 2457 1683 2495 ipsius
1704 2456 1900 2486 monasterii
1922 2456 2176 2492 sublevandam,
2203 2457 2294 2487 salva

1326 2511 1451 2542 vicaria
1474 2520 1571 2550 quam
1597 2509 1775 2539 taxivimus
1797 2509 1860 2548 (sic)
1880 2509 1914 2538 in
1930 2509 2144 2548 proventibus
2165 2514 2293 2540 tantum

1327 2565 1439 2595 decem
1455 2572 1653 2599 marcarum,
1669 2562 1781 2602 inqua
1798 2562 1922 2592 vicaria
1939 2562 2095 2597 vicarius,
2112 2563 2294 2593 secundum

1325 2616 1600 2648 consuetudinem
1621 2615 1696 2652 loci,
1723 2624 1760 2645 ex
1778 2619 1869 2653 parte
1892 2614 1971 2644 dicti
1994 2616 2187 2645 monasterii
2208 2616 2294 2645 Nor-

1325 2670 1465 2700 wicensi
1488 2669 1640 2707 episcopo
1661 2672 1888 2707 presentatus,
1910 2677 1983 2697 cum
2006 2668 2171 2697 admissus
2193 2669 2294 2698 siuaerit

1327 2723 1366 2753 ab
1392 2723 1516 2758 eodem,
1544 2722 1708 2752 deserviet
1731 2730 1860 2759 semper
1885 2721 1918 2749 in
1941 2721 2073 2758 propria
2091 2730 2241 2758 persona,
2263 2726 2293 2752 et

1327 2775 1501 2815 synodalia
1515 2780 1546 2805 et
1559 2775 1623 2804 alia
1637 2775 1747 2804 omnia
1762 2774 1919 2803 canonica
1933 2783 2031 2803 onera
2048 2783 2105 2811 pro
2118 2774 2293 2804 medietate

1326 2829 1432 2867 ipsius
1450 2827 1588 2857 ecclesie
1603 2827 1794 2856 sustinebit.
1817 2828 1853 2856 Iu
1873 2827 1966 2864 cujus
1985 2826 2028 2855 rofi
2049 2826 2290 2861 testimouium,

1328 2882 1386 2911 lius
1413 2881 1542 2911 litteras
1569 2880 1639 2909 [ieri
1667 2880 1805 2909 fecimus
1829 2883 1859 2908 et,
1884 2879 1992 2913 sigillo
2021 2883 2131 2907 nostro
2155 2880 2291 2908 muniri.
