2498 3325
1004 205 1010 209 ·
1026 194 1256 233 DEUXIEME
1279 194 1438 232 ANNEE.
2227 205 2283 235 477

189 268 251 296 bus.
284 268 554 306 Supplicantibus
581 268 659 298 olim
683 268 779 298 nobis
804 286 852 297 —-.
878 270 949 298 Dat.
974 269 1136 306 Anagnie,
1162 269 1195 298 ΙΙ

188 329 292 350 nonas
308 321 461 356 octobris,
483 330 570 351 anno
589 322 742 351 secundo.
765 335 777 348 »

261 493 279 519 Ι
290 493 379 521 544

222 555 450 590 Archiepiscopo
474 555 669 585 Messanensi,
696 564 781 589 quem
811 564 860 590 pro
886 557 1002 589 negotio
1027 557 1194 591 supradicto

185 603 320 635 destinat,
340 604 448 630 litteras
460 604 639 638 supradictas
657 605 795 637 (1543)
813 605 974 634 notificans,
991 616 1003 628 a
1022 605 1193 640 prorogandi

185 652 279 678 adhuc
306 652 472 686 hujusmodi
498 653 653 678 terminum
674 654 758 687 juxta
783 653 988 687 praescriptam
1014 653 1144 683 formam,
1169 654 1193 680 si

676 493 800 527 Anagni,
823 494 852 520 10
869 494 1024 519 novembre
1045 494 1121 521 1256.

185 701 321 734 expedire
339 701 457 733 videris,
473 710 564 735 usque
580 701 613 726 ad
631 704 689 727 tres
703 709 819 727 menses
835 701 905 727 alios
920 701 1142 736 subsequentes,
1157 703 1194 728 li-

187 749 283 775 beram
302 749 336 775 ile
354 750 545 784 predictorum
565 750 681 776 fratrum
699 750 820 776 consilio
836 750 966 776 concedit
983 754 1164 785 potestatem.
1179 761 1190 775 n

188 797 267 829 (Res.
285 798 333 831 94,
356 799 375 825 s.
396 798 471 829 207¹,
489 807 553 824 ann.
572 798 651 832 11‚e.
673 799 741 829 466;
767 798 950 832 Roosnnsno,
968 803 987 825 t.
1010 799 1066 830 ΙΙΙ,
1085 808 1112 834 p.
1130 800 1190 833 405,

186 852 216 871 n⁰
232 846 315 877 445².)

226 959 238 973 κ
262 948 494 985 Archiepiscopo
514 948 707 977 Messanensi.
733 947 1004 985 Supplicantibus
1030 948 1109 978 olim
1135 958 1193 978 no-

183 999 235 1029 bis
258 1016 307 1028 —.
332 1000 405 1028 Dat.
430 999 594 1037 Anagnie,
617 1000 684 1029 IIII
708 999 783 1029 idus
809 1000 1009 1035 novembris,
1030 1009 1116 1030 anno
1141 1010 1193 1031 se-

183 1052 302 1082 cundo.
320 1063 332 1078 n

257 1219 374 1247 1545

220 1281 451 1316 Archiepiseopo
471 1281 686 1307 Tarantasiensi
712 1282 851 1315 indulget,
878 1286 908 1307 ut
930 1281 1047 1308 domum
1071 1282 1105 1308 de
1128 1281 1192 1308 Cle-

715 1219 842 1254 Anagni,
857 1219 890 1246 ‘27
905 1219 1024 1245 octobre
1041 1219 1119 1246 1256.

185 1329 271 1361 riaco,
290 1329 383 1363 ipsius
397 1330 533 1360 diocesis,
551 1339 667 1356 mensae
683 1331 857 1366 episcopalis
876 1331 976 1357 usibus
991 1331 1128 1366 deputare
1145 1340 1193 1357 va-

183 1378 247 1404 leat.
264 1378 345 1411 (lim.
362 1378 411 1412 Ἡ,
430 1379 447 1406 f.
464 1379 538 1411 2073
556 1388 622 1405 ann.
640 1379 720 1410 11,c.
739 1380 811 1412 467.)

225 1492 237 1506 «
263 1502 297 1514 ..,
318 1480 542 1518 archiepiscopo
564 1481 806 1510 Taramasiensi.
831 1481 1040 1512 Constitutus
1060 1481 1095 1510 in
1119 1490 1193 1520 pre-

182 1532 291 1562 sentia
314 1537 427 1562 nostra
455 1533 550 1562 nobis
583 1533 757 1563 humiliter
790 1534 1001 1572 supplicasti,
1033 1539 1084 1570 ut,
1117 1543 1192 1564 cum

182 1594 296 1615 mense
314 1590 368 1615 tue
382 1585 682 1624 archiepiscopales
699 1586 848 1616 redditus
867 1591 898 1617 et
914 1592 1092 1625 proventus
1112 1588 1192 1618 adeo

182 1638 248 1668 sint
264 1643 380 1668 tenues
397 1642 427 1668 et
445 1638 557 1674 exiles,
573 1639 659 1677 quod
673 1648 738 1669 non
752 1644 843 1678 potes
860 1648 897 1670 ex
913 1640 993 1675 illis,
1009 1641 1191 1670 secundnm

182 1691 270 1730 quod
296 1691 399 1726 decet,
426 1691 649 1729 pontificalem
672 1692 868 1730 dignitatem
894 1693 1027 1723 comode
1059 1697 1192 1724 susten-

183 1744 256 1778 tari,
275 1743 446 1782 providere
462 1744 497 1773 in
516 1744 577 1773 hac
593 1748 684 1782 parte
701 1745 762 1774 tibi
779 1749 917 1783 paterna
938 1745 1113 1784 diligentia
1134 1755 1192 1776 eu-

180 1805 342 1827 raremus.
371 1797 439 1827 Nos
467 1797 581 1835 igitur,
610 1797 677 1827 tuis
701 1797 1001 1836 supplicationibus
1023 1799 1187 1836 inclinati,

180 1850 382 1880 fraternitati
399 1854 466 1885 tue,
486 1854 522 1880 ut
548 1850 681 1880 domum
702 1851 740 1881 de
757 1851 917 1887 Cleriaco,
936 1852 1063 1882 ordinis
1085 1853 1191 1882 saneti

180 1902 370 1940 Augustini,
388 1907 441 1932 tue
454 1902 607 1938 diocesis,
623 1912 697 1933 cum
711 1904 925 1942 pertinentiis
939 1905 1021 1940 suis,
1036 1905 1075 1935 ad
1088 1909 1188 1941 tuam,

180 1960 215 1985 ut
243 1955 377 1990 asseris,
409 1955 620 1986 collationem
651 1960 872 1994 spectantem,
904 1966 1004 1996 quam
1036 1958 1190 1987 nonnulli

180 2008 450 2047 predecessorum
472 2012 604 2038 tuorum
621 2009 789 2039 interdum
808 2010 848 2039 ad
868 2019 987 2040 manus
1011 2020 1088 2041 suas
1112 2011 1191 2041 reti-

182 2062 296 2091 nuisse
307 2061 473 2095 dicuntur,
484 2061 592 2099 possis
606 2062 751 2100 predicte
764 2072 877 2092 mense
889 2063 1006 2093 usibus
1021 2063 1189 2102 deputare,

181 2114 377 2143 auctoritate
393 2114 598 2152 presentium
614 2115 838 2153 indulgemus,
859 2117 990 2154 proviso
1008 2117 1094 2155 quod
1116 2126 1192 2155 pre-

180 2167 269 2197 dicta
284 2167 400 2197 domus
414 2167 534 2196 debitis
551 2176 588 2197 ac
604 2169 772 2198 consuetis
789 2169 959 2207 obsequiis
978 2178 1043 2199 non
1061 2170 1191 2200 fraude-

184 2224 246 2249 tur.
265 2219 357 2250 Nulli
374 2224 434 2250 etc.
457 2224 568 2249 nostre
590 2221 816 2251 concessionis
841 2225 901 2251 etc.
927 2223 1000 2251 Dat.
1025 2223 1188 2261 Anagnie,

181 2274 225 2303 VI
242 2273 401 2303 kalendas
418 2273 617 2309 novembris,
638 2282 724 2303 anno
741 2274 896 2304 secundo.
917 2287 929 2301 >³

255 2447 273 2473 1
282 2445 369 2473 54ss

217 2507 342 2533 Jolianni
359 2506 393 2532 (le
410 2506 578 2540 Sumen-cot,
596 2507 742 2541 capellano
763 2515 834 2541 suo,
852 2508 998 2544 indulget,
1017 2513 1061 2541 ut,
1080 2514 1192 2545 praeter

182 2555 381 2582 ecclesiastica
395 2555 534 2581 beneficia
546 2556 605 2590 jam
624 2556 748 2587 obtenta,
767 2555 823 2582 duo
837 2557 901 2589 alia,
919 2558 1004 2584 etiam
1019 2558 1042 2584 si
1059 2559 1115 2585 sint
1128 2568 1191 2593 per<

667 2445 793 2480 Anagni,
814 2446 844 2472 10
866 2447 1021 2473 novembre
1041 2448 1118 2476 1256.

182 2608 302 2631 sonatns·
330 2604 371 2629 vel
401 2603 567 2637 dignitates,
599 2605 722 2630 retinere
750 2605 850 2631 valeat.
881 2605 962 2638 (Rau.
991 2606 1039 2640 24,
1070 2607 1088 2634 f.
1114 2608 1190 2640 207v,

181 2663 246 2678 ann.
267 2652 304 2685 II,
322 2661 347 2679 c.
366 2652 438 2684 468.)

224 2767 234 2779 «ι
260 2755 397 2783 ,Iohanni
414 2754 446 2782 ile
464 2755 639 2788 Simrricor,
659 2755 843 2783 sztlttlt‘ocono
861 2761 886 2784 et
903 2758 1060 2793 capellano
1079 2764 1189 2787 nostro.

184 2806 369 2844 Apostolici:
385 2806 479 2835 Saulis
495 2806 684 2843 benignitas
700 2824 747 2835 ——.
767 2808 839 2836 Dat.
860 2808 1021 2845 Anagnie,
1035 2811 1100 2840 IIII
1117 2811 1191 2840 idus

184 2860 383 2894 novembris,
403 2869 489 2888 anno
506 2859 660 2889 scriii‘nlo.
684 2873 694 2885 ι,

1352 269 1369 295 Ι
1378 268 1463 296 547

1313 329 1465 364 Radulpho
1482 330 1516 356 de
1535 330 1647 363 Botion,
1664 332 1780 364 clerieo,
1799 337 1863 359 nato
1879 334 1981 360 nobilis
1994 335 2045 361 viri
2062 336 2176 362 comitis
2192 337 2284 363 Here-

1278 377 1386 403 sordiae.
1402 382 1428 404 et
1444 378 1600 411 Essexiae,
1618 380 1764 415 indulget,
1782 384 1813 408 ut
1824 403 1830 414 ,
1848 386 1960 416 praeter
1976 383 2172 410 ecclesiastica
2193 385 2284 411 bene-

1277 425 1340 452 ficia
1359 428 1412 458 iam
1430 427 1556 460 obtenta,
1574 437 1695 462 quorum
1713 434 1870 464 proventus
1886 439 2026 457 summam
2043 433 2193 467 sexaginta
2209 442 2284 460 mar-

1277 482 1374 500 carum
1392 476 1596 510 sterlingorum
1613 477 1696 503 annis
1712 477 1837 512 singulis
1849 487 1904 506 non
1918 480 2072 513 excedunt,
2087 482 2178 515 possit
2189 481 2283 509 adbuc

1278 524 1393 550 unicum
1418 525 1493 551 aliud
1517 525 1686 552 beneficium
1709 528 1846 562 recipere.
1872 528 1953 561 (Res.
1970 529 2014 563 ⁵24,
2032 530 2050 555 s.
2066 530 2141 561 ‘20st
2159 539 2226 557 ann.
2243 531 2281 562 ΙΙ,

1276 580 1301 598 c.
1322 573 1395 604 469.)

1783 270 1909 305 Anagni‚
1926 271 1941 298 2
1959 272 2114 299 novembre
2135 273 2210 301 1256.

1318 686 1330 700 «
1356 675 1513 712 Radnlplto
1529 676 1562 704 de
1577 677 1705 711 Bohum,
1724 678 1843 713 clerico,
1863 684 1935 708 nato
1953 681 2064 709 nobilis
2080 682 2142 709 ¹viri
2163 682 2284 710 comitis

1275 727 1449 762 Hei-eforclie
1472 733 1497 756 et
1518 729 1657 757 Eoessecm'e
1680 738 1715 758 ac
1732 731 1822 759 totius
1838 732 1945 768 Anqlie
1963 734 2196 762 constabularii.
2217 735 2283 764 Vo-

1276 778 1382 808 lentes
1402 779 1462 808 tibi
1479 784 1592 810 tue—.
1611 782 1684 810 Dat.
1702 783 1864 828 Anzignip,
1877 785 1945 814 IIII
1962 793 2065 815 nonas
2080 786 2281 822 novembris,

1276 840 1363 861 anno
1380 833 1536 862 secundo.
1556 845 1568 860 n

1352 1030 1468 1058 1548

1312 1090 1408 1123 Petro,
1426 1092 1502 1118 dieto
1518 1093 1667 1128 Apalochi,
1686 1094 1892 1130 familiai-isuo,
1909 1098 1966 1130 cui,
1979 1097 2124 1130 devotum,
2141 1100 2284 1127 diutinum

1276 1142 1304 1165 et
1319 1139 1402 1166 fidele
1419 1141 1591 1176 obsequium
1608 1143 1771 1175 attendens,
1789 1154 1801 1166 «
1820 1147 1912 1172 totum
1928 1145 1955 1171 id
1972 1147 2047 1180 quod
2065 1148 2131 1174 olim
2149 1150 2241 1175 tenuit
2255 1153 2285 1176 et

1277 1188 1477 1223 habuitjudex
1500 1189 1607 1217 Paulus
1623 1191 1657 1217 de
1675 1192 1791 1226 Spoleto
1812 1193 1840 1219 in
1861 1193 1961 1220 Castro
1986 1195 2146 1223 Frisinonis
2161 1198 2284 1232 ejusque

1276 1236 1420 1270 districtu,
1435 1250 1445 1262 ι)
1460 1239 1486 1264 in
1503 1239 1644 1266 directum
1661 1240 1777 1267 feudum
1795 1241 1908 1273 locavit,
1923 1243 1979 1269 sub
1994 1252 2089 1271 annuo
2105 1253 2195 1272 censu
2211 1246 2280 1273 dua-

1277 1294 1339 1312 rum
1366 1286 1501 1313 librarum
1529 1295 1613 1314 cerae
1639 1297 1731 1323 usque
1760 1289 1793 1316 ad
1819 1291 2008 1325 quadraginta
2032 1301 2123 1320 annos
2147 1293 2284 1321 Gamerae

1275 1335 1452 1369 apostolieae
1463 1337 1524 1370 jam
1540 1337 1710 1368 solutarum,
1728 1339 1927 1366 investituram
1941 1344 1968 1367 et
1981 1342 2205 1376 assignationem
2218 1351 2285 1378 pos-

1277 1383 1419 1410 sessionis
1436 1385 1602 1417 confirmat,
1628 1394 1643 1412 a
1667 1386 1755 1412 nobili
1772 1387 1833 1413 viro
1848 1387 2002 1415 Thomasio
2018 1389 2120 1416 ballivo
2136 1390 2239 1418 Curiae
2255 1393 2284 1419 in

1275 1436 1370 1459 castro
1388 1433 1534 1468 praedicto
1550 1434 1651 1462 factas.
1671 1435 1752 1467 (Rea.
1770 1436 1815 1470 24,
1832 1437 1852 1463 f.
1869 1437 1945 1469 ‘2073
1966 1446 2033 1465 ann.
2050 1439 2087 1471 ΙΙ,
2105 1448 2131 1467 c.
2149 1441 2222 1475 470.)

1762 1032 1889 1067 Anagni,
1909 1034 1940 1061 13
1963 1035 2117 1062 novembre
2135 1036 2213 1064 1256.

1317 1546 1329 1560 <‹
1355 1535 1452 1570 Petro,
1472 1537 1550 1565 dicto
1567 1537 1723 1574 Apatochi,
1747 1539 1905 1574 familiari
1927 1546 2040 1570 nostro.
2065 1542 2166 1573 Sedes
2187 1552 2283 1582 apos-

1275 1586 1373 1616 tolica
1387 1587 1496 1625 pia—.
1512 1589 1585 1618 Dat.
1603 1589 1767 1628 Anagnie,
1784 1590 1895 1622 idibus
1910 1594 2111 1630 novembris,
2130 1604 2216 1625 anno
2235 1605 2283 1627 se-

1274 1639 1392 1669 cundo.
1412 1651 1425 1666 »

1348 1838 1367 1865 1
1375 1838 1462 1866 549

1309 1897 1456 1933 Egidium,
1482 1900 1606 1935 priorem
1629 1901 1663 1927 de
1689 1901 1890 1937 Hondrevilla,
1913 1905 1941 1931 in
1967 1906 2145 1940 capellanum
2171 1908 2281 1943 recipit.

1277 1946 1358 1980 (Rm.
1376 1948 1421 1979 ³24,
1438 1948 1455 1975 f.
1472 1948 1533 1980 208,
1551 1958 1617 1977 ann.
1635 1949 1678 1984 11,
1695 1959 1721 1977 c.
1739 1950 1814 1985 472.)

1765 1841 1892 1876 Anagni,
1911 1842 1942 1869 ‘27
1960 1844 2114 1870 novembre
2132 1845 2210 1873 1256.

1316 2060 1329 2074 α
1353 2049 1462 2086 Eyidio
1478 2051 1627 2080 monacho
1642 2054 1824 2082 monasterii
1836 2054 2033 2091 Fidemensis,
2045 2058 2147 2095 priori
2158 2059 2192 2087 de
2205 2060 2283 2089 Hon-

1273 2101 1416 2137 ‹lrevilla‚
1440 2103 1652 2133 Laudanensis
1671 2105 1807 2135 diocesis.
1829 2107 1986 2138 Volentes
2008 2113 2098 2139 tuam
2120 2111 2283 2143 honorare

1274 2163 1460 2191 personam,
1477 2165 1575 2194 quam
1588 2161 1642 2187 tue
1654 2158 1773 2188 merita
1786 2159 1961 2197 probitatis
1975 2162 2088 2194 favore
2102 2165 2283 2202 apostolico

1274 2206 1408 2244 dignam
1426 2208 1578 2244 reddunt,
1599 2213 1627 2240 te
1647 2211 1842 2243 auctoritate
1859 2215 2065 2252 presentium
2081 2216 2114 2246 in
2132 2222 2284 2249 nostrum

1273 2260 1460 2297 recepimus
1474 2262 1693 2300 capellanum,
1705 2263 1765 2294 has
1782 2265 1843 2295 tibi
1859 2265 1988 2298 litteras
2004 2268 2040 2298 in
2054 2270 2284 2302 testimonium

1274 2313 1501 2344 concedentes.
1537 2315 1611 2345 Dat.
1635 2316 1804 2355 Auagnie,
1835 2319 1864 2349 V
1897 2319 2056 2352 kalendas
2086 2322 2282 2360 decembris,

1274 2374 1360 2395 anno
1378 2367 1533 2397 secundo.
1555 2380 1568 2394 »

1347 2565 1366 2591 1
1374 2565 1462 2593 550

1309 2624 1380 2651 Cum
1408 2625 1557 2653 Rostanno
1579 2627 1711 2656 Columbi
1734 2634 1761 2657 et
1786 2630 1972 2667 Benesactae,
1999 2636 2112 2662 civibus
2132 2636 2281 2674 Burdoga-

1274 2674 1414 2703 lensibus,
1433 2675 1583 2710 dispensat
1599 2678 1674 2711 qnod
1693 2679 1726 2705 ad
1751 2681 1962 2708 matrimonium
1980 2693 2030 2717 per
2047 2686 2131 2711 verba
2146 2687 2181 2713 de
2198 2697 2280 2722 prae-

1785 2570 1911 2605 Anagni,
1930 2571 1944 2598 4
1961 2574 2115 2600 novembre
2134 2575 2208 2603 1256.

1274 2724 1351 2748 senti
1379 2723 1452 2749 inter
1483 2734 1533 2750 eos
1562 2732 1741 2754 contractum
1768 2731 1937 2763 procedamt,
1967 2741 2020 2758 nnn
2047 2734 2178 2761 obstante
2204 2738 2280 2771 quod

1276 2771 1443 2798 l'toslnnnns
1466 2781 1531 2799 cnm
1555 2776 1698 2808 quondam
1726 2777 1869 2812 l'eyrona,
1897 2785 1959 2806 nata
1981 2781 2124 2809 Guillelmi
2151 2785 2281 2814 Arnaudi

1276 2820 1433 2855 Moimrlivr,
1466 2832 1538 2856 quae
1572 2823 1741 2852 lis-nesactat·
1771 2833 1872 2861 quarto
1900 2832 2161 2863 consanguinitatis
2190 2835 2280 2869 gradu

1275 2870 1450 2904 contigerat,
1479 2880 1528 2905 per
1558 2874 1642 2899 verba
1669 2879 1850 2902 contraxerat
1876 2877 1909 2902 [le
1936 2880 2087 2911 praesenti,
2116 2891 2278 2918 quanquam
