2498 3325
1024 205 1255 244 DEUXIEME
1276 204 1434 242 ANNEE.
2227 215 2284 245 437

182 278 286 317 liquis
303 279 369 308 tuis
388 278 627 308 coelectoribus
642 278 846 317 precipimus
865 279 1014 308 nuntiari
1031 289 1037 307 ι
1056 279 1143 318 quod
1163 278 1191 308 si

183 339 250 361 non
276 331 414 366 feceris,
439 340 475 361 eo
503 331 574 369 ipso
602 336 634 361 te
660 331 793 361 noveris
820 331 939 370 laqueo
966 330 1191 362 excommuni-

181 383 324 413 cationis
344 384 526 413 astrictum.
547 384 619 413 Dat.
639 383 807 422 Anagnie,
824 385 853 414 V
867 383 1027 414 kalendas
1045 384 1189 422 augusti,

183 444 271 466 anno
287 436 442 466 secundo.
463 448 476 462 »

218 554 250 580 In
265 563 291 581 e.
309 563 346 581 m.
365 576 384 582 ..
401 555 621 590 archiepiscopo
634 555 817 582 Treverensi.

217 602 250 629 In
267 612 293 630 e.
311 611 349 630 m.
369 623 386 629 ..
404 603 624 639 archiepiscopo
640 603 816 630 Coloniensi.

256 779 373 807 ¹435
730 779 856 813 Anagni,
876 779 914 803 ‘le‘
927 779 1022 813 juillet
1039 779 1117 806 1256.

217 840 332 866 Inhibet
349 843 380 866 ut
396 840 492 867 nullus
507 840 536 867 in
553 840 696 872 abbatem,
710 840 835 875 priorem
848 840 891 866 vel
907 841 1065 874 praelatum
1078 840 1190 867 Camal-

181 889 331 916 dulensem
347 893 522 921 assumatur,
540 890 589 924 qui
603 889 637 915 de
654 890 717 924 ipso
731 889 831 915 ordine
845 897 900 916 non
918 890 1034 916 existat.
1047 889 1131 922 (Rae.
1143 890 1188 917 24.

181 939 200 965 f.
221 938 281 969 186,
299 946 365 965 ann.
383 938 421 971 11,
438 946 464 964 c.
482 938 555 970 354.)

223 1052 236 1066 ιι
255 1063 290 1075 ,.,
306 1041 409 1078 priori
425 1040 663 1075 Camalclulensi,
684 1045 708 1069 et
725 1041 880 1070 universis
896 1041 1053 1069 abbatibus
1071 1042 1189 1078 priori-

144 1108 147 1110 ·
181 1096 234 1124 bus
250 1099 276 1123 et
289 1094 441 1130 fratribus
457 1094 701 1123 Camatclztlensis
717 1095 847 1123 ordinis.
873 1094 922 1123 Ne
941 1094 1111 1132 contingat
1128 1094 1190 1124 ali-

182 1155 280 1186 quem
299 1147 340 1176 ad
356 1146 497 1185 alicujus
522 1146 802 1176 monasteriorum
823 1155 882 1176 seu
904 1147 1112 1184 prioratuum
1139 1147 1190 1177 vel

180 1200 328 1230 locorum
344 1203 529 1229 vestrorum
546 1199 673 1229 assumi
687 1199 848 1237 regimen,
868 1200 925 1238 qui
944 1200 1045 1229 vestri
1063 1200 1190 1230 nesciat

181 1252 310 1282 ordinis
327 1252 492 1287 instituta,
506 1256 548 1287 et,
563 1261 637 1282 cum
654 1252 770 1282 docere
787 1252 914 1287 debeat,
933 1253 1084 1291 expediat
1103 1253 1191 1291 quod

181 1314 201 1334 a
220 1304 394 1343 discipulis
415 1305 580 1341 doceatur,
602 1309 637 1334 ut
663 1304 776 1334 nullus
802 1305 836 1333 in
858 1305 1025 1340 abbatem,
1046 1306 1190 1343 priorem

181 1357 234 1388 vel
251 1357 415 1395 prelatum
433 1357 467 1386 in
486 1362 595 1387 vestro
618 1361 807 1387 assumatur
825 1357 957 1392 ordine,
980 1358 1038 1396 qui
1061 1358 1099 1388 de
1118 1358 1190 1396 ipso

181 1411 298 1441 ordine
318 1419 384 1440 non
405 1410 524 1440 existat
546 1414 576 1440 et
597 1411 632 1439 in
649 1419 686 1440 eo
703 1410 798 1448 prius
821 1410 988 1441 laudabile
1013 1420 1190 1441 conversa-

180 1468 245 1498 tus,
264 1463 458 1493 auctoritate
474 1463 680 1501 presentium
699 1463 882 1492 districtius
899 1463 1103 1493 inhibemus.
1125 1464 1190 1493 De-

181 1522 355 1547 cet-nentes
384 1517 412 1546 si
438 1525 533 1546 secus
565 1516 753 1554 attemptari
785 1516 973 1553 contigerit,
995 1517 1130 1546 irritum
1159 1520 1191 1546 et

181 1570 292 1600 inane.
315 1569 407 1599 Nulli
429 1574 490 1599 etc.
514 1573 626 1599 nostre
648 1569 863 1599 inhibitionis
887 1574 917 1599 et
940 1570 1189 1600 constitutionis

180 1627 242 1653 etc.
258 1623 329 1652 Dat.
350 1622 515 1660 Anagnie,
535 1621 688 1652 kalendis
702 1621 790 1660 julii,
812 1630 899 1651 anno
918 1622 1074 1652 secundo.
1095 1634 1107 1649 n

256 1807 372 1835 ¹43ss
764 1807 890 1842 Anagni‚
915 1809 943 1833 15
957 1808 1020 1842 juin
1040 1809 1117 1835 1256.

217 1869 261 1895 Ad
279 1870 369 1896 instar
387 1869 523 1903 Pascalis,
542 1869 676 1904 Eugenii,
694 1869 855 1903 Anastasii,
871 1870 1003 1904 Adriani,
1020 1870 1189 1904 Alexandri,

180 1918 351 1949 Clementis,
367 1917 545 1947 Innocentii.
563 1917 696 1952 Gregorii
719 1921 747 1944 et
768 1917 930 1944 Innocentii
954 1917 1024 1949 IIII,
1044 1918 1190 1945 Romano-

181 1975 243 1993 rum
258 1966 435 2001 pontificum,
450 1967 537 2001 priori
551 1965 761 1993 Camaldulensi
779 1966 927 2001 privilegia
943 1970 971 1993 et
988 1968 1191 2002 possessiones

183 2015 351 2042 nominatim
364 2015 526 2041 confirmat.
545 2015 627 2049 (Rae.
645 2015 689 2046 24,
707 2015 727 2041 f.
747 2015 795 2041 186
809 2023 829 2045 v,
847 2024 914 2041 ann.
931 2014 969 2048 ΙΙ,
984 2023 1009 2041 c.
1028 2016 1098 2047 3553
1118 2015 1191 2042 Por-

180 2071 270 2089 ·rfflsr
289 2063 394 2092 16492.)

225 2178 238 2192 (1
254 2188 286 2199 ..,
301 2166 403 2202 priori
415 2165 656 2199 Camaldutensi,
676 2164 797 2202 ejusque
811 2166 972 2201 fratribus,
991 2170 1051 2194 tam
1067 2174 1192 2202 presen-

185 2219 264 2248 tibus
279 2227 371 2255 quam
391 2218 525 2254 suturis,
549 2218 723 2254 regularem
748 2219 843 2246 vitam
865 2219 1008 2254 professis
1033 2219 1065 2246 in
1087 2227 1192 2256 perpe-

185 2277 284 2300 tuum.
303 2270 411 2299 Officii
431 2269 536 2299 nostri
559 2278 618 2299 nos
635 2287 683 2298 —.
704 2270 777 2299 Dat.
798 2270 961 2307 Anagnie,
980 2279 1037 2308 per
1057 2279 1192 2300 manum

182 2324 336 2361 magistri
357 2323 507 2357 Jordani,
531 2322 658 2352 domini
683 2331 764 2360 pape
789 2322 984 2352 subdiaconi
1006 2327 1037 2353 et
1057 2323 1190 2358 notarii,

182 2378 279 2407 XVII
303 2376 462 2406 kalendas
482 2375 575 2415 julii,
603 2375 786 2405 indictione
811 2376 925 2410 XIIII,
950 2376 1192 2406 incarnationis

184 2429 349 2459 dominice
375 2437 461 2458 anno
490 2428 697 2463 M0CC0LV1,
725 2428 937 2466 pontificatus
963 2437 1039 2459 vero
1067 2429 1192 2459 domini

183 2482 363 2513 Alexandri
380 2490 461 2520 pape
479 2482 548 2511 IIII
563 2490 650 2511 anno
667 2481 823 2511 secundo.
846 2494 858 2507 »

261 2668 375 2696 ¹432
742 2667 868 2701 Anagni,
888 2668 918 2694 15
933 2668 1028 2702 juillet
1045 2667 1122 2695 1256.

221 2729 398 2756 Monasterio
419 2728 542 2755 Sanctae
559 2728 666 2754 Mariae
687 2728 914 2760 Xanctonensis,
932 2729 1008 2764 quod
1024 2730 1116 2756 clarae
1132 2738 1196 2756 me-

186 2779 294 2806 moriae
318 2777 487 2810 Gausrhlus,
504 2784 605 2803 comes
624 2776 858 2811 Andegavensis,
875 2779 903 2803 et
917 2777 1018 2812 Agnes
1034 2777 1194 2812 comitissa,

187 2835 260 2854 uxor
276 2828 356 2861 eJus,
374 2835 424 2861 pro
447 2826 579 2861 ipsorum
600 2827 785 2860 peccatorum
810 2824 936 2851 remedio
958 2828 987 2852 et
1009 2834 1059 2860 pro
1076 2834 1196 2852 suorum

184 2878 338 2910 parentum
357 2875 450 2901 salute
467 2874 494 2900 in
513 2873 601 2900 fundo
616 2873 731 2909 proprio
747 2876 961 2906 construentes,
974 2873 1147 2901 dotaverunt
1162 2874 1197 2901 de

1278 278 1360 305 bonis
1376 279 1515 314 propriis,
1534 279 1697 313 specialiter
1717 280 1751 306 de
1774 280 1884 307 decima
1906 282 2034 308 omnium
2056 282 2281 317 extirpationum

1275 335 1348 361 quae
1374 327 1400 352 in
1428 327 1499 353 silva
1523 326 1709 359 Bacatoneis,
1737 328 1852 355 easdem
1883 330 2034 356 confirmat
2059 332 2281 364 concessiones,

1275 375 1440 410 specialiter
1457 375 1596 402 decimam
1613 377 1848 412 extiipationum,
1861 379 1947 413 qu'us
1963 379 1990 405 in
2009 379 2159 414 privilegio
2176 380 2282 406 confir-

1276 424 1410 450 mationis
1426 424 1536 451 Nicolai
1553 434 1642 460 papae
1654 426 1888 460 praedecessoris
1900 428 2006 454 mentio
2020 437 2074 455 non
2089 429 2127 455 fit.
2140 429 2222 463 (Rae.
2235 429 2282 462 24,

1275 473 1295 499 f.
1310 473 1369 504 187,
1386 482 1452 500 ann.
1469 473 1508 505 ΙΙ,
1525 481 1550 500 c.
1567 474 1640 507 356.)

1316 585 1330 600 «
1347 574 1498 603 Abbatisse
1513 580 1538 604 et
1554 578 1719 605 conventui
1735 579 1916 606 monasterii
1930 579 2038 608 Sancte
2050 581 2145 609 Marie
2156 582 2282 610 Xancto-

1274 628 1388 662 nensis,
1415 628 1535 657 ordinis
1557 630 1657 658 sancti
1673 630 1840 665 Benedicti,
1867 631 1906 659 ad
1928 632 2096 661 Romanam
2116 634 2282 662 Ecclesiam

1274 681 1362 709 nullo
1377 680 1475 709 medio
1485 681 1682 718 pertinentis.
1702 682 1771 718 Que
1790 683 1913 713 divinis
1926 683 2008 714 locis
2021 702 2069 713 —.
2083 685 2156 715 Dat.
2175 686 2282 724 Anag-

1274 732 1340 767 nie,
1362 732 1473 762 idibus
1487 732 1574 771 julii,
1593 742 1680 763 anno
1698 735 1853 764 secundo.
1874 747 1887 762 n

1349 917 1463 944 1438
1826 919 1952 954 Anagni,
1969 920 2002 947 26
2017 921 2113 955 juillet
2131 921 2210 948 1256.

1311 977 1527 1005 Sententialiter
1542 983 1656 1014 separat
1672 979 1722 1012 M„
1739 980 1917 1007 comitissam
1935 981 2081 1014 Boloniae,
2100 983 2134 1009 ab
2149 984 2198 1016 A.‚
2215 992 2283 1018 rege

1274 1027 1466 1061 Portugaliae,
1484 1028 1532 1062 qui
1549 1029 1769 1062 dampnabiliter
1786 1033 1931 1064 perpetrat
1950 1031 2124 1058 adulterium
2142 1041 2209 1059 cum
2223 1033 2281 1060 filia

1274 1077 1352 1111 regis
1368 1075 1506 1103 Castellae
1523 1081 1551 1103 et
1566 1077 1639 1104 aliis.
1658 1077 1741 1109 (Rae.
1759 1078 1804 1113 ⁶24,
1821 1079 1839 1105 f.
1859 1080 1932 1112 187v,
1952 1089 2019 1107 ann.
2039 1081 2077 1112 ΙΙ,
2094 1089 2119 1108 c.
2135 1082 2211 1116 357.)

1317 1191 1329 1205 α
1358 1179 1403 1207 Aa
1419 1184 1598 1216 perpetuam
1623 1181 1670 1208 rei
1694 1182 1887 1210 memoriam.
1922 1183 2116 1213 Presidente
2141 1185 2282 1215 rationis

1274 1231 1414 1269 imperio
1430 1231 1465 1260 in
1480 1231 1591 1261 animo
1601 1232 1795 1270 judicantis,
1811 1234 1902 1264 sedet
1915 1235 1950 1263 in
1965 1236 2115 1266 examine
2132 1238 2282 1268 veritatis

1274 1293 1332 1322 pro
1349 1284 1527 1313 tribunalis
1543 1285 1675 1323 justitia
1694 1289 1725 1315 et
1744 1287 1839 1324 quasi
1857 1295 1914 1316 rex
1933 1288 1967 1317 in
1984 1288 2067 1318 solio
2080 1289 2199 1327 judicii
2215 1300 2283 1321 rec-

1275 1337 1391 1371 titudo,
1410 1337 1504 1376 cujus
1524 1337 1650 1367 intuitu
1672 1338 1822 1377 rejicitur
1843 1340 1974 1378 proprie
1991 1341 2170 1372 voluntatis
2193 1344 2282 1373 arbi-

1275 1389 1376 1419 trium
1397 1394 1428 1419 et
1451 1390 1595 1428 acceptio
1618 1399 1851 1428 personarum,
1877 1401 1914 1422 ex
1937 1403 2001 1432 quo
2023 1395 2058 1424 fit
2076 1399 2113 1425 ut
2134 1397 2227 1434 parvi
2251 1402 2283 1427 et

1275 1443 1399 1481 magni,
1417 1452 1578 1481 pauperes
1593 1447 1624 1473 et
1640 1443 1772 1479 divites,
1789 1449 1939 1483 potentes
1957 1452 1987 1477 et
2006 1448 2142 1485 debiles,
2162 1450 2282 1480 absen-

1275 1500 1323 1526 tes
1338 1496 1438 1526 etiam
1455 1500 1678 1534 etpresenteS,
1696 1506 1779 1536 equo
1790 1498 1968 1529 libramine
1978 1500 2181 1539 judicentur.
2195 1504 2282 1534 Sane

1274 1548 1486 1586 significante
1508 1548 1588 1578 olim
1608 1549 1704 1579 nobis
1724 1550 1844 1580 dilecta
1868 1552 1903 1581 in
1924 1552 2057 1584 Christo
2082 1555 2152 1585 filia
2176 1556 2281 1586 nobili

1274 1601 1415 1632 muliere
1441 1602 1498 1637 M„
1529 1602 1700 1632 comitissa
1723 1603 1877 1639 Bolonie,
1908 1606 1994 1644 quod
2021 1607 2215 1639 carissimus
2246 1610 2281 1639 in

1275 1655 1409 1685 Christo
1430 1655 1521 1685 filius
1545 1660 1657 1686 noster
1681 1657 1733 1692 A.‚
1757 1658 1947 1696 Portugalie
1971 1668 2027 1690 rex
2049 1660 2207 1698 illustris,
2232 1664 2283 1693 vir

1275 1716 1368 1742 suus,
1393 1716 1467 1737 cum
1493 1708 1635 1746 quadarn
1656 1708 1722 1739 alia
1742 1710 1993 1741 matrimonium
2013 1713 2051 1742 de
2071 1714 2158 1744 facto
2174 1716 2283 1745 mani-

1273 1760 1358 1790 feste
1377 1763 1598 1795 contraxerat,
1618 1761 1687 1797 cui,
1713 1761 1970 1800 dampnabiliter
1990 1765 2150 1796 adherere
2166 1777 2283 1805 presu-

1274 1821 1385 1847 mens,
1419 1821 1484 1842 non
1511 1813 1727 1844 erubescebat
1755 1819 1945 1853 perpetrare
1975 1818 2176 1849 adulterium
2208 1830 2283 1850 cum

1275 1865 1405 1899 eadem,
1425 1871 1455 1895 et
1472 1874 1571 1903 super
1587 1865 1663 1901 hoc,
1683 1868 1790 1905 quoad
1808 1868 1894 1898 thori
1911 1871 2169 1908 separationem,
2191 1877 2226 1902 ut
2243 1874 2282 1903 ab

1274 1917 1381 1956 ipsius
1397 1918 1486 1956 regis
1502 1918 1654 1949 videlicet
1670 1919 1914 1951 cohabitatione
1932 1922 2126 1960 discederet,
2147 1931 2178 1955 et
2197 1927 2284 1956 acci-

1274 1975 1366 2009 peret
1383 1980 1419 2000 ac
1435 1970 1610 2001 rehaberet
1627 1972 1735 2002 dotem
1752 1982 1857 2003 suam.
1875 1978 2006 2012 petente
2023 1977 2087 2006 sibi
2104 1979 2284 2016 apostolica

1275 2024 1501 2054 sollieitudine
1517 2025 1695 2062 provideri.
1713 2026 1792 2061 Nos,
1806 2027 1846 2056 ad
1857 2027 2052 2057 instantiam
2066 2029 2171 2068 ipsius
2186 2032 2284 2061 comi-

1277 2077 1372 2111 tisse,
1397 2077 1581 2107 venerabili
1608 2078 1704 2107 fratri
1729 2102 1760 2113 ..,
1785 2084 1896 2109 nostro
1918 2080 1992 2118 (sic),
2018 2082 2284 2120 Compostellano

1277 2128 1535 2167 archiepiscopo,
1555 2129 1678 2160 nostris
1695 2130 1846 2161 dedimus
1864 2131 1985 2162 litteris
2002 2134 2036 2162 in
2054 2135 2230 2171 mandatis,
2249 2142 2285 2166 ut

1275 2181 1496 2220 peremptorio
1508 2191 1619 2219 regem
1628 2183 1744 2213 citaret
1756 2185 1908 2220 eundem,
1920 2187 2017 2224 quod,
2030 2193 2117 2217 certo
2130 2190 2282 2225 termino,

1277 2239 1389 2264 nostro
1413 2244 1447 2265 se
1472 2236 1663 2273 conspectui
1684 2242 1901 2274 presentaret,
1920 2239 2069 2270 facturus
2088 2245 2118 2270 et
2134 2248 2285 2281 receptu-

1276 2296 1333 2317 rus
1350 2287 1538 2325 superbiis,
1553 2292 1584 2318 et
1600 2289 1800 2326 generaliter
1814 2299 1913 2329 super
1926 2292 2080 2323 omnibus
2094 2293 2287 2333 hujusmodi

1278 2340 1447 2377 negotium
1464 2341 1736 2379 contingentibus
1757 2343 1843 2381 quod
1864 2344 1942 2373 ordo
1964 2345 2107 2383 exigeret
2132 2347 2283 2378 rationis.

1278 2392 1369 2422 Idem
1386 2402 1462 2422 vero
1479 2393 1760 2432 archiepiscopus,
1774 2396 1921 2425 mandati
1937 2398 2041 2427 nostri
2057 2398 2199 2437 diligens
2216 2409 2286 2430 exe-

1279 2449 1381 2480 cutor,
1400 2445 1525 2475 dictum
1541 2455 1652 2484 regem
1665 2447 1759 2487 Juxta
1777 2452 1923 2479 tenorem
1936 2449 2123 2480 litterarum
2139 2452 2288 2490 ipsarum

1279 2498 1403 2533 citavit,
1427 2499 1548 2535 eidem,
1567 2499 1602 2529 in
1628 2509 1692 2539 quo
1718 2506 1921 2539 compareret
1945 2508 2076 2542 propter
2095 2505 2156 2534 hoc
2177 2515 2288 2536 coram

1280 2551 1387 2586 nobis,
1406 2555 1493 2581 certo
1511 2552 1652 2582 termino
1668 2555 1889 2592 peremptorio
1912 2556 2096 2593 assignato,
2118 2562 2214 2595 prout
2236 2559 2287 2597 ip-

1280 2604 1350 2634 sius
1374 2604 1615 2643 archiepiscopi
1636 2606 1732 2636 nobis
1756 2606 1902 2637 exhibite
1923 2607 2032 2638 littere
2059 2610 2285 2641 continebant.

1322 2670 1334 2683 n
1354 2657 1418 2687 Sed
1433 2666 1491 2695 pro
1512 2658 1625 2688 eodem
1644 2668 1721 2697 rege
1741 2659 1866 2695 nullus,
1885 2660 1920 2690 in
1940 2661 2080 2691 termino
2098 2663 2179 2701 ipso,
2199 2672 2288 2694 com-

1279 2711 1400 2749 paruit,
1426 2720 1625 2750 quamquam
1653 2721 1728 2742 eum
1753 2713 1788 2742 in
1813 2714 1983 2744 audientia
2006 2715 2138 2753 publica
2162 2717 2288 2755 pluries

1280 2763 1376 2793 citari
1407 2764 1585 2794 fecerimus
1617 2769 1649 2795 et
1676 2765 1801 2796 diutius
1834 2771 1906 2804 post
1936 2768 2077 2797 eundem
2107 2770 2288 2800 terminum

1281 2816 1472 2846 duxerimus
1495 2818 1744 2855 expectandum.
1769 2819 1906 2857 Propter
1927 2820 2013 2858 quod
2034 2821 2218 2859 predictum
2235 2832 2287 2854 re-

1281 2879 1364 2908 gem,
1384 2870 1422 2900 de
1441 2871 1582 2900 fratrum
1599 2874 1786 2902 nostrorum
1801 2873 1952 2909 consilio,
1971 2875 2197 2913 reputavimus
2209 2885 2289 2906 con-
