2498 3325
985 243 1215 281 DEUXIEME
1237 243 1397 279 ANNEE.
2187 256 2244 286 369

145 326 292 356 officium
313 322 530 357 admittendo,
552 330 569 351 a
590 330 654 360 quo
675 321 832 359 probrose
853 320 946 350 duris
971 317 1154 348 sanctioni-

143 378 206 408 bus
223 377 442 416 repelluntur.

188 443 201 457 n
220 431 306 460 Sane
320 429 404 459 bone
421 427 579 457 memorie
591 426 752 459 VValtero.
768 425 1015 463 archiepiscopo
1030 424 1154 454 Ebora-

146 483 254 518 censi,
275 483 362 512 viam
385 481 540 510 universe
562 479 672 509 carnis
690 479 860 516 ingresso,
886 487 958 512 vos,
979 477 1104 507 vocatis
1124 481 1156 506 et

115 558 123 563 ,
145 535 358 575 presentibus
381 533 536 563 omnibus
558 532 615 571 qui
639 531 835 566 debuerunt,
854 530 1030 560 voluerunt
1048 534 1078 559 et
1097 538 1154 567 po-

146 593 282 619 tuerunt
298 587 465 618 commode
482 586 657 619 interesse,
681 584 734 614 die
756 584 795 614 ad
814 583 1003 620 eligendum
1019 582 1153 621 prefixa,

146 642 182 671 in
205 641 362 671 dilectum
376 640 483 669 tilium
499 639 697 676 magistrum
714 637 904 672 Sewallum,
919 636 1060 666 electum
1075 635 1155 665 Ebo-

146 703 331 728 racensem,
351 698 427 722 tunc
448 692 609 721 decanum
630 690 736 728 ipsius
758 689 914 724 ecclesie,
941 698 977 719 ac
999 698 1053 718 sex
1073 688 1155 718 alios

148 757 185 778 ex
202 747 312 777 vobis.
334 744 529 784 providendi
545 742 815 782 per‘electionem
832 742 884 772 vel
900 742 1156 780 postulationem

148 800 255 830 eidem
272 798 410 829 ecclesie
428 798 465 827 de
483 801 613 835 pastore
627 795 815 825 contulistis
832 795 1037 824 unanimiter
1052 798 1156 832 potes-

148 856 261 886 tatem,
280 851 511 889 promittentes
531 849 626 878 illum
647 848 795 886 recipere
821 856 918 886 quem
940 847 1042 876 iidem
1061 847 1099 876 de
1123 856 1157 876 se

147 904 232 942 ipsis
249 903 299 933 vel
316 903 354 932 de
375 902 462 933 aliis,
481 902 519 931 de
538 901 645 939 ipsius
663 905 771 930 tamen
789 901 927 930 ecclesie
945 901 1080 937 gremio,
1097 900 1158 929 eli-

149 956 293 994 gendum
310 955 466 984 ducerent
482 953 533 983 vel
547 954 647 984 etiam
663 953 914 991 postulandum,
934 962 1073 991 quorum
1089 962 1156 987 sex,

150 1008 299 1048 ejusdem
327 1007 465 1037 ecclesie
489 1011 577 1036 statu
600 1007 773 1044 ipsiusque
800 1006 997 1035 necessitate
1023 1005 1159 1043 provida

149 1060 416 1091 consideratione
442 1052 815 1097 pensatis,‘p1·edictuin
843 1059 1040 1096 magistrum
1067 1058 1098 1089 S.
1123 1059 1158 1087 in

151 1113 437 1151 archiepiscopum
454 1112 560 1150 ipsius
577 1111 715 1141 ecclesie
732 1111 890 1141 canonice
905 1120 941 1141 ac
955 1111 1162 1141 concorditer

151 1165 374 1205 postularunt.
396 1166 462 1194 Yos
484 1169 610 1199 autem,
634 1164 721 1203 quod
746 1174 803 1202 per
825 1164 900 1193 illos
924 1164 958 1193 in
983 1164 1044 1194 bac
1069 1168 1160 1202 parte

151 1220 276 1249 factum
302 1219 454 1248 extiterat
483 1218 704 1247 communiter
731 1222 939 1256 acceptantes
965 1227 1001 1247 ac
1031 1218 1160 1255 regium

152 1281 252 1311 super
266 1272 329 1302 hoc
344 1272 553 1310 requirentes
571 1280 757 1301 assensum.
779 1271 916 1300 dilectos
933 1271 1019 1300 filios
1035 1270 1160 1308 magis-

150 1329 219 1356 tros
235 1325 434 1356 Joliannem.
454 1325 702 1355 cancellarium.
722 1326 869 1359 Petrum,
888 1324 1160 1354 archidiaconum

151 1378 349 1416 Nortinglie,
370 1379 551 1415 Ihssigeidum
575 1378 612 1407 de
633 1377 770 1415 Slieklig
788 1365 965 1407 canonicos
984 1382 1014 1407 et
1036 1377 1161 1407 Radul-

150 1431 254 1470 phum
283 1432 321 1461 de
350 1431 480 1465 Pavilli,
506 1435 735 1469 procuratores
763 1431 907 1469 predicte
933 1431 1093 1467 ecclesie,
1121 1431 1161 1460 ad

153 1489 300 1514 nostram
317 1484 520 1522 presentiam
543 1484 788 1517 transmisistis,
808 1484 1033 1522 supplicantes
1050 1483 1161 1512 bumi-

150 1537 228 1567 liter
243 1547 301 1576 per
317 1538 449 1567 eosdem
463 1537 514 1567 vel
531 1537 787 1575 postulationem
805 1537 1007 1576 hujusmodi,
1026 1536 1161 1574 dispen-

152 1591 256 1621 sando
275 1600 348 1620 cum
370 1590 516 1628 predicto
537 1590 695 1627 magistro
719 1590 751 1619 S.
771 1599 869 1628 super
885 1590 1049 1620 defectum
1068 1594 1161 1619 nata-

150 1645 234 1674 lium
265 1653 363 1683 quem
396 1644 521 1681 patitur
546 1644 583 1673 sle
611 1643 718 1673 solutu
745 1644 878 1681 genitus
906 1649 936 1674 et
965 1643 1091 1678 soluta,
1123 1644 1161 1673 de

150 1696 358 1734 benignitate
383 1696 556 1725 admittere
579 1695 758 1733 apostolica
781 1704 989 1726 curaremus.
1011 1705 1084 1725 eum
1106 1696 1163 1725 fir-

151 1749 251 1779 miter
267 1749 445 1787 speraretis
463 1752 494 1779 et
511 1749 690 1778 crederetis
706 1749 887 1786 predictam
902 1749 1076 1779 ecclesiam
1093 1758 1163 1778 ma-

147 1803 222 1843 jora
238 1803 419 1841 peripsum
441 1812 536 1840 posse
560 1802 729 1840 suscipere
746 1803 964 1832 incrementa.
986 1803 1053 1832 Nos
1074 1812 1160 1838 vero,

151 1856 386 1895 postulationis
413 1856 561 1895 ejusdem
585 1865 659 1885 cum
683 1856 786 1885 multa
810 1856 985 1894 diligentia
1012 1857 1163 1886 discusso

150 1919 320 1949 processu,
340 1910 471 1939 demum
487 1909 565 1948 qnia
581 1909 802 1947 comperimus
816 1909 1073 1948 postulationem
1089 1919 1163 1940 ean-

152 1963 225 1993 dem
243 1963 347 1992 fuisse
362 1972 380 1991 a
394 1962 486 1991 vobis
504 1962 662 1992 canonice
677 1971 713 1991 ac
728 1963 935 1992 concorditer
951 1963 1162 1999 celebratam,

153 2020 184 2046 et
195 2015 378 2045 laudabilia
390 2015 428 2044 de
445 2015 590 2053 predicto
606 2015 730 2045 decano
747 2024 765 2045 a
781 2015 1035 2054 quampluribus
1051 2016 1164 2054 probis

152 2073 184 2099 et
206 2068 383 2106 fidedignis
407 2068 596 2098 audivimus
618 2068 825 2103 testimonia,
851 2069 1101 2099 considerantes
1127 2079 1164 2099 ex

151 2121 220 2151 hiis
246 2121 333 2160 quod
356 2121 557 2159 premissum
580 2121 710 2159 supplet
734 2122 990 2152 commendabili
1016 2122 1164 2152 bonitate

153 2174 317 2204 defectum
333 2174 532 2212 redii‘nitque
550 2175 730 2204 virtutibus
747 2175 867 2204 vitium
883 2175 1046 2212 geniture,
1066 2175 1165 2213 quod-

152 2236 217 2266 que
234 2227 298 2257 sibi
318 2227 384 2257 vite
403 2227 501 2261 nitor,
522 2236 652 2257 morum
670 2227 829 2258 honestas
852 2232 883 2258 et
907 2228 1058 2258 eminens
1075 2228 1165 2258 litte-

151 2290 264 2310 rarum
287 2280 428 2309 scientia
452 2281 556 2318 magis
584 2285 734 2318 prosunt,
764 2290 863 2319 quam
890 2281 1047 2311 notabilis
1073 2285 1165 2311 ortus

152 2334 249 2368 obsit,
276 2338 305 2363 ct
330 2333 416 2372 quod
437 2334 655 2371 promotionis
678 2334 804 2363 aditum
826 2344 925 2373 quem
947 2335 1166 2372 dampnarant

152 2386 329 2425 dampnata
356 2387 479 2416 natalia
501 2387 599 2424 digne
620 2387 684 2416 sibi
705 2388 823 2417 merita
841 2388 1052 2426 comprobata
1070 2397 1166 2426 para-

151 2445 245 2475 runt,
275 2440 436 2478 prefatam
465 2440 722 2478 postulationem
747 2441 785 2470 de
806 2441 946 2470 fratrum
975 2444 1164 2470 nostrorum

152 2492 293 2523 consilio
311 2493 453 2530 benigne
471 2493 625 2523 duximus
649 2493 905 2530 admittendam,
934 2503 1045 2524 secum
1067 2503 1166 2532 super

151 2545 224 2584 ipso
251 2546 416 2575 defectum
441 2551 601 2585 quantum
631 2547 671 2576 ad
701 2546 762 2577 hoe
784 2548 960 2577 autoritate
986 2547 1166 2585 apostolica

151 2598 413 2629 misericorditer
427 2599 659 2638 dispensantes
677 2604 707 2629 et
724 2600 863 2630 ecclesie
881 2601 1025 2639 predicte
1045 2601 1083 2630 de
1096 2610 1165 2638 spe-

151 2650 229 2680 ciali
249 2651 355 2687 gratia
371 2651 480 2689 ipsum
497 2652 531 2681 in
549 2656 715 2690 pastorem
733 2657 763 2682 et
783 2653 1069 2691 archiepiscopum
1086 2662 1165 2683 con-

151 2704 317 2734 cedentes.
350 2704 494 2743 Ideoque
523 2706 735 2735 universitati
762 2710 871 2736 vestre
900 2716 957 2745 per
985 2706 1165 2744 apostolica

152 2757 275 2795 scripta
302 2758 509 2794 mandamus,
539 2764 703 2797 qnatenus
733 2760 838 2789 eidem
866 2760 968 2790 electo
998 2765 1163 2798 tamqnam

151 2810 237 2848 patri
261 2815 291 2840 et
314 2811 437 2849 pastori
464 2812 654 2841 animarum
678 2817 861 2842 vestrarum
887 2813 1110 2843 obedientiam
1135 2818 1165 2843 et

149 2864 371 2893 reverentiam
390 2864 535 2894 debitam
555 2865 767 2903 impendatis,
787 2867 858 2906 ejus
877 2867 1013 2897 monitis
1026 2870 1056 2896 ct
1071 2876 1163 2896 nian-

148 2916 237 2946 datis
260 2916 451 2947 salubribus
476 2917 650 2949 humiliter
674 2919 888 2950 intendendo.
913 2919 1071 2958 Alioquin
1089 2928 1165 2949 son-

274 2981 498 3007 ALEXANDRE
516 2983 567 3014 IV,
586 2986 604 3008 t.
624 2984 643 3008 l.

1239 316 1377 345 tentiam
1402 326 1501 355 quam
1525 317 1612 348 idem
1638 318 1700 347 rite
1722 322 1781 347 etc.
1808 328 1912 357 usqne
1940 330 1945 347 2
1970 320 2151 350 observari.
2171 323 2246 351 Dat.

1237 369 1404 404 Laterani,
1422 370 1450 399 V
1466 370 1541 400 idus
1558 370 1680 406 martii,
1701 380 1787 400 anno
1805 372 1960 401 secundo.
1982 384 1993 397 υ

1311 554 1427 582 1219

1838 554 1952 588 Lati-an,
1970 556 1984 581 8
2003 565 2079 582 mars
2100 558 2174 584 1Ῠῖιὸ-

1275 616 1380 643 Abbati
1393 617 1421 643 S.
1434 617 1513 643 Justi
1526 617 1673 643 Volterani
1690 618 1813 649 mandat,
1829 618 1966 651 quatinus
1983 620 2143 645 svntentias
2159 621 2247 647 inter-

1238 665 1306 692 dicti
1324 666 1358 691 ab
1375 666 1477 692 abbate
1493 667 1527 692 ‹le
1543 666 1637 697 Turi-i,
1656 666 1795 692 Senensis
1811 667 1947 698 diocesis,
1965 671 2064 693 contra
2081 669 2246 703 episcopos,

1238 715 1357 741 abbates
1373 719 1401 741 et
1422 715 1530 741 clerum
1549 716 1704 745 Senensis,
1722 715 1917 742 Grossetanae
1935 725 1967 742 ac
1984 717 2135 743 Massanae
2151 718 2248 744 ‹liece-

1239 772 1303 789 sum
1330 763 1364 789 dc
1388 763 1522 789 mandato
1545 764 1704 797 apostolico
1727 764 1866 797 prolatas,
1885 764 1968 790 saciat
1985 765 2146 792 observari:
2167 775 2248 799 prae-

1239 811 1308 838 dicti
1323 812 1399 838 enim
1417 812 1546 845 episcopi
1569 815 1596 837 et
1616 812 1711 837 clerus
1734 812 1887 838 noluerunt
1903 814 2090 846 quantitatem
2111 814 2251 846 pecuniae

1240 861 1312 895 ipsis
1334 861 1497 894 impositam
1519 861 1630 886 solvere
1653 861 1743 885 electo
1771 859 1926 887 Yolterano
1953 862 2143 894 personaliter
2166 870 2249 887 acce-

1240 909 1318 935 denti
1345 917 1395 942 pro
1421 909 1539 934 servitio
1567 908 1712 934 Ecclesiae
1738 908 1771 933 ad
1800 917 1919 941 regnum
1944 910 2069 935 Siciliae.
2099 910 2179 937 (lien,
2206 910 2249 940 2³4,

1241 957 1259 983 f.
1281 956 1339 989 ¹53,
1358 965 1423 983 nnn.
1442 956 1479 988 II,
1497 965 1522 984 c.
1543 957 1611 988 181.)

1285 1072 1296 1085 11
1322 1082 1355 1093 ..,
1383 1059 1607 1088 abbatiSancli
1628 1060 1709 1087 Jusu·
1735 1060 1911 1087 Il'ollerani.
1930 1058 2078 1088 Dilectus
2104 1059 2191 1089 tilius

1243 1111 1367 1141 electus
1383 1110 1610 1140 Wolteranns.
1632 1120 1689 1139 sna
1707 1111 1801 1139 nobis
1819 1111 1977 1148 petitione
1994 1111 2133 1141 monuit,
2153 1112 2251 1149 quod,

1243 1173 1317 1194 cum
1335 1173 1409 1198 nos,
1428 1164 1666 1202 compatientes
1684 1164 1713 1193 ei
1736 1173 1834 1201 super
1857 1164 2013 1199 gravibus
2034 1173 2251 1202 expensarum

1243 1218 1401 1248 oneribus
1426 1226 1489 1255 que
1515 1217 1618 1246 subiit
1644 1217 1828 1246 accedendo
1851 1217 2071 1254 personaliter
2097 1226 2169 1246 cum
2197 1218 2253 1246 de-

1243 1271 1330 1301 centi
1348 1271 1502 1300 comitiva
1519 1269 1662 1298 militum
1678 1278 1734 1307 pro
1749 1270 1885 1299 servitio
1899 1269 2044 1299 Ecclesie
2061 1271 2099 1299 ad
2114 1279 2253 1305 reenum

1244 1323 1369 1358 Sicilie,
1387 1323 1655 1352 mandaverimus
1680 1327 1710 1351 et
1734 1322 1981 1351 v·:=nerabili}ms
1999 1323 2159 1352 fratribus
2177 1332 2254 1352 nos·-

1244 1377 1304 1407 tris
1335 1376 1498 1414 episcopis
1528 1380 1558 1405 et
1590 1375 1745 1413 capitulis
1776 1376 1950 1410 Senensis,
1984 1376 2184 1405 Grossctane
2218 1384 2254 1404 ac

1244 1430 1398 1459 Massane
1415 1429 1597 1463 civitatum,
1617 1438 1677 1457 nec
1697 1438 1761 1457 non
1786 1428 1962 1457 abbatibus
1985 1433 2015 1457 et
2040 1438 2153 1457 eornm
2177 1437 2255 1458 con-

1244 1482 1410 1515 ventibus,
1430 1486 1461 1511 et
1477 1481 1564 1510 clero
1581 1481 1771 1510 earumdem
1789 1481 1961 1510 civitatum
1985 1486 2015 1511 ct
2032 1490 2166 1510 suarum
2185 1481 2256 1510 dio—

1245 1543 1357 1564 cesum
1381 1533 1542 1571 exemptis
1564 1537 1594 1561 et
1617 1542 1681 1562 non
1706 1533 1877 1570 exemptis,
1897 1533 1957 1561 snb
1978 1538 2067 1562 certa
2090 1534 2193 1562 forma
2221 1533 2254 1562 in

1245 1591 1334 1617 certa
1351 1595 1479 1616 sumnia
1496 1585 1635 1624 pecunie
1654 1585 1835 1623 provideri,
1859 1586 1974 1615 dantes
1997 1586 2115 1615 dilecto
2134 1586 2202 1615 tilio
2221 1609 2255 1620 ..,

1246 1640 1357 1670 abbati
1380 1640 1417 1669 de
1438 1639 1550 1673 Turri,
1575 1639 1734 1669 Senensis
1754 1639 1906 1673 diocesis,
1932 1639 2055 1668 nostris
2080 1638 2201 1667 litteris
2221 1639 2255 1667 in

1245 1694 1423 1727 mandatis,
1442 1697 1475 1722 ut
1489 1702 1545 1730 per
1562 1702 1595 1721 se
1613 1692 1663 1721 vel
1681 1692 1841 1721 discretos
1856 1692 1985 1730 aliquos
2002 1692 2256 1721 s1'2cundun'isue

1246 1745 1458 1776 discretionis
1484 1745 1659 1774 arbitrium
1687 1745 1861 1783 imponens
1879 1754 1991 1774 eorum
2014 1744 2157 1782 singulis
2181 1754 2256 1782 pro—

1246 1800 1477 1839 portionaliter
1499 1799 1592 1837 juxta
1614 1798 1790 1828 facultates
1812 1798 1959 1836 proprias
1982 1802 2102 1827 certam
2133 1798 2170 1827 de
2194 1798 2257 1827 1111-

1243 1853 1389 1892 jusmodi
1408 1853 1549 1891 pecunia
1565 1852 1796 1890 quantitatem,
1815 1851 1904 1888 ipsos
1923 1851 1961 1879 ad
1983 1851 2175 1879 solvswnlnni
2194 1851 2257 1888 ipsi

1247 1906 1350 1936 electo
1374 1905 1592 1944 quantitatei‘n
1618 1904 1756 1934 eandem
1779 1904 1868 1932 infra
1888 1906 2047 1941 prelixnm
2072 1904 2119 1932 eis
2145 1904 2258 1933 termi—

1248 1968 1338 1994 num,
1350 1958 1533 1988 monitione
1546 1957 1719 1995 premissa.
1731 1966 1788 1994 per
1799 1965 1973 1986 censuram
1985 1956 2256 1990 ecelesiasticam,

1248 2011 1469 2050 appellatione
1486 2010 1678 2048 postposita,
1698 2010 1894 2043 rohai-taret,
1910 2009 1995 2038 idem
2012 2009 2112 2038 abbas
2130 2009 2258 2046 predic—

1248 2066 1291 2095 tis
1310 2065 1475 2103 episcopis
1500 2068 1529 2093 et
1553 2063 1644 2097 aliis,
1669 2063 1855 2092 litterarum
1878 2063 2025 2100 ipsarum
2050 2062 2257 2095 anctoritate,

1248 2118 1430 2153 mandavit,
1449 2121 1484 2146 ut
1503 2117 1691 2154 impositam
1710 2116 1757 2145 eis
1775 2116 1814 2145 ab
1832 2116 1903 2153 ipso
1923 2115 2104 2144 secundnm
2122 2114 2259 2143 manda-

1252 2177 1319 2202 tum
1337 2171 1554 2209 apostolicum
1578 2169 1815 2207 (piantitatem,
1842 2168 1946 2197 eidem
1966 2167 2067 2196 electo
2085 2168 2117 2195 in
2137 2170 2260 2196 statuto

1250 2224 1392 2255 termino
1418 2222 1624 2253 exhiberent.
1650 2221 1712 2251 Sed
1732 2221 1810 2250 dicti
1833 2221 2009 2250 Massanus
2033 2224 2062 2249 et
2085 2220 2259 2249 Grosseta-

1250 2287 1313 2308 nus
1331 2277 1488 2315 episcopi.
1508 2281 1538 2305 et
1555 2274 1709 2313 capitula.
1730 2278 1760 2303 et
1776 2274 1884 2303 clerus
1902 2274 2055 2303 Massam·
2074 2278 2102 2302 et
2121 2274 2260 2302 (ii-osse-

1251 2336 1325 2361 tane
1349 2330 1523 2359 civitatum
1550 2333 1580 2358 ct
1604 2329 1789 2362 ‹liemcsunn
1815 2336 1873 2356 nec
1899 2336 1963 2355 non
1990 2331 2020 2355 et
2044 2326 2178 2363 qnidam
2202 2326 2260 2355 alii

1251 2383 1442 2414 earumdem
1464 2387 1494 2412 et
1511 2381 1688 2411 Vellerane
1713 2390 1749 2410 ac
1770 2380 1929 2410 Senensis
1953 2380 2123 2408 civitatum
2143 2383 2172 2408 et
2190 2379 2260 2407 dio-

1251 2445 1381 2471 cesum,
1410 2439 1597 2465 asserentes
1625 2434 1659 2462 in
1685 2433 1870 2471 quantitate
1896 2432 1976 2470 ipsis
1998 2432 2151 2469 imposita
2175 2430 2260 2460 ultra

1250 2490 1426 2520 facultates
1447 2488 1596 2527 proprios
1617 2496 1651 2517 se
1677 2491 1843 2523 erat-atos,
1865 2490 1895 2515 et
1914 2490 2046 2523 len-optet·
2069 2485 2128 2513 linc
2145 2484 2185 2513 ad
2202 2484 2261 2514 Se-

1251 2544 1324 2573 dem
1363 2541 1576 2580 apostolicam
1615 2539 1838 2578 afflwllantcs,
1880 2538 2099 2577 quantitatem
2136 2538 2261 2575 prelato

1251 2597 1354 2627 electo
1372 2597 1405 2625 in
1426 2595 1539 2625 eodem
1558 2594 1698 2624 termino
1715 2593 1842 2623 solvere
1862 2591 2102 2621 contumaciter
2118 2591 2261 2625 ‹tenega-

1249 2653 1327 2679 runt
1351 2659 1356 2677 :
1381 2652 1513 2686 propter
1538 2647 1625 2685 quod
1644 2647 1751 2676 dictus
1777 2646 1895 2680 abbas,
1924 2643 2179 2682 apl‘iellationem
2200 2642 2261 2671 liu-

1247 2702 1393 2742 jusmodi
1410 2701 1563 2730 frivolam
1579 2704 1747 2738 reputans,
1763 2702 1857 2737 prout
1872 2702 1952 2731 erat,
1969 2706 2041 2725 eum
2057 2696 2168 2731 iidem,
2184 2695 2260 2725 licet

1249 2758 1469 2794 proponerent
1485 2762 1673 2791 gravai‘ncil,
1689 2753 1800 2781 etlicax
1816 2750 2006 2780 nullatenus
2024 2748 2259 2782 ostendissent,

1250 2809 1332 2846 ipsis
1353 2806 1527 2845 episcopis,
1546 2805 1706 2835 canonica
1723 2804 1904 2833 monitimn¹
1929 2802 2109 2840 premissa,
2132 2801 2260 2837 ingres-

1251 2870 1323 2892 sum
1341 2860 1479 2890 ecclesie
1497 2868 1533 2889 ac
1549 2857 1752 2888 sacerdotale
1764 2856 1909 2885 otlicinin
1926 2854 2107 2886 interdixit,
2128 2854 2161 2882 in
2179 2853 2261 2882 alios

1251 2924 1327 2946 vero
1344 2910 1697 2944 excon‘iuinnieationis
1718 2909 1930 2943 sententiam,
1950 2908 2100 2943 exigente
2115 2906 2260 2944 justitia,

2093 2972 2122 2995 47
