2441 3330
967 232 1190 270 PREMIERE
1212 235 1368 272 ANNEE.
1498 220 1501 221 ⁷
2175 250 2210 278 71

191 304 278 334 259

157 365 312 398 Andr-eam,
337 364 468 390 abbatem
495 364 661 390 monasterii
685 372 710 391 s.
732 364 879 391 Michaelis
902 366 936 391 de
958 366 1053 392 Monte
1078 365 1129 392 Ca·

121 421 219 448 veoso,
231 412 445 439 Acherontinae
456 412 592 445 diocesis,
605 412 764 438 confirmat.
778 413 859 443 (Rau.
871 413 915 446 ⁶24,
929 422 954 440 c.
965 414 1026 444 217,
1042 415 1060 440 f.
1073 414 1129 447 ς29.)

705 303 822 339 Naples‚
839 306 867 331 11
887 313 963 331 mars
980 306 1053 332 1255.

163 527 175 541 «
200 515 331 549 Andree,
355 515 455 543 abbaci
477 515 658 543 monasterii
679 515 779 543 sancti
798 515 953 543 Michaelis
976 516 1009 544 de
1033 516 1129 544 Monte

122 568 262 599 Caveoso,
291 567 411 596 ordinis
439 568 540 596 saneti
565 567 735 600 Benedicti,
764 568 966 596 ,tenet-omine
993 568 1127 597 diocesis.

121 620 205 651 Cum
221 630 239 649 a
255 619 350 649 nohis
367 619 489 658 petitur
503 623 564 649 etc.
580 627 686 657 usque
702 629 708 647 :
725 618 889 648 effectum,
905 619 988 649 Cum
1003 619 1126 657 itaque,

122 673 206 703 sicut
224 673 319 703 nobis
336 681 496 710 exponere
513 672 689 706 curavisti,
708 671 910 701 venerahilis
928 672 1030 701 frater
1052 681 1129 701 nos-

121 730 170 756 ter
188 748 220 761 ..,
241 717 476 755 Brundusinus
493 724 772 762 archiepiscopus,
791 724 985 753 auctoritate
1001 723 1129 753 littera-

122 787 195 808 rum
217 778 325 807 felicis
344 777 584 807 recordationis
604 778 630 806 I.
654 786 736 815 pape
758 776 1001 814 predecessoris
1024 777 1129 806 nostri

122 830 187 860 sibi
205 840 304 868 super
325 830 385 859 hoc
409 829 598 868 specialiter
619 829 836 863 directarum,
862 833 891 859 te
916 834 993 859 tunc
1014 839 1129 859 mona-

119 884 219 914 chum
239 883 433 913 monasterii
452 883 558 913 sancti
574 883 706 912 Andree
721 882 760 912 de
776 882 891 912 Insula,
908 883 1126 918 Brundusini,

120 936 247 966 ordinis
270 936 376 965 sancti
397 935 585 967 Benedicti,
605 935 806 965 monasterio
829 935 935 965 sancti
954 936 1128 966 Michaelis

119 988 158 1018 de
175 989 285 1019 Monte
301 989 463 1023 Caveoso,
482 989 630 1027 ejusdem
653 988 795 1023 ordinis,
819 992 896 1017 tunc
917 988 955 1017 de
974 989 1049 1027 jure
1072 998 1128 1018 va-

120 1041 209 1072 canti
228 1041 262 1070 in
284 1041 451 1077 abbatem,
472 1041 611 1079 prefecit
629 1041 663 1069 in
680 1044 846 1079 pastorem
863 1041 990 1079 tibique
1006 1050 1128 1070 munus

120 1094 362 1124 benedictionis
379 1094 509 1123 duxerit
531 1093 799 1131 impendendum,
815 1098 911 1131 prout
929 1094 963 1122 in
981 1093 1129 1132 ejusdem

84 1182 88 1183 ⁷
120 1147 360 1184 archiepiscopi
379 1146 500 1175 litteris
519 1154 617 1184 super
639 1146 699 1175 hoc
718 1146 877 1175 confectis
893 1145 1025 1184 plenius
1046 1146 1129 1175 dici-

120 1204 173 1230 tur
191 1200 365 1234 contineri,
384 1208 443 1229 nos
464 1199 530 1229 tuis
549 1198 847 1237 supplicationibus
862 1198 1027 1233 inclinati,
1043 1199 1129 1237 quod

79 1250 82 1252 ⁷
121 1253 161 1283 ab
175 1253 289 1283 eodem
303 1252 550 1290 archiepiscopo
562 1251 696 1290 provide
710 1252 833 1281 factum
848 1255 896 1281 est
909 1252 944 1280 in
960 1251 1021 1281 hac
1036 1256 1129 1289 parte

120 1309 229 1335 ratum
256 1305 416 1335 hahentes
445 1310 476 1334 et
503 1308 648 1342 gratum,
672 1304 707 1333 id
731 1304 926 1334 auctoritate
949 1304 1129 1342 apostolica,

121 1358 355 1389 confirmamus
376 1361 436 1388 etc.
454 1366 560 1396 usque
581 1357 836 1387 communimus.
858 1356 950 1387 Nulli
974 1361 1034 1387 etc.
1052 1358 1125 1387 Dat.

118 1411 268 1449 Neapoli,
283 1412 312 1441 V
326 1411 401 1440 idus
417 1410 540 1445 martii,
559 1419 645 1440 anno
660 1410 778 1448 primo.
799 1422 811 1436 »

189 1568 281 1596 260

152 1630 314 1657 Conventui
331 1632 498 1658 monasterii
514 1639 538 1658 s.
556 1631 705 1658 Michaelis
720 1631 755 1657 de
769 1630 866 1657 Monte
877 1630 1006 1657 Caveoso
1022 1631 1126 1657 dictam

118 1679 333 1706 translationem
351 1680 512 1711 notificans,
529 1680 644 1706 mandat
658 1683 688 1706 ut
701 1679 835 1706 Andreae
851 1683 994 1714 tamquam
1013 1681 1083 1714 patri
1099 1682 1127 1706 et

120 1729 228 1762 pastori
243 1729 402 1755 animarum
419 1729 610 1756 obedientiam
625 1733 653 1755 et
669 1729 858 1755 reverentiam
874 1728 998 1755 debitam
1014 1729 1127 1763 impen-

117 1775 194 1803 dant.
212 1777 295 1810 (itae.
310 1777 360 1808 ζ24,
377 1785 403 1804 c.
419 1777 496 1808 217¹,
512 1777 531 1803 f.
549 1777 605 1810 29.)

698 1569 816 1604 Naples,
835 1569 863 1595 11
882 1577 958 1595 mars
977 1569 1054 1596 1255.

161 1890 173 1904 α
197 1879 366 1908 Conventui
387 1879 570 1908 monasterii
590 1880 690 1908 sancti
711 1879 867 1908 Michaelis
888 1884 942 1908 etc.
966 1884 1000 1908 ut
1019 1887 1124 1916 supra.

118 1931 200 1961 Cum
214 1931 299 1961 sicut
315 1931 540 1962 intelleximus
556 1949 605 1960 —.
621 1932 694 1961 Dat.
714 1935 750 1961 ut
767 1941 875 1970 supra.
898 1944 910 1958 »

191 2089 273 2118 261

157 2150 287 2185 Capitulo
305 2151 464 2178 Mai-sicano
481 2152 608 2178 notificat
623 2152 823 2178 Innocentium
836 2160 936 2187 papam
950 2151 1000 2183 IV,
1013 2151 1129 2178 Cesario

121 2199 258 2234 episeopo
281 2199 441 2226 Marsicano
457 2201 531 2235 apud
555 2200 657 2227 Sedem
679 2201 864 2235 apostolicam
881 2201 956 2227 viam
978 2201 1129 2227 universae

121 2248 216 2274 carnis
239 2249 382 2281 ingresso,
408 2249 549 2276 volentem
572 2257 723 2276 occurrere
742 2250 879 2283 gravibus
899 2249 1057 2283 dispendiis
1073 2258 1130 2284 que

121 2301 241 2330 possent
260 2297 384 2323 ecclesie
405 2297 565 2324 Marsicane
587 2299 611 2324 si
631 2302 743 2324 vacaret
758 2298 868 2324 diutius
883 2298 1050 2328 imminere,
1067 2299 1130 2332 qui-

121 2344 241 2371 busdam
258 2346 405 2371 canonicis
421 2347 552 2379 ejusdem
573 2346 704 2377 ecclesie,
723 2351 792 2372 tunc
807 2346 881 2381 apud
899 2346 1002 2372 Sedem
1019 2346 1130 2372 consti-

719 2089 836 2124 Naples,
854 2090 868 2115 7
886 2098 962 2116 mars
980 2090 1055 2116 1255.

122 2394 193 2420 tutis
213 2394 331 2420 eandem
354 2394 387 2419 dc
409 2395 499 2427 gratia
523 2395 639 2429 speciali
660 2396 859 2428 concessisse,
877 2399 908 2421 ut
927 2403 982 2421 non
999 2396 1130 2421 obstante

123 2441 241 2467 aliorum
266 2444 526 2469 concanonicorum
553 2451 672 2470 suorum
698 2443 827 2469 absentia
852 2444 907 2478 ipsi
932 2444 1054 2469 ecclesie
1081 2452 1131 2478 per

122 2489 292 2516 electionem
320 2491 361 2516 vel
389 2491 610 2524 postulationem
638 2492 804 2517 canonicam
831 2491 865 2517 de
892 2495 1005 2525 pastore
1027 2492 1130 2517 idoneo

122 2538 324 2572 providerent,
341 2538 444 2565 deinde
463 2539 612 2566 Nicolaum
635 2540 829 2574 praepositum
850 2548 875 2566 s.
890 2539 1032 2565 Joliannis
1048 2539 1131 2565 Cela-

123 2587 222 2613 nensis
235 2587 279 2613 sic
295 2587 321 2613 in
340 2591 481 2621 pastorem
498 2591 526 2613 ct
540 2588 707 2622 episcopum
725 2589 898 2614 unanimiter
913 2588 1034 2614 electum
1053 2596 1132 2622 prae-

121 2634 226 2660 fecisse
244 2646 249 2660 :
267 2635 358 2661 eidem
382 2636 508 2670 capitulo
529 2636 642 2662 mandat
666 2641 696 2663 ut
716 2636 834 2662 Nicolao
854 2640 998 2670 tamquam
1018 2637 1088 2670 patri
1105 2640 1132 2662 et

123 2683 229 2716 pastori
246 2684 404 2709 animarum
424 2684 569 2718 impendat
585 2684 777 2711 obedientiam
798 2689 826 2711 et
847 2685 1033 2711 reverentiam
1050 2684 1132 2711 debi-

123 2734 189 2757 tam.
207 2731 290 2764 (ltm.
308 2732 349 2763 ⁴4,
368 2740 393 2759 c.
411 2733 473 2762 ²218,
491 2733 510 2758 f.
526 2733 577 2763 ‘29;
600 2732 744 2759 l'o'rTnAsr
764 2733 869 2765 15723.)

166 2844 179 2857 α
198 2833 338 2870 Capitulo
351 2833 533 2862 illam-immo.
555 2833 645 2863 Bone
662 2834 819 2863 memorie
835 2834 971 2864 Cesario
990 2851 1037 2862 -.
1058 2835 1130 2864 Dat.

126 2884 276 2922 Neapoli,
292 2885 389 2914 nonis
409 2885 531 2914 martii,
553 2894 639 2915 anno
655 2885 772 2923 primo.
794 2898 805 2911 »

1246 307 1278 333 In
1295 316 1320 334 e.
1338 317 1376 335 m.
1392 309 1467 335 clero
1483 310 1607 336 civitatis
1623 314 1650 337 et
1666 311 1788 338 diocesis
1805 311 2038 340 Marsicanarum.

1248 355 1278 381 In
1302 365 1327 382 e.
1351 366 1387 383 m.
1406 359 1508 392 populo
1531 359 1654 386 civitatis
1669 363 1697 385 ct
1718 360 1842 386 diocesis
1858 360 2079 388 Marsicanarum
2102 371 2208 398 usque:

1211 403 1382 437 impendatis
1394 406 1638 433 honorificentiam
1653 408 1775 434 debitam
1792 412 1819 434 et
1834 409 1963 435 devotam
1980 419 2012 437 ac
2028 411 2119 445 ipsius
2133 412 2212 438 salu-

1211 451 1310 479 bribus
1325 456 1380 480 etc.
1399 461 1490 487 usque
1508 465 1512 480 :
1528 456 1700 482 cumuletur.
1721 456 1783 482 Dat.
1803 460 1832 482 ut
1849 466 1946 491 supra.

1284 617 1369 645 282

1248 677 1369 704 Nunciis
1385 680 1500 713 capituli
1517 679 1730 713 Lugdunensis,
1748 682 1811 714 qui,
1829 681 1862 707 ad
1879 682 2096 709 subventionem
2113 688 2213 718 peten-

1212 726 1274 752 dam
1293 731 1407 760 propter
1422 728 1556 754 fabricam
1579 729 1732 759 ecclesi-te,
1755 730 1786 755 ad
1812 731 1871 755 loca
1895 731 2044 757 interdicto
2065 733 2213 767 supposita

1213 775 1407 808 pervenerint,
1425 776 1557 802 concedit
1580 780 1609 802 ut
1632 778 1718 803 semel
1744 778 1770 803 in
1796 787 1869 804 anno
1894 779 1920 805 in
1940 779 2070 806 ecclesiis
2087 781 2213 808 locorum

1212 822 1376 855 hujusmodi
1394 824 1488 849 divina
1505 824 1594 850 officia
1610 825 1765 851 celebrent.
1785 825 1867 857 (Rae.
1880 826 1923 854 ⁵24.
1941 835 1966 853 c.
1982 828 2043 860 219,
2062 828 2080 854 f.
2092 828 2160 860 QQV.)

1791 621 1905 655 Naples,
1926 622 1956 648 15
1972 631 2047 648 mars
2066 624 2140 650 1255.

1254 935 1266 949 κ
1287 947 1318 957 ..,
1338 924 1448 953 (lucano
1464 930 1488 953 et
1505 927 1639 962 capitulo
1661 927 1920 963 Lugfdunensilms.
1938 927 2129 958 Devotionis
2145 929 2214 958 sin-

1212 977 1330 1005 ceritas
1345 986 1443 1014 quam
1453 977 1492 1006 ad
1505 979 1688 1007 Romanam
1700 979 1880 1008 Ecclesiam
1893 979 2014 1009 hahere
2024 980 2213 1017 noscimini,

1212 1037 1248 1057 ac
1270 1029 1421 1066 impensa
1443 1029 1550 1059 felicis
1571 1031 1810 1060 recordationis
1830 1032 1855 1060 i.
1874 1041 1953 1069 pape
1974 1032 2214 1070 predecessoris

1212 1082 1317 1111 nostri
1334 1085 1363 1110 ‹et
1381 1082 1450 1120 ejus
1467 1082 1566 1111 Curie
1583 1092 1657 1112 cum
1671 1084 1757 1121 apud
1772 1093 1828 1113 vos
1846 1089 1931 1113 esset
1948 1088 2037 1120 crata
2055 1090 2082 1114 et
2101 1086 2215 1116 devota

1212 1134 1368 1172 obsequia
1383 1143 1442 1163 nos
1453 1135 1615 1164 inducunt
1627 1140 1673 1167 ut,
1688 1140 1847 1174 quantum
1859 1146 1932 1165 cum
1944 1138 2011 1166 Deo
2028 1147 2213 1175 possumus,

1211 1187 1304 1215 vohis
1328 1187 1467 1221 gratiam
1491 1188 1664 1217 faciamus.
1683 1188 1765 1218 Cum
1784 1188 1885 1223 initur
1908 1193 1942 1217 ut
1963 1190 2112 1219 asseritis
2128 1191 2215 1220 idem

1211 1239 1423 1277 predecessor
1438 1240 1591 1269 omnihus
1608 1249 1684 1270 vere
1700 1241 1925 1278 penitentibus
1939 1246 1967 1271 et
1983 1243 2144 1272 confessis
2158 1243 2215 1281 qui

1212 1293 1249 1322 ad
1274 1292 1433 1322 fabricam
1451 1292 1588 1322 ecclesie
1611 1298 1715 1322 vestr·—
1737 1303 1833 1331 quam
1854 1303 2005 1332 reparare
2025 1300 2214 1333 sumptuoso

1211 1354 1308 1384 opere
1324 1346 1497 1383 incepistis
1518 1355 1653 1375 manum
1669 1346 1761 1376 vohis
1777 1348 1978 1384 porrexerint
2002 1348 2211 1386 adjutricem,

1211 1408 1315 1428 unum
1331 1408 1455 1428 annum
1472 1402 1502 1429 et
1518 1399 1575 1428 XL
1591 1399 1661 1429 dies
1677 1408 1734 1437 per
1754 1408 1830 1429 suas
1847 1400 1974 1430 litteras
1990 1401 2160 1437 relaxarit,
2178 1405 2214 1431 ut

1210 1460 1268 1489 per
1290 1451 1438 1480 locorum
1461 1451 1675 1481 interdictum
1700 1452 1951 1481 subventionem
1975 1453 2128 1491 impediri
2150 1453 2213 1483 hu-

1206 1505 1352 1543 jusmodi
1374 1513 1438 1534 non
1461 1505 1646 1541 contingat,
1664 1513 1723 1534 nos
1741 1505 1860 1534 vestris
1876 1505 2028 1542 precihus
2044 1506 2211 1541 inclinati,

1210 1557 1302 1586 vohis
1319 1557 1514 1587 auctoritate
1534 1557 1739 1595 presentium
1755 1558 1981 1593 concedimus,
1999 1562 2035 1587 ut
2050 1567 2123 1587 cum
2138 1567 2214 1596 pro-

1209 1613 1378 1639 curatores
1401 1610 1470 1639 sive
1491 1610 1630 1639 nuncios
1647 1609 1818 1647 deputatos
1834 1610 1875 1639 ad
1891 1611 2143 1640 subventionem
2157 1619 2215 1648 pe-

1209 1662 1341 1691 tendam
1360 1662 1509 1692 eamdem
1528 1665 1660 1700 propter
1682 1661 1743 1691 hoc
1762 1671 1837 1692 cum
1860 1662 2016 1700 predictis
2036 1662 2156 1692 litteris
2176 1663 2217 1692 ad

1208 1714 1279 1744 loca
1296 1714 1520 1744 ecclesiastico
1536 1714 1711 1744 interdicto
1730 1715 1898 1753 supposita
1913 1715 2088 1753 contigerit
2100 1724 2216 1753 perve-

1210 1768 1297 1802 nire,
1316 1767 1413 1797 liceat
1429 1767 1477 1797 eis
1495 1767 1598 1797 semel
1613 1767 1649 1796 in
1667 1776 1753 1797 anno
1771 1767 1806 1796 in
1828 1767 1977 1798 ecclesiis
1992 1767 2137 1797 locorum
2153 1767 2216 1797 hu-

1206 1820 1352 1859 jusmodi
1378 1820 1501 1858 apertis
1519 1820 1649 1858 januis,
1668 1820 1960 1850 excommunicatis
1985 1824 2015 1850 et.
2030 1820 2216 1851 interdictis

1210 1873 1370 1908 exclusis,
1388 1873 1502 1902 divina
1524 1873 1631 1902 officia
1649 1873 1816 1902 celebrare
1837 1872 1888 1902 vel
1909 1873 2017 1902 facere
2037 1873 2213 1909 celebrari,

1209 1925 1385 1955 interdicto
1410 1925 1601 1964 hujusmodi
1622 1934 1688 1955 non
1712 1925 1873 1955 obstante.
1901 1925 1994 1955 Nulli
2018 1929 2077 1955 etc.
2105 1928 2216 1955 nostre

1210 1977 1435 2007 concessionis
1457 1981 1518 2007 etc.
1546 1979 1618 2007 Dat.
1647 1977 1805 2016 Neapoli,
1836 1977 1946 2007 idibus
1974 1978 2100 2013 martii,
2129 1986 2216 2008 anno

1210 2039 1328 2069 primo.
1343 2043 1354 2056 >⁷

1283 2202 1370 2229 263

1252 2262 1416 2296 [Mindowi],
1434 2263 1493 2295 regi
1511 2262 1676 2294 Lectoviae,
1693 2263 1727 2288 de
1750 2263 1903 2297 paganicae
1919 2263 2048 2290 cecitatis
2069 2271 2164 2289 errore
2179 2263 2213 2290 ad

1807 2201 1923 2236 Naples,
1940 2202 1955 2228 6
1972 2210 2048 2228 mars
2068 2202 2143 2229 1255.

1213 2311 1286 2336 viam
1304 2314 1375 2336 vitae
1391 2319 1463 2344 quae
1482 2310 1614 2337 Christus
1637 2315 1681 2337 est
1705 2311 1883 2345 baptismatis
1900 2315 1995 2338 renato
2013 2311 2100 2345 unda,
2117 2315 2215 2345 gratu-

1213 2359 1285 2384 latur
1301 2359 1335 2384 de
1347 2367 1398 2384 sua
1413 2359 1477 2384 fidei
1488 2359 1647 2385 catholicae
1661 2359 1837 2393 professione
1849 2360 1932 2393 eique
1944 2359 2072 2393 indulget
2086 2364 2114 2386 ut
2126 2360 2215 2386 filium

1213 2415 1298 2433 suum
1316 2416 1365 2441 per
1386 2407 1503 2433 latinum
1521 2407 1687 2441 episcopum
1704 2416 1788 2441 quem
1805 2407 1945 2433 malluerit
1960 2409 1986 2434 in
2003 2416 2097 2441 regem
2115 2408 2216 2434 Lecto-

1214 2456 1276 2481 viae
1291 2455 1420 2481 coronari
1438 2456 1530 2482 saciat.
1547 2455 1631 2488 (Rea.
1648 2456 1691 2486 24,
1710 2463 1735 2482 c.
1754 2455 1814 2488 ⁸220,
1832 2456 1849 2483 f.
1866 2456 1928 2488 ‘29⁷;
1948 2455 2092 2482 Por-rmsr
2110 2456 2214 2489 15720.)

1257 2569 1268 2582 (ι
1347 2558 1462 2585 illustri
1484 2557 1546 2593 regi
1572 2558 1709 2585 Lectovie.
1735 2556 1903 2587 catholice
1928 2557 2002 2586 [idei
2024 2557 2147 2586 cultum
2164 2574 2213 2585 —.

1215 2610 1287 2638 Dat.
1306 2608 1455 2646 Neapoli,
1474 2610 1505 2638 II
1526 2617 1628 2638 nouas
1646 2609 1766 2643 martii,
1785 2618 1871 2638 anno
1887 2609 2002 2646 primo.
2024 2621 2035 2634 »

1287 2779 1374 2807 2134

1252 2840 1349 2866 Eidem
1372 2844 1462 2866 terras
1484 2841 1563 2873 regui
1591 2839 1725 2869 ltussiae,
1744 2848 1816 2873 quas
1840 2847 1908 2864 suae
1924 2838 2023 2864 ditioni
2039 2839 2212 2872 subjugavit,

1812 2778 1926 2812 anles,
1943 2778 1958 2804 6
1975 2786 2050 2803 murs
2070 2778 2144 2804 1255.

1217 2889 1375 2921 confirmat,
1394 2898 1405 2910 (ι
1423 2887 1497 2921 quod
1517 2891 1543 2913 te
1559 2895 1608 2913 cas
1625 2887 1743 2913 habente
1762 2887 1869 2913 vicinae
1887 2894 2060 2921 paganorum
2076 2889 2103 2911 ct
2118 2885 2215 2912 infide-
