<?xml version="1.0" encoding="UTF-8"?>
<!DOCTYPE html PUBLIC "-//W3C//DTD XHTML 1.0 Transitional//EN"
    "http://www.w3.org/TR/xhtml1/DTD/xhtml1-transitional.dtd">
<html xmlns="http://www.w3.org/1999/xhtml" xml:lang="en" lang="en">
 <head>
  <title>
</title>
<meta http-equiv="Content-Type" content="text/html;charset=utf-8" />
  <meta name='ocr-system' content='tesseract 3.04.00' />
  <meta name='ocr-capabilities' content='ocr_page ocr_carea ocr_par ocr_line ocrx_word'/>
</head>
<body>
  <div class='ocr_page' id='page_1' title='image "./lesregistresdale01cathuoft_0463.png"; bbox 0 0 2498 3325; ppageno 0'>
   <div class='ocr_carea' id='block_1_1' title="bbox 0 2395 10 2513">
    <p class='ocr_par' dir='ltr' id='par_1_1' title="bbox 0 2395 10 2513">
     <span class='ocr_line' id='line_1_1' title="bbox 0 2395 10 2513; textangle 90"><span class='ocrx_word' id='word_1_1' title='bbox 0 2419 10 2513; x_wconf 69' lang='lat' dir='ltr'>-r-w-</span> <span class='ocrx_word' id='word_1_2' title='bbox 0 2395 3 2401; x_wconf 92' lang='lat'><em>-</em></span> 
     </span>
    </p>
   </div>
   <div class='ocr_carea' id='block_1_2' title="bbox 0 2648 11 2922">
    <p class='ocr_par' dir='ltr' id='par_1_2' title="bbox 0 2648 11 2922">
     <span class='ocr_line' id='line_1_2' title="bbox 0 2648 11 2922; textangle 90"><span class='ocrx_word' id='word_1_3' title='bbox 0 2919 5 2922; x_wconf 89' lang='lat'><em>=</em></span> <span class='ocrx_word' id='word_1_4' title='bbox 0 2809 11 2902; x_wconf 47' lang='lat'>.&gt;-,„·-·=</span> <span class='ocrx_word' id='word_1_5' title='bbox 0 2648 10 2800; x_wconf 60' lang='lat' dir='ltr'>v-„ae-mw</span> 
     </span>
    </p>
   </div>
   <div class='ocr_carea' id='block_1_3' title="bbox 147 977 181 2526">
    <p class='ocr_par' dir='ltr' id='par_1_3' title="bbox 147 977 181 2526">
     <span class='ocr_line' id='line_1_3' title="bbox 147 977 181 2526; textangle 90"><span class='ocrx_word' id='word_1_6' title='bbox 147 977 181 2526; x_wconf 41' lang='lat' dir='ltr'>usvuuuuuueveuveuzsussssuus:2¹:⁵³3</span> 
     </span>
    </p>
   </div>
   <div class='ocr_carea' id='block_1_4' title="bbox 162 506 178 729">
    <p class='ocr_par' dir='ltr' id='par_1_4' title="bbox 162 506 178 729">
     <span class='ocr_line' id='line_1_4' title="bbox 162 506 178 729; textangle 90"><span class='ocrx_word' id='word_1_7' title='bbox 163 714 178 729; x_wconf 63' lang='grc' dir='ltr'>Β</span> <span class='ocrx_word' id='word_1_8' title='bbox 162 662 177 677; x_wconf 60' lang='lat' dir='ltr'>S</span> <span class='ocrx_word' id='word_1_9' title='bbox 163 610 178 625; x_wconf 60' lang='grc' dir='ltr'><strong><em>Β</em></strong></span> <span class='ocrx_word' id='word_1_10' title='bbox 163 558 178 573; x_wconf 62' lang='grc'><strong>8</strong></span> <span class='ocrx_word' id='word_1_11' title='bbox 162 506 177 521; x_wconf 61' lang='grc' dir='ltr'>ὅ</span> 
     </span>
    </p>
   </div>
   <div class='ocr_carea' id='block_1_5' title="bbox 161 2563 177 2579">
    <p class='ocr_par' dir='ltr' id='par_1_5' title="bbox 161 2563 177 2579">
     <span class='ocr_line' id='line_1_5' title="bbox 161 2563 177 2579; baseline 0 0"><span class='ocrx_word' id='word_1_12' title='bbox 161 2563 177 2579; x_wconf 70' lang='lat'>2&gt;</span> 
     </span>
    </p>
   </div>
   <div class='ocr_carea' id='block_1_6' title="bbox 162 2616 179 2632">
    <p class='ocr_par' dir='ltr' id='par_1_6' title="bbox 162 2616 179 2632">
     <span class='ocr_line' id='line_1_6' title="bbox 162 2616 179 2632; baseline 0 0"><span class='ocrx_word' id='word_1_13' title='bbox 162 2616 179 2632; x_wconf 72' lang='lat' dir='ltr'><em>D</em></span> 
     </span>
    </p>
   </div>
   <div class='ocr_carea' id='block_1_7' title="bbox 163 2669 180 2684">
    <p class='ocr_par' dir='ltr' id='par_1_7' title="bbox 163 2669 180 2684">
     <span class='ocr_line' id='line_1_7' title="bbox 163 2669 180 2684; baseline 0 0"><span class='ocrx_word' id='word_1_14' title='bbox 163 2669 180 2684; x_wconf 66' lang='lat' dir='ltr'>D</span> 
     </span>
    </p>
   </div>
   <div class='ocr_carea' id='block_1_8' title="bbox 162 2721 179 2736">
    <p class='ocr_par' dir='ltr' id='par_1_8' title="bbox 162 2721 179 2736">
     <span class='ocr_line' id='line_1_8' title="bbox 162 2721 179 2736; baseline 0 0"><span class='ocrx_word' id='word_1_15' title='bbox 162 2721 179 2736; x_wconf 72' lang='lat'>1&gt;</span> 
     </span>
    </p>
   </div>
   <div class='ocr_carea' id='block_1_9' title="bbox 159 2775 177 2791">
    <p class='ocr_par' dir='ltr' id='par_1_9' title="bbox 159 2775 177 2791">
     <span class='ocr_line' id='line_1_9' title="bbox 159 2775 177 2791; baseline 0 0"><span class='ocrx_word' id='word_1_16' title='bbox 159 2775 177 2791; x_wconf 69' lang='lat'>52</span> 
     </span>
    </p>
   </div>
   <div class='ocr_carea' id='block_1_10' title="bbox 163 2828 179 2844">
    <p class='ocr_par' dir='ltr' id='par_1_10' title="bbox 163 2828 179 2844">
     <span class='ocr_line' id='line_1_10' title="bbox 163 2828 179 2844; baseline 0 0"><span class='ocrx_word' id='word_1_17' title='bbox 163 2828 179 2844; x_wconf 71' lang='grc' dir='ltr'>Ι)</span> 
     </span>
    </p>
   </div>
   <div class='ocr_carea' id='block_1_11' title="bbox 162 2881 179 2896">
    <p class='ocr_par' dir='ltr' id='par_1_11' title="bbox 162 2881 179 2896">
     <span class='ocr_line' id='line_1_11' title="bbox 162 2881 179 2896; baseline 0 0"><span class='ocrx_word' id='word_1_18' title='bbox 162 2881 179 2896; x_wconf 72' lang='lat'>1&gt;</span> 
     </span>
    </p>
   </div>
   <div class='ocr_carea' id='block_1_12' title="bbox 1000 207 2257 247">
    <p class='ocr_par' dir='ltr' id='par_1_12' title="bbox 1000 207 2257 247">
     <span class='ocr_line' id='line_1_12' title="bbox 1000 207 2257 247; baseline 0.001 -2"><span class='ocrx_word' id='word_1_19' title='bbox 1000 207 1230 245; x_wconf 81' lang='lat' dir='ltr'>DEUXIEME</span> <span class='ocrx_word' id='word_1_20' title='bbox 1252 208 1412 244; x_wconf 79' lang='lat' dir='ltr'><strong>ANNEE.</strong></span> <span class='ocrx_word' id='word_1_21' title='bbox 2200 217 2257 247; x_wconf 81' lang='lat'>449</span> 
     </span>
    </p>
   </div>
   <div class='ocr_carea' id='block_1_13' title="bbox 160 280 1168 364">
    <p class='ocr_par' dir='ltr' id='par_1_13' title="bbox 160 280 1168 364">
     <span class='ocr_line' id='line_1_13' title="bbox 160 280 1168 319; baseline -0.003 -8"><span class='ocrx_word' id='word_1_22' title='bbox 160 281 241 311; x_wconf 89' lang='lat' dir='ltr'>dicti</span> <span class='ocrx_word' id='word_1_23' title='bbox 257 281 694 319; x_wconf 83' lang='lat' dir='ltr'>instrumentipresentibus</span> <span class='ocrx_word' id='word_1_24' title='bbox 711 281 814 311; x_wconf 83' lang='lat' dir='ltr'>inseri</span> <span class='ocrx_word' id='word_1_25' title='bbox 832 281 1004 316; x_wconf 50' lang='lat' dir='ltr'>facientss,</span> <span class='ocrx_word' id='word_1_26' title='bbox 1018 281 1074 319; x_wconf 81' lang='lat' dir='ltr'>qui</span> <span class='ocrx_word' id='word_1_27' title='bbox 1094 280 1168 310; x_wconf 88' lang='lat' dir='ltr'>talis</span> 
     </span>
     <span class='ocr_line' id='line_1_14' title="bbox 160 338 236 364; baseline -0.013 0"><span class='ocrx_word' id='word_1_28' title='bbox 160 338 211 364; x_wconf 81' lang='lat' dir='ltr'>est</span> <span class='ocrx_word' id='word_1_29' title='bbox 230 344 236 363; x_wconf 80' lang='lat' dir='ltr'><em>z</em></span> 
     </span>
    </p>
   </div>
   <div class='ocr_carea' id='block_1_14' title="bbox 711 379 1096 413">
    <p class='ocr_par' dir='ltr' id='par_1_14' title="bbox 711 379 1096 413">
     <span class='ocr_line' id='line_1_15' title="bbox 711 379 1096 413; baseline 0.003 -8"><span class='ocrx_word' id='word_1_30' title='bbox 711 379 841 411; x_wconf 75' lang='lat' dir='ltr'>Anagni,</span> <span class='ocrx_word' id='word_1_31' title='bbox 864 380 893 405; x_wconf 79' lang='lat'>13</span> <span class='ocrx_word' id='word_1_32' title='bbox 907 380 1002 413; x_wconf 73' lang='lat' dir='ltr'>juillet</span> <span class='ocrx_word' id='word_1_33' title='bbox 1022 379 1096 406; x_wconf 64' lang='lat'>1256.</span> 
     </span>
    </p>
   </div>
   <div class='ocr_carea' id='block_1_15' title="bbox 202 441 1170 839">
    <p class='ocr_par' dir='ltr' id='par_1_15' title="bbox 202 441 1170 839">
     <span class='ocr_line' id='line_1_16' title="bbox 203 441 1167 476; baseline 0.002 -8"><span class='ocrx_word' id='word_1_34' title='bbox 203 453 216 468; x_wconf 87' lang='lat'>«</span> <span class='ocrx_word' id='word_1_35' title='bbox 242 442 279 470; x_wconf 87' lang='lat' dir='ltr'>In</span> <span class='ocrx_word' id='word_1_36' title='bbox 306 442 438 471; x_wconf 85' lang='lat' dir='ltr'>nomine</span> <span class='ocrx_word' id='word_1_37' title='bbox 460 442 593 471; x_wconf 85' lang='lat' dir='ltr'>Domini</span> <span class='ocrx_word' id='word_1_38' title='bbox 623 442 726 470; x_wconf 86' lang='lat' dir='ltr'>nostri</span> <span class='ocrx_word' id='word_1_39' title='bbox 759 441 864 471; x_wconf 64' lang='lat' dir='ltr'>‚Jhcsu</span> <span class='ocrx_word' id='word_1_40' title='bbox 890 442 1027 476; x_wconf 71' lang='lat' dir='ltr'>Clu-isti,</span> <span class='ocrx_word' id='word_1_41' title='bbox 1060 451 1167 471; x_wconf 87' lang='lat' dir='ltr'>amen.</span> 
     </span>
     <span class='ocr_line' id='line_1_17' title="bbox 202 494 1169 532; baseline 0 -9"><span class='ocrx_word' id='word_1_42' title='bbox 202 494 285 524; x_wconf 87' lang='lat' dir='ltr'>Cum</span> <span class='ocrx_word' id='word_1_43' title='bbox 317 494 470 523; x_wconf 89' lang='lat' dir='ltr'>dominus</span> <span class='ocrx_word' id='word_1_44' title='bbox 502 503 585 532; x_wconf 89' lang='lat' dir='ltr'>papa</span> <span class='ocrx_word' id='word_1_45' title='bbox 617 494 786 523; x_wconf 85' lang='lat' dir='ltr'>dominum</span> <span class='ocrx_word' id='word_1_46' title='bbox 826 494 1044 531; x_wconf 66' lang='lat' dir='ltr'>Stephanum,</span> <span class='ocrx_word' id='word_1_47' title='bbox 1081 494 1169 523; x_wconf 89' lang='lat' dir='ltr'>tituli</span> 
     </span>
     <span class='ocr_line' id='line_1_18' title="bbox 203 546 1167 584; baseline -0.002 -7"><span class='ocrx_word' id='word_1_48' title='bbox 203 548 322 577; x_wconf 85' lang='lat' dir='ltr'>Sancte</span> <span class='ocrx_word' id='word_1_49' title='bbox 337 547 442 576; x_wconf 81' lang='lat' dir='ltr'>Mai-ie</span> <span class='ocrx_word' id='word_1_50' title='bbox 460 546 701 576; x_wconf 78' lang='lat' dir='ltr'>Transtiberim</span> <span class='ocrx_word' id='word_1_51' title='bbox 716 546 936 584; x_wconf 72' lang='lat' dir='ltr'>presbiterum</span> <span class='ocrx_word' id='word_1_52' title='bbox 954 546 1167 581; x_wconf 89' lang='lat' dir='ltr'>cardinalem,</span> 
     </span>
     <span class='ocr_line' id='line_1_19' title="bbox 202 599 1167 637; baseline -0.001 -9"><span class='ocrx_word' id='word_1_53' title='bbox 202 599 238 628; x_wconf 86' lang='lat' dir='ltr'>in</span> <span class='ocrx_word' id='word_1_54' title='bbox 258 608 368 633; x_wconf 80' lang='lat' dir='ltr'>causa,</span> <span class='ocrx_word' id='word_1_55' title='bbox 394 608 457 637; x_wconf 84' lang='lat' dir='ltr'>que</span> <span class='ocrx_word' id='word_1_56' title='bbox 473 599 614 629; x_wconf 77' lang='lat' dir='ltr'>vertitur</span> <span class='ocrx_word' id='word_1_57' title='bbox 637 599 724 628; x_wconf 76' lang='lat' dir='ltr'>inter</span> <span class='ocrx_word' id='word_1_58' title='bbox 743 599 967 628; x_wconf 75' lang='lat' dir='ltr'>venerabilem</span> <span class='ocrx_word' id='word_1_59' title='bbox 990 604 1115 637; x_wconf 81' lang='lat' dir='ltr'>patrem</span> <span class='ocrx_word' id='word_1_60' title='bbox 1135 623 1167 634; x_wconf 88' lang='lat'>..,</span> 
     </span>
     <span class='ocr_line' id='line_1_20' title="bbox 202 651 1168 689; baseline 0 -9"><span class='ocrx_word' id='word_1_61' title='bbox 202 651 488 689; x_wconf 82' lang='lat' dir='ltr'>archiepiscopum</span> <span class='ocrx_word' id='word_1_62' title='bbox 505 651 797 688; x_wconf 75' lang='lat' dir='ltr'>Bul-degalcnsem,</span> <span class='ocrx_word' id='word_1_63' title='bbox 817 660 853 680; x_wconf 83' lang='lat' dir='ltr'>cx</span> <span class='ocrx_word' id='word_1_64' title='bbox 871 656 961 688; x_wconf 83' lang='lat' dir='ltr'>parte</span> <span class='ocrx_word' id='word_1_65' title='bbox 975 660 1052 685; x_wconf 86' lang='lat' dir='ltr'>una,</span> <span class='ocrx_word' id='word_1_66' title='bbox 1072 655 1101 681; x_wconf 86' lang='lat' dir='ltr'>et</span> <span class='ocrx_word' id='word_1_67' title='bbox 1116 660 1168 680; x_wconf 89' lang='lat' dir='ltr'>ca-</span> 
     </span>
     <span class='ocr_line' id='line_1_21' title="bbox 203 703 1170 741; baseline 0.002 -10"><span class='ocrx_word' id='word_1_68' title='bbox 203 703 345 741; x_wconf 89' lang='lat' dir='ltr'>pitulum</span> <span class='ocrx_word' id='word_1_69' title='bbox 365 704 459 733; x_wconf 85' lang='lat' dir='ltr'>Beati</span> <span class='ocrx_word' id='word_1_70' title='bbox 478 704 607 733; x_wconf 83' lang='lat' dir='ltr'>Andree</span> <span class='ocrx_word' id='word_1_71' title='bbox 625 703 899 741; x_wconf 73' lang='lat' dir='ltr'>Burdegalenses,</span> <span class='ocrx_word' id='word_1_72' title='bbox 920 713 957 733; x_wconf 81' lang='lat' dir='ltr'>ex</span> <span class='ocrx_word' id='word_1_73' title='bbox 977 703 1089 738; x_wconf 80' lang='lat' dir='ltr'>altera,</span> <span class='ocrx_word' id='word_1_74' title='bbox 1113 704 1170 733; x_wconf 89' lang='lat' dir='ltr'>de·-</span> 
     </span>
     <span class='ocr_line' id='line_1_22' title="bbox 204 756 1170 794; baseline 0.002 -10"><span class='ocrx_word' id='word_1_75' title='bbox 204 756 288 785; x_wconf 83' lang='lat' dir='ltr'>derit</span> <span class='ocrx_word' id='word_1_76' title='bbox 312 756 506 787; x_wconf 74' lang='lat' dir='ltr'>auditorem,</span> <span class='ocrx_word' id='word_1_77' title='bbox 531 766 568 786; x_wconf 74' lang='lat' dir='ltr'>ex</span> <span class='ocrx_word' id='word_1_78' title='bbox 592 761 682 794; x_wconf 86' lang='lat' dir='ltr'>parte</span> <span class='ocrx_word' id='word_1_79' title='bbox 707 757 812 794; x_wconf 82' lang='lat' dir='ltr'>ipsius</span> <span class='ocrx_word' id='word_1_80' title='bbox 836 756 972 794; x_wconf 88' lang='lat' dir='ltr'>capituli</span> <span class='ocrx_word' id='word_1_81' title='bbox 998 765 1107 785; x_wconf 87' lang='lat' dir='ltr'>coram</span> <span class='ocrx_word' id='word_1_82' title='bbox 1133 765 1170 786; x_wconf 84' lang='lat' dir='ltr'>eo</span> 
     </span>
     <span class='ocr_line' id='line_1_23' title="bbox 204 807 873 839; baseline 0.003 -3"><span class='ocrx_word' id='word_1_83' title='bbox 204 807 339 837; x_wconf 87' lang='lat' dir='ltr'>libellus</span> <span class='ocrx_word' id='word_1_84' title='bbox 359 808 487 837; x_wconf 83' lang='lat' dir='ltr'>oblatus</span> <span class='ocrx_word' id='word_1_85' title='bbox 504 809 611 838; x_wconf 77' lang='lat' dir='ltr'>extitit</span> <span class='ocrx_word' id='word_1_86' title='bbox 628 809 661 837; x_wconf 89' lang='lat' dir='ltr'>in</span> <span class='ocrx_word' id='word_1_87' title='bbox 680 808 739 837; x_wconf 89' lang='lat' dir='ltr'>hac</span> <span class='ocrx_word' id='word_1_88' title='bbox 757 809 873 839; x_wconf 82' lang='lat' dir='ltr'>fornia.</span> 
     </span>
    </p>
   </div>
   <div class='ocr_carea' id='block_1_16' title="bbox 199 913 1175 2963">
    <p class='ocr_par' dir='ltr' id='par_1_16' title="bbox 199 913 1175 2963">
     <span class='ocr_line' id='line_1_24' title="bbox 204 913 1170 952; baseline 0 -9"><span class='ocrx_word' id='word_1_89' title='bbox 204 925 218 940; x_wconf 70' lang='lat'>2&gt;</span> <span class='ocrx_word' id='word_1_90' title='bbox 243 913 362 944; x_wconf 89' lang='lat' dir='ltr'>Coram</span> <span class='ocrx_word' id='word_1_91' title='bbox 384 914 489 949; x_wconf 81' lang='lat' dir='ltr'>vobis,</span> <span class='ocrx_word' id='word_1_92' title='bbox 513 914 699 943; x_wconf 75' lang='lat' dir='ltr'>venerande</span> <span class='ocrx_word' id='word_1_93' title='bbox 721 918 823 952; x_wconf 86' lang='lat' dir='ltr'>patre,</span> <span class='ocrx_word' id='word_1_94' title='bbox 849 914 981 943; x_wconf 88' lang='lat' dir='ltr'>domino</span> <span class='ocrx_word' id='word_1_95' title='bbox 1003 913 1170 951; x_wconf 83' lang='lat' dir='ltr'>Stephano</span> 
     </span>
     <span class='ocr_line' id='line_1_25' title="bbox 203 966 1168 1004; baseline 0 -9"><span class='ocrx_word' id='word_1_96' title='bbox 203 966 291 995; x_wconf 90' lang='lat' dir='ltr'>tituli</span> <span class='ocrx_word' id='word_1_97' title='bbox 303 966 421 996; x_wconf 78' lang='lat' dir='ltr'>Sancte</span> <span class='ocrx_word' id='word_1_98' title='bbox 432 966 535 996; x_wconf 62' lang='grc' dir='ltr'><strong>Μαι-10</strong></span> <span class='ocrx_word' id='word_1_99' title='bbox 545 966 785 996; x_wconf 87' lang='lat' dir='ltr'>Transtiberim</span> <span class='ocrx_word' id='word_1_100' title='bbox 798 966 981 1004; x_wconf 71' lang='lat' dir='ltr'>presbitero</span> <span class='ocrx_word' id='word_1_101' title='bbox 994 966 1168 1001; x_wconf 70' lang='lat' dir='ltr'>cardinali,</span> 
     </span>
     <span class='ocr_line' id='line_1_26' title="bbox 204 1019 1170 1057; baseline 0.001 -10"><span class='ocrx_word' id='word_1_102' title='bbox 204 1027 222 1048; x_wconf 88' lang='lat' dir='ltr'>a</span> <span class='ocrx_word' id='word_1_103' title='bbox 239 1028 367 1048; x_wconf 89' lang='lat' dir='ltr'>summo</span> <span class='ocrx_word' id='word_1_104' title='bbox 385 1019 539 1056; x_wconf 85' lang='lat' dir='ltr'>pontifice</span> <span class='ocrx_word' id='word_1_105' title='bbox 559 1019 708 1057; x_wconf 88' lang='lat' dir='ltr'>partibus</span> <span class='ocrx_word' id='word_1_106' title='bbox 731 1019 880 1049; x_wconf 87' lang='lat' dir='ltr'>auditore</span> <span class='ocrx_word' id='word_1_107' title='bbox 900 1028 1066 1054; x_wconf 83' lang='lat' dir='ltr'>concesso,</span> <span class='ocrx_word' id='word_1_108' title='bbox 1095 1028 1170 1057; x_wconf 91' lang='lat' dir='ltr'>pro-</span> 
     </span>
     <span class='ocr_line' id='line_1_27' title="bbox 200 1071 1169 1109; baseline 0.001 -9"><span class='ocrx_word' id='word_1_109' title='bbox 200 1076 327 1109; x_wconf 88' lang='lat' dir='ltr'>ponunt</span> <span class='ocrx_word' id='word_1_110' title='bbox 349 1072 387 1101; x_wconf 83' lang='lat' dir='ltr'>R.</span> <span class='ocrx_word' id='word_1_111' title='bbox 410 1071 472 1101; x_wconf 88' lang='lat' dir='ltr'>deu</span> <span class='ocrx_word' id='word_1_112' title='bbox 489 1071 599 1101; x_wconf 88' lang='lat' dir='ltr'>Trenh</span> <span class='ocrx_word' id='word_1_113' title='bbox 616 1075 647 1101; x_wconf 89' lang='lat' dir='ltr'>et</span> <span class='ocrx_word' id='word_1_114' title='bbox 668 1071 826 1108; x_wconf 80' lang='lat' dir='ltr'>magister</span> <span class='ocrx_word' id='word_1_115' title='bbox 851 1072 968 1101; x_wconf 85' lang='lat' dir='ltr'>Petrus</span> <span class='ocrx_word' id='word_1_116' title='bbox 992 1071 1030 1101; x_wconf 85' lang='lat' dir='ltr'>de</span> <span class='ocrx_word' id='word_1_117' title='bbox 1056 1071 1169 1106; x_wconf 86' lang='lat' dir='ltr'>Podio,</span> 
     </span>
     <span class='ocr_line' id='line_1_28' title="bbox 201 1123 1170 1162; baseline 0.001 -10"><span class='ocrx_word' id='word_1_118' title='bbox 201 1124 334 1153; x_wconf 88' lang='lat' dir='ltr'>nomine</span> <span class='ocrx_word' id='word_1_119' title='bbox 351 1123 488 1162; x_wconf 85' lang='lat' dir='ltr'>capituli</span> <span class='ocrx_word' id='word_1_120' title='bbox 510 1124 648 1154; x_wconf 73' lang='lat' dir='ltr'>ecclesie</span> <span class='ocrx_word' id='word_1_121' title='bbox 673 1124 767 1153; x_wconf 82' lang='lat' dir='ltr'>Beati</span> <span class='ocrx_word' id='word_1_122' title='bbox 788 1124 919 1154; x_wconf 78' lang='lat' dir='ltr'>Andree</span> <span class='ocrx_word' id='word_1_123' title='bbox 943 1124 1170 1162; x_wconf 85' lang='lat' dir='ltr'>Burdegalen—</span> 
     </span>
     <span class='ocr_line' id='line_1_29' title="bbox 204 1177 1171 1216; baseline 0.001 -10"><span class='ocrx_word' id='word_1_124' title='bbox 204 1177 262 1211; x_wconf 90' lang='lat' dir='ltr'>sis,</span> <span class='ocrx_word' id='word_1_125' title='bbox 281 1177 375 1216; x_wconf 85' lang='lat' dir='ltr'>cujus</span> <span class='ocrx_word' id='word_1_126' title='bbox 392 1181 469 1206; x_wconf 86' lang='lat' dir='ltr'>sunt</span> <span class='ocrx_word' id='word_1_127' title='bbox 484 1182 724 1215; x_wconf 79' lang='lat' dir='ltr'>procuratores,</span> <span class='ocrx_word' id='word_1_128' title='bbox 744 1182 859 1207; x_wconf 88' lang='lat' dir='ltr'>contra</span> <span class='ocrx_word' id='word_1_129' title='bbox 876 1177 1072 1215; x_wconf 86' lang='lat' dir='ltr'>magistrum</span> <span class='ocrx_word' id='word_1_130' title='bbox 1090 1178 1171 1207; x_wconf 85' lang='lat' dir='ltr'>Ber-</span> 
     </span>
     <span class='ocr_line' id='line_1_30' title="bbox 204 1229 1171 1267; baseline 0.001 -9"><span class='ocrx_word' id='word_1_131' title='bbox 204 1229 345 1259; x_wconf 84' lang='lat' dir='ltr'>nardum</span> <span class='ocrx_word' id='word_1_132' title='bbox 362 1229 400 1259; x_wconf 84' lang='lat' dir='ltr'>de</span> <span class='ocrx_word' id='word_1_133' title='bbox 420 1230 506 1259; x_wconf 88' lang='lat' dir='ltr'>Pinu</span> <span class='ocrx_word' id='word_1_134' title='bbox 524 1234 554 1259; x_wconf 86' lang='lat' dir='ltr'>et</span> <span class='ocrx_word' id='word_1_135' title='bbox 574 1230 739 1259; x_wconf 80' lang='lat' dir='ltr'>Andrean]</span> <span class='ocrx_word' id='word_1_136' title='bbox 755 1230 793 1259; x_wconf 87' lang='lat' dir='ltr'>de</span> <span class='ocrx_word' id='word_1_137' title='bbox 810 1231 964 1264; x_wconf 83' lang='lat' dir='ltr'>Mercato,</span> <span class='ocrx_word' id='word_1_138' title='bbox 984 1234 1171 1267; x_wconf 87' lang='lat' dir='ltr'>procurato-</span> 
     </span>
     <span class='ocr_line' id='line_1_31' title="bbox 204 1282 1169 1321; baseline 0.001 -10"><span class='ocrx_word' id='word_1_139' title='bbox 204 1291 258 1312; x_wconf 90' lang='lat' dir='ltr'>res</span> <span class='ocrx_word' id='word_1_140' title='bbox 279 1282 482 1312; x_wconf 75' lang='lat' dir='ltr'>venerabilis</span> <span class='ocrx_word' id='word_1_141' title='bbox 510 1283 613 1320; x_wconf 87' lang='lat' dir='ltr'>patris</span> <span class='ocrx_word' id='word_1_142' title='bbox 637 1283 896 1319; x_wconf 76' lang='lat' dir='ltr'>Burdegalensis</span> <span class='ocrx_word' id='word_1_143' title='bbox 917 1283 1169 1321; x_wconf 85' lang='lat' dir='ltr'>archiepiscopi,</span> 
     </span>
     <span class='ocr_line' id='line_1_32' title="bbox 203 1335 1168 1374; baseline 0.001 -10"><span class='ocrx_word' id='word_1_144' title='bbox 203 1335 291 1374; x_wconf 89' lang='lat' dir='ltr'>quod</span> <span class='ocrx_word' id='word_1_145' title='bbox 317 1335 586 1373; x_wconf 75' lang='lat' dir='ltr'>archiepiscopus</span> <span class='ocrx_word' id='word_1_146' title='bbox 613 1359 645 1369; x_wconf 91' lang='lat'>..,</span> <span class='ocrx_word' id='word_1_147' title='bbox 670 1335 867 1371; x_wconf 82' lang='lat' dir='ltr'>Auxitanus,</span> <span class='ocrx_word' id='word_1_148' title='bbox 902 1340 932 1365; x_wconf 91' lang='lat' dir='ltr'>et</span> <span class='ocrx_word' id='word_1_149' title='bbox 957 1335 1080 1373; x_wconf 78' lang='lat' dir='ltr'>college</span> <span class='ocrx_word' id='word_1_150' title='bbox 1106 1336 1168 1371; x_wconf 89' lang='lat' dir='ltr'>sui,</span> 
     </span>
     <span class='ocr_line' id='line_1_33' title="bbox 205 1387 1171 1426; baseline 0 -9"><span class='ocrx_word' id='word_1_151' title='bbox 205 1388 400 1417; x_wconf 81' lang='lat' dir='ltr'>auctoritate</span> <span class='ocrx_word' id='word_1_152' title='bbox 425 1388 616 1426; x_wconf 84' lang='lat' dir='ltr'>apostolica,</span> <span class='ocrx_word' id='word_1_153' title='bbox 638 1388 672 1416; x_wconf 93' lang='lat' dir='ltr'>in</span> <span class='ocrx_word' id='word_1_154' title='bbox 697 1387 840 1425; x_wconf 83' lang='lat' dir='ltr'>capitulo</span> <span class='ocrx_word' id='word_1_155' title='bbox 861 1388 946 1417; x_wconf 87' lang='lat' dir='ltr'>dicte</span> <span class='ocrx_word' id='word_1_156' title='bbox 964 1388 1102 1418; x_wconf 73' lang='lat' dir='ltr'>ecclesie</span> <span class='ocrx_word' id='word_1_157' title='bbox 1119 1388 1171 1417; x_wconf 89' lang='lat' dir='ltr'>in-</span> 
     </span>
     <span class='ocr_line' id='line_1_34' title="bbox 205 1440 1172 1478; baseline 0.001 -9"><span class='ocrx_word' id='word_1_158' title='bbox 205 1440 422 1478; x_wconf 85' lang='lat' dir='ltr'>quisitionem</span> <span class='ocrx_word' id='word_1_159' title='bbox 444 1440 605 1470; x_wconf 79' lang='lat' dir='ltr'>facientes</span> <span class='ocrx_word' id='word_1_160' title='bbox 622 1440 821 1477; x_wconf 79' lang='lat' dir='ltr'>generalem,</span> <span class='ocrx_word' id='word_1_161' title='bbox 846 1440 1006 1470; x_wconf 87' lang='lat' dir='ltr'>habentes</span> <span class='ocrx_word' id='word_1_162' title='bbox 1027 1445 1172 1478; x_wconf 84' lang='lat' dir='ltr'>potesta-</span> 
     </span>
     <span class='ocr_line' id='line_1_35' title="bbox 204 1493 1170 1532; baseline 0 -9"><span class='ocrx_word' id='word_1_163' title='bbox 204 1497 270 1523; x_wconf 90' lang='lat' dir='ltr'>tem</span> <span class='ocrx_word' id='word_1_164' title='bbox 290 1493 478 1531; x_wconf 84' lang='lat' dir='ltr'>corrigendi</span> <span class='ocrx_word' id='word_1_165' title='bbox 500 1497 530 1522; x_wconf 91' lang='lat' dir='ltr'>et</span> <span class='ocrx_word' id='word_1_166' title='bbox 552 1493 766 1528; x_wconf 83' lang='lat' dir='ltr'>reformandi,</span> <span class='ocrx_word' id='word_1_167' title='bbox 786 1494 981 1523; x_wconf 85' lang='lat' dir='ltr'>auctoritate</span> <span class='ocrx_word' id='word_1_168' title='bbox 996 1494 1170 1532; x_wconf 85' lang='lat' dir='ltr'>premissa,</span> 
     </span>
     <span class='ocr_line' id='line_1_36' title="bbox 202 1546 1172 1585; baseline 0.001 -10"><span class='ocrx_word' id='word_1_169' title='bbox 202 1546 376 1576; x_wconf 84' lang='lat' dir='ltr'>nonnullis</span> <span class='ocrx_word' id='word_1_170' title='bbox 400 1556 437 1576; x_wconf 79' lang='lat' dir='ltr'>ex</span> <span class='ocrx_word' id='word_1_171' title='bbox 463 1546 634 1576; x_wconf 87' lang='lat' dir='ltr'>canonicis</span> <span class='ocrx_word' id='word_1_172' title='bbox 660 1546 739 1576; x_wconf 84' lang='lat' dir='ltr'>dicti</span> <span class='ocrx_word' id='word_1_173' title='bbox 763 1546 899 1585; x_wconf 91' lang='lat' dir='ltr'>capituli</span> <span class='ocrx_word' id='word_1_174' title='bbox 925 1550 956 1576; x_wconf 89' lang='lat' dir='ltr'>et</span> <span class='ocrx_word' id='word_1_175' title='bbox 972 1547 1172 1585; x_wconf 86' lang='lat' dir='ltr'>quibusdam</span> 
     </span>
     <span class='ocr_line' id='line_1_37' title="bbox 204 1598 1173 1637; baseline 0.002 -10"><span class='ocrx_word' id='word_1_176' title='bbox 204 1598 335 1628; x_wconf 82' lang='lat' dir='ltr'>clericis</span> <span class='ocrx_word' id='word_1_177' title='bbox 354 1608 456 1637; x_wconf 84' lang='lat' dir='ltr'>penas</span> <span class='ocrx_word' id='word_1_178' title='bbox 473 1599 714 1629; x_wconf 80' lang='lat' dir='ltr'>diversimodas</span> <span class='ocrx_word' id='word_1_179' title='bbox 730 1599 935 1634; x_wconf 76' lang='lat' dir='ltr'>inflixerunt,</span> <span class='ocrx_word' id='word_1_180' title='bbox 952 1604 1043 1629; x_wconf 85' lang='lat' dir='ltr'>tanta</span> <span class='ocrx_word' id='word_1_181' title='bbox 1059 1600 1173 1637; x_wconf 87' lang='lat' dir='ltr'>gravia</span> 
     </span>
     <span class='ocr_line' id='line_1_38' title="bbox 203 1651 1172 1690; baseline 0.002 -10"><span class='ocrx_word' id='word_1_182' title='bbox 203 1655 235 1681; x_wconf 89' lang='lat' dir='ltr'>et</span> <span class='ocrx_word' id='word_1_183' title='bbox 251 1651 475 1689; x_wconf 76' lang='lat' dir='ltr'>importabilia</span> <span class='ocrx_word' id='word_1_184' title='bbox 492 1651 733 1690; x_wconf 82' lang='lat' dir='ltr'>quodammodo</span> <span class='ocrx_word' id='word_1_185' title='bbox 749 1651 914 1687; x_wconf 85' lang='lat' dir='ltr'>faciendo,</span> <span class='ocrx_word' id='word_1_186' title='bbox 935 1651 970 1681; x_wconf 91' lang='lat' dir='ltr'>in</span> <span class='ocrx_word' id='word_1_187' title='bbox 989 1661 1087 1690; x_wconf 80' lang='lat' dir='ltr'>grave</span> <span class='ocrx_word' id='word_1_188' title='bbox 1104 1652 1172 1682; x_wconf 88' lang='lat' dir='ltr'>dis-</span> 
     </span>
     <span class='ocr_line' id='line_1_39' title="bbox 202 1705 1172 1744; baseline 0.001 -10"><span class='ocrx_word' id='word_1_189' title='bbox 202 1705 363 1743; x_wconf 85' lang='lat' dir='ltr'>pendium</span> <span class='ocrx_word' id='word_1_190' title='bbox 387 1705 524 1743; x_wconf 81' lang='lat' dir='ltr'>capituli</span> <span class='ocrx_word' id='word_1_191' title='bbox 553 1705 755 1743; x_wconf 79' lang='lat' dir='ltr'>supradicti,</span> <span class='ocrx_word' id='word_1_192' title='bbox 785 1709 917 1743; x_wconf 89' lang='lat' dir='ltr'>propter</span> <span class='ocrx_word' id='word_1_193' title='bbox 940 1705 1027 1744; x_wconf 82' lang='lat' dir='ltr'>quod</span> <span class='ocrx_word' id='word_1_194' title='bbox 1048 1705 1172 1735; x_wconf 89' lang='lat' dir='ltr'>dictum</span> 
     </span>
     <span class='ocr_line' id='line_1_40' title="bbox 203 1756 1170 1795; baseline -0.001 -8"><span class='ocrx_word' id='word_1_195' title='bbox 203 1756 396 1795; x_wconf 87' lang='lat' dir='ltr'>capitulum,</span> <span class='ocrx_word' id='word_1_196' title='bbox 413 1757 453 1786; x_wconf 87' lang='lat' dir='ltr'>ad</span> <span class='ocrx_word' id='word_1_197' title='bbox 469 1757 587 1787; x_wconf 85' lang='lat' dir='ltr'>Sedem</span> <span class='ocrx_word' id='word_1_198' title='bbox 605 1757 819 1795; x_wconf 82' lang='lat' dir='ltr'>apostolicam</span> <span class='ocrx_word' id='word_1_199' title='bbox 836 1757 963 1787; x_wconf 85' lang='lat' dir='ltr'>habens</span> <span class='ocrx_word' id='word_1_200' title='bbox 986 1767 1170 1793; x_wconf 90' lang='lat' dir='ltr'>recursum,</span> 
     </span>
     <span class='ocr_line' id='line_1_41' title="bbox 200 1811 1173 1850; baseline 0.002 -9"><span class='ocrx_word' id='word_1_201' title='bbox 200 1811 331 1842; x_wconf 84' lang='lat' dir='ltr'>litteras</span> <span class='ocrx_word' id='word_1_202' title='bbox 351 1811 548 1850; x_wconf 81' lang='lat' dir='ltr'>apostolicas</span> <span class='ocrx_word' id='word_1_203' title='bbox 573 1812 613 1842; x_wconf 86' lang='lat' dir='ltr'>ad</span> <span class='ocrx_word' id='word_1_204' title='bbox 636 1812 861 1842; x_wconf 83' lang='lat' dir='ltr'>venerabilem</span> <span class='ocrx_word' id='word_1_205' title='bbox 883 1816 1010 1850; x_wconf 85' lang='lat' dir='ltr'>patrem</span> <span class='ocrx_word' id='word_1_206' title='bbox 1033 1836 1065 1848; x_wconf 88' lang='lat'>..‚</span> <span class='ocrx_word' id='word_1_207' title='bbox 1091 1814 1173 1843; x_wconf 89' lang='lat' dir='ltr'>Las-</span> 
     </span>
     <span class='ocr_line' id='line_1_42' title="bbox 203 1865 1173 1903; baseline -0.001 -7"><span class='ocrx_word' id='word_1_208' title='bbox 203 1874 398 1896; x_wconf 84' lang='lat' dir='ltr'>currensem</span> <span class='ocrx_word' id='word_1_209' title='bbox 428 1865 635 1903; x_wconf 88' lang='lat' dir='ltr'>episcopum,</span> <span class='ocrx_word' id='word_1_210' title='bbox 666 1865 788 1895; x_wconf 85' lang='lat' dir='ltr'>meruit</span> <span class='ocrx_word' id='word_1_211' title='bbox 817 1865 987 1901; x_wconf 86' lang='lat' dir='ltr'>obtinere,</span> <span class='ocrx_word' id='word_1_212' title='bbox 1018 1869 1054 1895; x_wconf 89' lang='lat' dir='ltr'>ut</span> <span class='ocrx_word' id='word_1_213' title='bbox 1083 1866 1173 1896; x_wconf 89' lang='lat' dir='ltr'>idem</span> 
     </span>
     <span class='ocr_line' id='line_1_43' title="bbox 202 1917 1172 1958; baseline -0.001 -9"><span class='ocrx_word' id='word_1_214' title='bbox 202 1919 389 1958; x_wconf 86' lang='lat' dir='ltr'>episcopus,</span> <span class='ocrx_word' id='word_1_215' title='bbox 403 1922 440 1948; x_wconf 88' lang='lat' dir='ltr'>ut</span> <span class='ocrx_word' id='word_1_216' title='bbox 456 1917 609 1956; x_wconf 83' lang='lat' dir='ltr'>expedire</span> <span class='ocrx_word' id='word_1_217' title='bbox 625 1917 763 1953; x_wconf 81' lang='lat' dir='ltr'>videret,</span> <span class='ocrx_word' id='word_1_218' title='bbox 778 1917 882 1947; x_wconf 86' lang='lat' dir='ltr'>dictas</span> <span class='ocrx_word' id='word_1_219' title='bbox 897 1927 1000 1956; x_wconf 86' lang='lat' dir='ltr'>penas</span> <span class='ocrx_word' id='word_1_220' title='bbox 1017 1922 1048 1948; x_wconf 88' lang='lat' dir='ltr'>et</span> <span class='ocrx_word' id='word_1_221' title='bbox 1060 1928 1172 1956; x_wconf 85' lang='lat' dir='ltr'>grava-</span> 
     </span>
     <span class='ocr_line' id='line_1_44' title="bbox 201 1970 1172 2009; baseline -0.001 -8"><span class='ocrx_word' id='word_1_222' title='bbox 201 1972 293 2001; x_wconf 87' lang='lat' dir='ltr'>mina</span> <span class='ocrx_word' id='word_1_223' title='bbox 306 1971 473 2008; x_wconf 87' lang='lat' dir='ltr'>mitigaret</span> <span class='ocrx_word' id='word_1_224' title='bbox 486 1981 492 1999; x_wconf 91' lang='lat'>:</span> <span class='ocrx_word' id='word_1_225' title='bbox 505 1971 561 2009; x_wconf 83' lang='lat' dir='ltr'>qui</span> <span class='ocrx_word' id='word_1_226' title='bbox 574 1970 768 2007; x_wconf 83' lang='lat' dir='ltr'>gravamina</span> <span class='ocrx_word' id='word_1_227' title='bbox 780 1974 810 2000; x_wconf 89' lang='lat' dir='ltr'>et</span> <span class='ocrx_word' id='word_1_228' title='bbox 827 1970 926 2000; x_wconf 87' lang='lat' dir='ltr'>etiam</span> <span class='ocrx_word' id='word_1_229' title='bbox 939 1980 1052 2009; x_wconf 87' lang='lat' dir='ltr'>penas,</span> <span class='ocrx_word' id='word_1_230' title='bbox 1066 1972 1172 2001; x_wconf 87' lang='lat' dir='ltr'>Deum</span> 
     </span>
     <span class='ocr_line' id='line_1_45' title="bbox 203 2023 1173 2061; baseline -0.002 -6"><span class='ocrx_word' id='word_1_231' title='bbox 203 2029 234 2055; x_wconf 82' lang='lat' dir='ltr'>ct</span> <span class='ocrx_word' id='word_1_232' title='bbox 256 2024 520 2054; x_wconf 75' lang='lat' dir='ltr'>misericordiam</span> <span class='ocrx_word' id='word_1_233' title='bbox 543 2023 670 2053; x_wconf 86' lang='lat' dir='ltr'>habens</span> <span class='ocrx_word' id='word_1_234' title='bbox 690 2032 747 2061; x_wconf 88' lang='lat' dir='ltr'>pre</span> <span class='ocrx_word' id='word_1_235' title='bbox 769 2023 892 2058; x_wconf 86' lang='lat' dir='ltr'>oculis,</span> <span class='ocrx_word' id='word_1_236' title='bbox 912 2023 1173 2054; x_wconf 86' lang='lat' dir='ltr'>misericorditer</span> 
     </span>
     <span class='ocr_line' id='line_1_46' title="bbox 202 2076 1173 2114; baseline -0.002 -7"><span class='ocrx_word' id='word_1_237' title='bbox 202 2077 380 2114; x_wconf 77' lang='lat' dir='ltr'>mitigavit,</span> <span class='ocrx_word' id='word_1_238' title='bbox 394 2080 425 2106; x_wconf 86' lang='lat' dir='ltr'>et</span> <span class='ocrx_word' id='word_1_239' title='bbox 441 2076 593 2114; x_wconf 87' lang='lat' dir='ltr'>quamvis</span> <span class='ocrx_word' id='word_1_240' title='bbox 611 2076 759 2114; x_wconf 86' lang='lat' dir='ltr'>prefatus</span> <span class='ocrx_word' id='word_1_241' title='bbox 776 2076 1046 2114; x_wconf 87' lang='lat' dir='ltr'>archiepiscopus</span> <span class='ocrx_word' id='word_1_242' title='bbox 1061 2086 1173 2107; x_wconf 87' lang='lat' dir='ltr'>vocem</span> 
     </span>
     <span class='ocr_line' id='line_1_47' title="bbox 199 2128 1174 2167; baseline 0 -8"><span class='ocrx_word' id='word_1_243' title='bbox 199 2129 473 2160; x_wconf 82' lang='lat' dir='ltr'>contradictionis</span> <span class='ocrx_word' id='word_1_244' title='bbox 490 2137 555 2158; x_wconf 90' lang='lat' dir='ltr'>non</span> <span class='ocrx_word' id='word_1_245' title='bbox 572 2128 710 2159; x_wconf 82' lang='lat' dir='ltr'>haberet</span> <span class='ocrx_word' id='word_1_246' title='bbox 726 2132 849 2167; x_wconf 82' lang='lat' dir='ltr'>utpote,</span> <span class='ocrx_word' id='word_1_247' title='bbox 868 2129 947 2167; x_wconf 85' lang='lat' dir='ltr'>quia</span> <span class='ocrx_word' id='word_1_248' title='bbox 963 2139 1023 2159; x_wconf 86' lang='lat' dir='ltr'>sua</span> <span class='ocrx_word' id='word_1_249' title='bbox 1038 2139 1102 2159; x_wconf 88' lang='lat' dir='ltr'>non</span> <span class='ocrx_word' id='word_1_250' title='bbox 1120 2129 1174 2159; x_wconf 89' lang='lat' dir='ltr'>in-</span> 
     </span>
     <span class='ocr_line' id='line_1_48' title="bbox 204 2181 1174 2220; baseline 0 -8"><span class='ocrx_word' id='word_1_251' title='bbox 204 2186 326 2212; x_wconf 85' lang='lat' dir='ltr'>tererat</span> <span class='ocrx_word' id='word_1_252' title='bbox 342 2191 360 2211; x_wconf 84' lang='lat' dir='ltr'>a</span> <span class='ocrx_word' id='word_1_253' title='bbox 376 2181 462 2211; x_wconf 84' lang='lat' dir='ltr'>dicta</span> <span class='ocrx_word' id='word_1_254' title='bbox 483 2181 710 2219; x_wconf 77' lang='lat' dir='ltr'>mitigatione,</span> <span class='ocrx_word' id='word_1_255' title='bbox 731 2185 767 2210; x_wconf 88' lang='lat' dir='ltr'>ut</span> <span class='ocrx_word' id='word_1_256' title='bbox 788 2182 921 2216; x_wconf 89' lang='lat' dir='ltr'>dicitur,</span> <span class='ocrx_word' id='word_1_257' title='bbox 941 2182 1118 2220; x_wconf 85' lang='lat' dir='ltr'>appellavit</span> <span class='ocrx_word' id='word_1_258' title='bbox 1143 2186 1174 2212; x_wconf 89' lang='lat' dir='ltr'>et</span> 
     </span>
     <span class='ocr_line' id='line_1_49' title="bbox 205 2233 1174 2273; baseline -0.001 -8"><span class='ocrx_word' id='word_1_259' title='bbox 205 2244 304 2273; x_wconf 87' lang='lat' dir='ltr'>super</span> <span class='ocrx_word' id='word_1_260' title='bbox 321 2244 358 2264; x_wconf 86' lang='lat' dir='ltr'>ea</span> <span class='ocrx_word' id='word_1_261' title='bbox 371 2233 596 2264; x_wconf 83' lang='lat' dir='ltr'>venerabilem</span> <span class='ocrx_word' id='word_1_262' title='bbox 612 2238 738 2272; x_wconf 86' lang='lat' dir='ltr'>patrem</span> <span class='ocrx_word' id='word_1_263' title='bbox 751 2234 920 2264; x_wconf 88' lang='lat' dir='ltr'>dominum</span> <span class='ocrx_word' id='word_1_264' title='bbox 935 2235 1088 2272; x_wconf 86' lang='lat' dir='ltr'>Egidium</span> <span class='ocrx_word' id='word_1_265' title='bbox 1106 2244 1174 2264; x_wconf 86' lang='lat' dir='ltr'>car-</span> 
     </span>
     <span class='ocr_line' id='line_1_50' title="bbox 204 2286 1174 2325; baseline 0 -9"><span class='ocrx_word' id='word_1_266' title='bbox 204 2287 349 2317; x_wconf 88' lang='lat' dir='ltr'>dinalem</span> <span class='ocrx_word' id='word_1_267' title='bbox 372 2296 470 2324; x_wconf 86' lang='lat' dir='ltr'>super</span> <span class='ocrx_word' id='word_1_268' title='bbox 497 2286 671 2324; x_wconf 85' lang='lat' dir='ltr'>premissis</span> <span class='ocrx_word' id='word_1_269' title='bbox 702 2290 816 2316; x_wconf 89' lang='lat' dir='ltr'>contra</span> <span class='ocrx_word' id='word_1_270' title='bbox 841 2287 966 2316; x_wconf 89' lang='lat' dir='ltr'>dictum</span> <span class='ocrx_word' id='word_1_271' title='bbox 992 2287 1174 2325; x_wconf 88' lang='lat' dir='ltr'>capitulum</span> 
     </span>
     <span class='ocr_line' id='line_1_51' title="bbox 203 2339 1172 2377; baseline -0.001 -7"><span class='ocrx_word' id='word_1_272' title='bbox 203 2340 348 2370; x_wconf 85' lang='lat' dir='ltr'>obtinuit</span> <span class='ocrx_word' id='word_1_273' title='bbox 374 2339 558 2369; x_wconf 85' lang='lat' dir='ltr'>auditorem</span> <span class='ocrx_word' id='word_1_274' title='bbox 577 2349 583 2367; x_wconf 74' lang='grc' dir='ltr'>ε</span> <span class='ocrx_word' id='word_1_275' title='bbox 609 2339 667 2377; x_wconf 87' lang='lat' dir='ltr'>qui</span> <span class='ocrx_word' id='word_1_276' title='bbox 688 2343 802 2368; x_wconf 88' lang='lat' dir='ltr'>contra</span> <span class='ocrx_word' id='word_1_277' title='bbox 824 2339 948 2369; x_wconf 88' lang='lat' dir='ltr'>dictum</span> <span class='ocrx_word' id='word_1_278' title='bbox 972 2339 1172 2377; x_wconf 86' lang='lat' dir='ltr'>capitulum,</span> 
     </span>
     <span class='ocr_line' id='line_1_52' title="bbox 200 2391 1175 2432; baseline -0.001 -10"><span class='ocrx_word' id='word_1_279' title='bbox 200 2396 413 2432; x_wconf 86' lang='lat' dir='ltr'>procuratore</span> <span class='ocrx_word' id='word_1_280' title='bbox 441 2392 590 2431; x_wconf 86' lang='lat' dir='ltr'>ejusdem</span> <span class='ocrx_word' id='word_1_281' title='bbox 615 2391 751 2429; x_wconf 84' lang='lat' dir='ltr'>capituli</span> <span class='ocrx_word' id='word_1_282' title='bbox 773 2391 949 2430; x_wconf 83' lang='lat' dir='ltr'>privilegia</span> <span class='ocrx_word' id='word_1_283' title='bbox 980 2401 1039 2422; x_wconf 89' lang='lat' dir='ltr'>seu</span> <span class='ocrx_word' id='word_1_284' title='bbox 1063 2393 1175 2422; x_wconf 90' lang='lat' dir='ltr'>indul-</span> 
     </span>
     <span class='ocr_line' id='line_1_53' title="bbox 203 2444 1172 2483; baseline 0.001 -9"><span class='ocrx_word' id='word_1_285' title='bbox 203 2445 344 2483; x_wconf 83' lang='lat' dir='ltr'>gentias,</span> <span class='ocrx_word' id='word_1_286' title='bbox 356 2444 614 2474; x_wconf 90' lang='lat' dir='ltr'>consuetudines</span> <span class='ocrx_word' id='word_1_287' title='bbox 624 2453 660 2473; x_wconf 84' lang='lat' dir='ltr'>ac</span> <span class='ocrx_word' id='word_1_288' title='bbox 673 2444 818 2473; x_wconf 88' lang='lat' dir='ltr'>rationes</span> <span class='ocrx_word' id='word_1_289' title='bbox 829 2444 975 2482; x_wconf 87' lang='lat' dir='ltr'>ipsorum</span> <span class='ocrx_word' id='word_1_290' title='bbox 988 2445 1172 2481; x_wconf 82' lang='lat' dir='ltr'>omittente,</span> 
     </span>
     <span class='ocr_line' id='line_1_54' title="bbox 202 2497 1174 2528; baseline 0.002 -2"><span class='ocrx_word' id='word_1_291' title='bbox 202 2497 413 2527; x_wconf 87' lang='lat' dir='ltr'>diffinitivam</span> <span class='ocrx_word' id='word_1_292' title='bbox 429 2497 630 2527; x_wconf 86' lang='lat' dir='ltr'>sententiam</span> <span class='ocrx_word' id='word_1_293' title='bbox 647 2506 706 2526; x_wconf 85' lang='lat' dir='ltr'>seu</span> <span class='ocrx_word' id='word_1_294' title='bbox 723 2497 907 2527; x_wconf 85' lang='lat' dir='ltr'>sententias</span> <span class='ocrx_word' id='word_1_295' title='bbox 924 2497 975 2527; x_wconf 88' lang='lat' dir='ltr'>vel</span> <span class='ocrx_word' id='word_1_296' title='bbox 992 2497 1174 2528; x_wconf 85' lang='lat' dir='ltr'>ordinatio-</span> 
     </span>
     <span class='ocr_line' id='line_1_55' title="bbox 202 2549 1175 2589; baseline 0 -9"><span class='ocrx_word' id='word_1_297' title='bbox 202 2560 262 2580; x_wconf 86' lang='lat' dir='ltr'>nes</span> <span class='ocrx_word' id='word_1_298' title='bbox 276 2550 508 2589; x_wconf 71' lang='lat' dir='ltr'>promulgavit,</span> <span class='ocrx_word' id='word_1_299' title='bbox 526 2550 560 2578; x_wconf 93' lang='lat' dir='ltr'>in</span> <span class='ocrx_word' id='word_1_300' title='bbox 578 2558 711 2587; x_wconf 81' lang='lat' dir='ltr'>gravem</span> <span class='ocrx_word' id='word_1_301' title='bbox 726 2549 891 2587; x_wconf 78' lang='lat' dir='ltr'>jacturam</span> <span class='ocrx_word' id='word_1_302' title='bbox 914 2549 1020 2588; x_wconf 85' lang='lat' dir='ltr'>ipsius</span> <span class='ocrx_word' id='word_1_303' title='bbox 1037 2551 1175 2588; x_wconf 86' lang='lat' dir='ltr'>capituli</span> 
     </span>
     <span class='ocr_line' id='line_1_56' title="bbox 205 2602 1172 2642; baseline 0 -9"><span class='ocrx_word' id='word_1_304' title='bbox 205 2608 236 2634; x_wconf 88' lang='lat' dir='ltr'>et</span> <span class='ocrx_word' id='word_1_305' title='bbox 253 2612 317 2632; x_wconf 91' lang='lat' dir='ltr'>non</span> <span class='ocrx_word' id='word_1_306' title='bbox 335 2603 496 2632; x_wconf 86' lang='lat' dir='ltr'>modicam</span> <span class='ocrx_word' id='word_1_307' title='bbox 513 2602 674 2632; x_wconf 80' lang='lat' dir='ltr'>lesionem</span> <span class='ocrx_word' id='word_1_308' title='bbox 690 2606 742 2632; x_wconf 87' lang='lat' dir='ltr'>:et</span> <span class='ocrx_word' id='word_1_309' title='bbox 759 2602 897 2632; x_wconf 87' lang='lat' dir='ltr'>eandem</span> <span class='ocrx_word' id='word_1_310' title='bbox 909 2603 1062 2633; x_wconf 91' lang='lat' dir='ltr'>dominus</span> <span class='ocrx_word' id='word_1_311' title='bbox 1079 2612 1172 2642; x_wconf 82' lang='lat' dir='ltr'>papa,</span> 
     </span>
     <span class='ocr_line' id='line_1_57' title="bbox 204 2654 1174 2694; baseline 0 -8"><span class='ocrx_word' id='word_1_312' title='bbox 204 2661 240 2686; x_wconf 92' lang='lat' dir='ltr'>ut</span> <span class='ocrx_word' id='word_1_313' title='bbox 265 2656 397 2690; x_wconf 87' lang='lat' dir='ltr'>dicitur,</span> <span class='ocrx_word' id='word_1_314' title='bbox 419 2655 638 2684; x_wconf 81' lang='lat' dir='ltr'>confirmavit.</span> <span class='ocrx_word' id='word_1_315' title='bbox 665 2654 761 2685; x_wconf 84' lang='lat' dir='ltr'>Unde</span> <span class='ocrx_word' id='word_1_316' title='bbox 783 2663 857 2683; x_wconf 90' lang='lat' dir='ltr'>cum</span> <span class='ocrx_word' id='word_1_317' title='bbox 879 2659 1011 2693; x_wconf 88' lang='lat' dir='ltr'>propter</span> <span class='ocrx_word' id='word_1_318' title='bbox 1027 2656 1174 2694; x_wconf 80' lang='lat' dir='ltr'>predicta</span> 
     </span>
     <span class='ocr_line' id='line_1_58' title="bbox 203 2707 1174 2746; baseline 0 -8"><span class='ocrx_word' id='word_1_319' title='bbox 203 2709 327 2738; x_wconf 87' lang='lat' dir='ltr'>dictum</span> <span class='ocrx_word' id='word_1_320' title='bbox 345 2707 526 2746; x_wconf 89' lang='lat' dir='ltr'>capitulum</span> <span class='ocrx_word' id='word_1_321' title='bbox 544 2707 689 2745; x_wconf 77' lang='lat' dir='ltr'>graviter</span> <span class='ocrx_word' id='word_1_322' title='bbox 706 2707 811 2737; x_wconf 81' lang='lat' dir='ltr'>lesum</span> <span class='ocrx_word' id='word_1_323' title='bbox 834 2707 893 2742; x_wconf 79' lang='lat' dir='ltr'>sit,</span> <span class='ocrx_word' id='word_1_324' title='bbox 914 2712 1029 2745; x_wconf 87' lang='lat' dir='ltr'>petunt</span> <span class='ocrx_word' id='word_1_325' title='bbox 1048 2708 1174 2738; x_wconf 82' lang='lat' dir='ltr'>heneti—</span> 
     </span>
     <span class='ocr_line' id='line_1_59' title="bbox 201 2760 1173 2797; baseline -0.001 -5"><span class='ocrx_word' id='word_1_326' title='bbox 201 2763 290 2792; x_wconf 87' lang='lat' dir='ltr'>cium</span> <span class='ocrx_word' id='word_1_327' title='bbox 307 2761 529 2791; x_wconf 79' lang='lat' dir='ltr'>restitutionis·</span> <span class='ocrx_word' id='word_1_328' title='bbox 546 2761 579 2790; x_wconf 93' lang='lat' dir='ltr'>in</span> <span class='ocrx_word' id='word_1_329' title='bbox 598 2761 765 2797; x_wconf 82' lang='lat' dir='ltr'>integrum</span> <span class='ocrx_word' id='word_1_330' title='bbox 782 2760 941 2790; x_wconf 86' lang='lat' dir='ltr'>adversus</span> <span class='ocrx_word' id='word_1_331' title='bbox 963 2761 1121 2791; x_wconf 79' lang='lat' dir='ltr'>articulos</span> <span class='ocrx_word' id='word_1_332' title='bbox 1138 2762 1173 2791; x_wconf 90' lang='lat' dir='ltr'>in</span> 
     </span>
     <span class='ocr_line' id='line_1_60' title="bbox 203 2813 1173 2848; baseline 0 -3"><span class='ocrx_word' id='word_1_333' title='bbox 203 2816 291 2845; x_wconf 87' lang='lat' dir='ltr'>dicta</span> <span class='ocrx_word' id='word_1_334' title='bbox 313 2814 479 2844; x_wconf 85' lang='lat' dir='ltr'>sententia</span> <span class='ocrx_word' id='word_1_335' title='bbox 503 2824 560 2843; x_wconf 87' lang='lat' dir='ltr'>scu</span> <span class='ocrx_word' id='word_1_336' title='bbox 589 2813 785 2848; x_wconf 79' lang='lat' dir='ltr'>sententiis,</span> <span class='ocrx_word' id='word_1_337' title='bbox 806 2813 856 2843; x_wconf 83' lang='lat' dir='ltr'>vel</span> <span class='ocrx_word' id='word_1_338' title='bbox 880 2814 1090 2845; x_wconf 84' lang='lat' dir='ltr'>ordinatione</span> <span class='ocrx_word' id='word_1_339' title='bbox 1115 2825 1173 2845; x_wconf 82' lang='lat' dir='ltr'>seu</span> 
     </span>
     <span class='ocr_line' id='line_1_61' title="bbox 203 2866 1172 2905; baseline -0.001 -7"><span class='ocrx_word' id='word_1_340' title='bbox 203 2867 481 2902; x_wconf 70' lang='lat' dir='ltr'>ordinationibus,</span> <span class='ocrx_word' id='word_1_341' title='bbox 493 2867 636 2896; x_wconf 79' lang='lat' dir='ltr'>inferius</span> <span class='ocrx_word' id='word_1_342' title='bbox 652 2870 836 2901; x_wconf 76' lang='lat' dir='ltr'>annotatos,</span> <span class='ocrx_word' id='word_1_343' title='bbox 849 2866 974 2896; x_wconf 85' lang='lat' dir='ltr'>eisdem</span> <span class='ocrx_word' id='word_1_344' title='bbox 993 2867 1172 2905; x_wconf 86' lang='lat' dir='ltr'>indulgeri,</span> 
     </span>
     <span class='ocr_line' id='line_1_62' title="bbox 283 2932 654 2963; baseline -0.003 -6"><span class='ocrx_word' id='word_1_345' title='bbox 283 2932 507 2958; x_wconf 69' lang='lat' dir='ltr'>AtAEXANDRE</span> <span class='ocrx_word' id='word_1_346' title='bbox 526 2933 576 2963; x_wconf 67' lang='lat' dir='ltr'>iv,</span> <span class='ocrx_word' id='word_1_347' title='bbox 596 2935 614 2956; x_wconf 83' lang='lat' dir='ltr'>t.</span> <span class='ocrx_word' id='word_1_348' title='bbox 635 2932 654 2956; x_wconf 87' lang='lat'>1.</span> 
     </span>
    </p>
   </div>
   <div class='ocr_carea' id='block_1_17' title="bbox 1290 281 2264 1794">
    <p class='ocr_par' dir='ltr' id='par_1_17' title="bbox 1290 281 2261 1054">
     <span class='ocr_line' id='line_1_63' title="bbox 1292 281 2257 320; baseline 0.003 -12"><span class='ocrx_word' id='word_1_349' title='bbox 1292 281 1425 310; x_wconf 86' lang='lat' dir='ltr'>nomine</span> <span class='ocrx_word' id='word_1_350' title='bbox 1443 281 1577 319; x_wconf 83' lang='lat' dir='ltr'>capituli</span> <span class='ocrx_word' id='word_1_351' title='bbox 1595 281 1787 319; x_wconf 82' lang='lat' dir='ltr'>supradicti,</span> <span class='ocrx_word' id='word_1_352' title='bbox 1808 290 1934 311; x_wconf 83' lang='lat' dir='ltr'>necnon</span> <span class='ocrx_word' id='word_1_353' title='bbox 1953 282 1992 311; x_wconf 89' lang='lat' dir='ltr'>ad</span> <span class='ocrx_word' id='word_1_354' title='bbox 2010 283 2257 320; x_wconf 89' lang='lat' dir='ltr'>producendum</span> 
     </span>
     <span class='ocr_line' id='line_1_64' title="bbox 1290 333 2256 371; baseline 0.003 -10"><span class='ocrx_word' id='word_1_355' title='bbox 1290 333 1465 370; x_wconf 76' lang='lat' dir='ltr'>privilegia</span> <span class='ocrx_word' id='word_1_356' title='bbox 1483 342 1541 362; x_wconf 79' lang='lat' dir='ltr'>scu</span> <span class='ocrx_word' id='word_1_357' title='bbox 1558 333 1794 370; x_wconf 75' lang='lat' dir='ltr'>indulgentias,</span> <span class='ocrx_word' id='word_1_358' title='bbox 1810 334 1849 362; x_wconf 84' lang='lat' dir='ltr'>ad</span> <span class='ocrx_word' id='word_1_359' title='bbox 1865 334 2070 371; x_wconf 87' lang='lat' dir='ltr'>probandum</span> <span class='ocrx_word' id='word_1_360' title='bbox 2085 339 2256 364; x_wconf 84' lang='lat' dir='ltr'>consuetu-</span> 
     </span>
     <span class='ocr_line' id='line_1_65' title="bbox 1292 384 2257 423; baseline 0.002 -10"><span class='ocrx_word' id='word_1_361' title='bbox 1292 384 1386 414; x_wconf 88' lang='lat' dir='ltr'>dines</span> <span class='ocrx_word' id='word_1_362' title='bbox 1404 389 1433 414; x_wconf 89' lang='lat' dir='ltr'>et</span> <span class='ocrx_word' id='word_1_363' title='bbox 1453 386 1597 415; x_wconf 81' lang='lat' dir='ltr'>rationes</span> <span class='ocrx_word' id='word_1_364' title='bbox 1614 386 1762 423; x_wconf 80' lang='lat' dir='ltr'>ipsorum</span> <span class='ocrx_word' id='word_1_365' title='bbox 1779 395 1841 423; x_wconf 78' lang='lat' dir='ltr'>quc</span> <span class='ocrx_word' id='word_1_366' title='bbox 1862 395 1970 415; x_wconf 87' lang='lat' dir='ltr'>coram</span> <span class='ocrx_word' id='word_1_367' title='bbox 1990 387 2076 416; x_wconf 92' lang='lat' dir='ltr'>dicto</span> <span class='ocrx_word' id='word_1_368' title='bbox 2095 387 2257 416; x_wconf 83' lang='lat' dir='ltr'>cardinali</span> 
     </span>
     <span class='ocr_line' id='line_1_66' title="bbox 1291 437 2257 477; baseline 0.001 -11"><span class='ocrx_word' id='word_1_369' title='bbox 1291 437 1456 467; x_wconf 83' lang='lat' dir='ltr'>malitiose</span> <span class='ocrx_word' id='word_1_370' title='bbox 1475 447 1531 467; x_wconf 83' lang='lat' dir='ltr'>scu</span> <span class='ocrx_word' id='word_1_371' title='bbox 1550 438 1756 475; x_wconf 73' lang='lat' dir='ltr'>negligenter</span> <span class='ocrx_word' id='word_1_372' title='bbox 1768 438 1899 467; x_wconf 86' lang='lat' dir='ltr'>fuerunt</span> <span class='ocrx_word' id='word_1_373' title='bbox 1919 439 2060 468; x_wconf 81' lang='lat' dir='ltr'>omissa:</span> <span class='ocrx_word' id='word_1_374' title='bbox 2078 449 2142 477; x_wconf 82' lang='lat' dir='ltr'>qua</span> <span class='ocrx_word' id='word_1_375' title='bbox 2158 439 2192 467; x_wconf 90' lang='lat' dir='ltr'>in</span> <span class='ocrx_word' id='word_1_376' title='bbox 2210 439 2257 468; x_wconf 92' lang='lat' dir='ltr'>in-</span> 
     </span>
     <span class='ocr_line' id='line_1_67' title="bbox 1294 490 2257 529; baseline 0.003 -11"><span class='ocrx_word' id='word_1_377' title='bbox 1294 493 1421 527; x_wconf 81' lang='lat' dir='ltr'>tegrum</span> <span class='ocrx_word' id='word_1_378' title='bbox 1448 490 1657 520; x_wconf 73' lang='lat' dir='ltr'>restitutione</span> <span class='ocrx_word' id='word_1_379' title='bbox 1686 490 1760 519; x_wconf 89' lang='lat' dir='ltr'>data</span> <span class='ocrx_word' id='word_1_380' title='bbox 1786 490 1837 520; x_wconf 77' lang='lat' dir='ltr'>vel</span> <span class='ocrx_word' id='word_1_381' title='bbox 1865 500 2021 520; x_wconf 85' lang='lat' dir='ltr'>concessa</span> <span class='ocrx_word' id='word_1_382' title='bbox 2048 495 2078 521; x_wconf 81' lang='lat' dir='ltr'>et</span> <span class='ocrx_word' id='word_1_383' title='bbox 2101 491 2257 529; x_wconf 75' lang='lat' dir='ltr'>predictis</span> 
     </span>
     <span class='ocr_line' id='line_1_68' title="bbox 1292 543 2259 581; baseline 0.001 -10"><span class='ocrx_word' id='word_1_384' title='bbox 1292 543 1490 580; x_wconf 79' lang='lat' dir='ltr'>privilegiis,</span> <span class='ocrx_word' id='word_1_385' title='bbox 1521 543 1739 581; x_wconf 66' lang='lat' dir='ltr'>indulgentiis</span> <span class='ocrx_word' id='word_1_386' title='bbox 1766 553 1802 573; x_wconf 84' lang='lat' dir='ltr'>ac</span> <span class='ocrx_word' id='word_1_387' title='bbox 1840 544 2026 574; x_wconf 80' lang='lat' dir='ltr'>rationibus</span> <span class='ocrx_word' id='word_1_388' title='bbox 2056 544 2200 573; x_wconf 83' lang='lat' dir='ltr'>ostensis</span> <span class='ocrx_word' id='word_1_389' title='bbox 2228 549 2259 573; x_wconf 85' lang='lat' dir='ltr'>et</span> 
     </span>
     <span class='ocr_line' id='line_1_69' title="bbox 1292 595 2258 634; baseline 0.001 -10"><span class='ocrx_word' id='word_1_390' title='bbox 1292 595 1590 625; x_wconf 81' lang='lat' dir='ltr'>consuetmlinibus</span> <span class='ocrx_word' id='word_1_391' title='bbox 1619 596 1818 634; x_wconf 81' lang='lat' dir='ltr'>approbatis,</span> <span class='ocrx_word' id='word_1_392' title='bbox 1840 601 1957 634; x_wconf 82' lang='lat' dir='ltr'>petunt</span> <span class='ocrx_word' id='word_1_393' title='bbox 1980 597 2100 626; x_wconf 87' lang='lat' dir='ltr'>dictam</span> <span class='ocrx_word' id='word_1_394' title='bbox 2124 601 2258 626; x_wconf 87' lang='lat' dir='ltr'>senten-</span> 
     </span>
     <span class='ocr_line' id='line_1_70' title="bbox 1292 647 2258 686; baseline 0.001 -10"><span class='ocrx_word' id='word_1_395' title='bbox 1292 648 1372 676; x_wconf 87' lang='lat' dir='ltr'>tiam</span> <span class='ocrx_word' id='word_1_396' title='bbox 1391 656 1448 677; x_wconf 82' lang='lat' dir='ltr'>seu</span> <span class='ocrx_word' id='word_1_397' title='bbox 1469 647 1651 677; x_wconf 82' lang='lat' dir='ltr'>sententias</span> <span class='ocrx_word' id='word_1_398' title='bbox 1670 652 1700 677; x_wconf 87' lang='lat' dir='ltr'>et</span> <span class='ocrx_word' id='word_1_399' title='bbox 1717 648 1943 677; x_wconf 83' lang='lat' dir='ltr'>ordinat-iones</span> <span class='ocrx_word' id='word_1_400' title='bbox 1957 649 2120 686; x_wconf 85' lang='lat' dir='ltr'>predictas</span> <span class='ocrx_word' id='word_1_401' title='bbox 2133 649 2258 677; x_wconf 81' lang='lat' dir='ltr'>cassari</span> 
     </span>
     <span class='ocr_line' id='line_1_71' title="bbox 1292 700 2254 739; baseline 0 -10"><span class='ocrx_word' id='word_1_402' title='bbox 1292 704 1323 730; x_wconf 89' lang='lat' dir='ltr'>et</span> <span class='ocrx_word' id='word_1_403' title='bbox 1339 700 1476 735; x_wconf 78' lang='lat' dir='ltr'>irritari,</span> <span class='ocrx_word' id='word_1_404' title='bbox 1491 709 1553 738; x_wconf 81' lang='lat' dir='ltr'>que</span> <span class='ocrx_word' id='word_1_405' title='bbox 1571 704 1684 729; x_wconf 87' lang='lat' dir='ltr'>contra</span> <span class='ocrx_word' id='word_1_406' title='bbox 1696 700 1818 729; x_wconf 88' lang='lat' dir='ltr'>dictum</span> <span class='ocrx_word' id='word_1_407' title='bbox 1830 701 2009 738; x_wconf 87' lang='lat' dir='ltr'>capitulum</span> <span class='ocrx_word' id='word_1_408' title='bbox 2026 706 2102 730; x_wconf 82' lang='lat' dir='ltr'>sunt</span> <span class='ocrx_word' id='word_1_409' title='bbox 2115 701 2254 739; x_wconf 84' lang='lat' dir='ltr'>prolate:</span> 
     </span>
     <span class='ocr_line' id='line_1_72' title="bbox 1292 752 2258 790; baseline 0.002 -9"><span class='ocrx_word' id='word_1_410' title='bbox 1292 756 1408 790; x_wconf 87' lang='lat' dir='ltr'>petunt</span> <span class='ocrx_word' id='word_1_411' title='bbox 1424 752 1523 781; x_wconf 85' lang='lat' dir='ltr'>etiam</span> <span class='ocrx_word' id='word_1_412' title='bbox 1540 752 1639 781; x_wconf 80' lang='lat' dir='ltr'>verba</span> <span class='ocrx_word' id='word_1_413' title='bbox 1656 762 1773 781; x_wconf 85' lang='lat' dir='ltr'>oscura</span> <span class='ocrx_word' id='word_1_414' title='bbox 1790 757 1820 782; x_wconf 90' lang='lat' dir='ltr'>et</span> <span class='ocrx_word' id='word_1_415' title='bbox 1838 753 1939 782; x_wconf 80' lang='lat' dir='ltr'>dubia</span> <span class='ocrx_word' id='word_1_416' title='bbox 1960 753 1992 781; x_wconf 94' lang='lat' dir='ltr'>in</span> <span class='ocrx_word' id='word_1_417' title='bbox 2014 753 2163 783; x_wconf 78' lang='lat' dir='ltr'>articulis</span> <span class='ocrx_word' id='word_1_418' title='bbox 2181 762 2258 783; x_wconf 89' lang='lat' dir='ltr'>con-</span> 
     </span>
     <span class='ocr_line' id='line_1_73' title="bbox 1293 804 2259 843; baseline 0.002 -10"><span class='ocrx_word' id='word_1_419' title='bbox 1293 805 1393 834; x_wconf 87' lang='lat' dir='ltr'>tentis</span> <span class='ocrx_word' id='word_1_420' title='bbox 1416 804 1449 833; x_wconf 90' lang='lat' dir='ltr'>in</span> <span class='ocrx_word' id='word_1_421' title='bbox 1470 805 1634 834; x_wconf 86' lang='lat' dir='ltr'>sententia</span> <span class='ocrx_word' id='word_1_422' title='bbox 1655 814 1712 834; x_wconf 87' lang='lat' dir='ltr'>seu</span> <span class='ocrx_word' id='word_1_423' title='bbox 1732 805 1908 834; x_wconf 85' lang='lat' dir='ltr'>sententiis</span> <span class='ocrx_word' id='word_1_424' title='bbox 1930 806 2129 843; x_wconf 80' lang='lat' dir='ltr'>supradictis</span> <span class='ocrx_word' id='word_1_425' title='bbox 2151 806 2259 835; x_wconf 83' lang='lat' dir='ltr'>decla.-</span> 
     </span>
     <span class='ocr_line' id='line_1_74' title="bbox 1293 857 2259 895; baseline 0.001 -9"><span class='ocrx_word' id='word_1_426' title='bbox 1293 857 1360 886; x_wconf 88' lang='lat' dir='ltr'>rari</span> <span class='ocrx_word' id='word_1_427' title='bbox 1377 866 1414 886; x_wconf 87' lang='lat' dir='ltr'>ac</span> <span class='ocrx_word' id='word_1_428' title='bbox 1435 857 1648 894; x_wconf 83' lang='lat' dir='ltr'>interpretari</span> <span class='ocrx_word' id='word_1_429' title='bbox 1664 861 1695 886; x_wconf 83' lang='lat' dir='ltr'>et</span> <span class='ocrx_word' id='word_1_430' title='bbox 1717 857 1751 885; x_wconf 92' lang='lat' dir='ltr'>in</span> <span class='ocrx_word' id='word_1_431' title='bbox 1768 857 1887 886; x_wconf 82' lang='lat' dir='ltr'>melius</span> <span class='ocrx_word' id='word_1_432' title='bbox 1904 858 2078 887; x_wconf 84' lang='lat' dir='ltr'>reformari</span> <span class='ocrx_word' id='word_1_433' title='bbox 2095 868 2153 895; x_wconf 78' lang='lat' dir='ltr'>pro</span> <span class='ocrx_word' id='word_1_434' title='bbox 2172 858 2259 887; x_wconf 83' lang='lat' dir='ltr'>dicto</span> 
     </span>
     <span class='ocr_line' id='line_1_75' title="bbox 1294 910 2261 949; baseline 0 -10"><span class='ocrx_word' id='word_1_435' title='bbox 1294 910 1449 948; x_wconf 84' lang='lat' dir='ltr'>capitulo,</span> <span class='ocrx_word' id='word_1_436' title='bbox 1472 910 1654 939; x_wconf 85' lang='lat' dir='ltr'>secundum</span> <span class='ocrx_word' id='word_1_437' title='bbox 1677 910 1762 948; x_wconf 81' lang='lat' dir='ltr'>quod</span> <span class='ocrx_word' id='word_1_438' title='bbox 1785 910 1822 939; x_wconf 83' lang='lat' dir='ltr'>dc</span> <span class='ocrx_word' id='word_1_439' title='bbox 1843 911 1917 948; x_wconf 79' lang='lat' dir='ltr'>jure</span> <span class='ocrx_word' id='word_1_440' title='bbox 1938 915 1968 939; x_wconf 85' lang='lat' dir='ltr'>et</span> <span class='ocrx_word' id='word_1_441' title='bbox 1991 911 2135 949; x_wconf 74' lang='lat' dir='ltr'>equitate</span> <span class='ocrx_word' id='word_1_442' title='bbox 2159 911 2261 940; x_wconf 76' lang='lat' dir='ltr'>fuerit</span> 
     </span>
     <span class='ocr_line' id='line_1_76' title="bbox 1292 962 2259 1001; baseline 0 -9"><span class='ocrx_word' id='word_1_443' title='bbox 1292 962 1494 992; x_wconf 77' lang='lat' dir='ltr'>faciendum.</span> <span class='ocrx_word' id='word_1_444' title='bbox 1528 963 1601 991; x_wconf 90' lang='lat' dir='ltr'>Non</span> <span class='ocrx_word' id='word_1_445' title='bbox 1629 962 1780 991; x_wconf 82' lang='lat' dir='ltr'>obstante</span> <span class='ocrx_word' id='word_1_446' title='bbox 1813 962 2063 992; x_wconf 81' lang='lat' dir='ltr'>confirmatione</span> <span class='ocrx_word' id='word_1_447' title='bbox 2093 963 2259 1001; x_wconf 80' lang='lat' dir='ltr'>predicta,</span> 
     </span>
     <span class='ocr_line' id='line_1_77' title="bbox 1294 1015 1564 1054; baseline 0 -10"><span class='ocrx_word' id='word_1_448' title='bbox 1294 1015 1384 1044; x_wconf 84' lang='lat' dir='ltr'>salvo</span> <span class='ocrx_word' id='word_1_449' title='bbox 1399 1015 1484 1054; x_wconf 86' lang='lat' dir='ltr'>jure,</span> <span class='ocrx_word' id='word_1_450' title='bbox 1504 1019 1564 1044; x_wconf 87' lang='lat' dir='ltr'>etc.</span> 
     </span>
    </p>

    <p class='ocr_par' dir='ltr' id='par_1_18' title="bbox 1293 1068 2264 1794">
     <span class='ocr_line' id='line_1_78' title="bbox 1296 1068 2258 1106; baseline -0.001 -9"><span class='ocrx_word' id='word_1_451' title='bbox 1296 1080 1307 1094; x_wconf 69' lang='grc' dir='ltr'>υ</span> <span class='ocrx_word' id='word_1_452' title='bbox 1330 1068 1435 1106; x_wconf 86' lang='lat' dir='ltr'>Super</span> <span class='ocrx_word' id='word_1_453' title='bbox 1451 1077 1515 1106; x_wconf 83' lang='lat' dir='ltr'>quo</span> <span class='ocrx_word' id='word_1_454' title='bbox 1534 1068 1645 1098; x_wconf 83' lang='lat' dir='ltr'>libello</span> <span class='ocrx_word' id='word_1_455' title='bbox 1662 1068 1730 1097; x_wconf 86' lang='lat' dir='ltr'>litis</span> <span class='ocrx_word' id='word_1_456' title='bbox 1749 1069 1988 1098; x_wconf 85' lang='lat' dir='ltr'>contestatione</span> <span class='ocrx_word' id='word_1_457' title='bbox 2003 1069 2088 1097; x_wconf 87' lang='lat' dir='ltr'>facta</span> <span class='ocrx_word' id='word_1_458' title='bbox 2100 1068 2258 1106; x_wconf 76' lang='lat' dir='ltr'>legitime,</span> 
     </span>
     <span class='ocr_line' id='line_1_79' title="bbox 1293 1120 2261 1160; baseline -0.001 -10"><span class='ocrx_word' id='word_1_459' title='bbox 1293 1124 1329 1150; x_wconf 87' lang='lat' dir='ltr'>ut</span> <span class='ocrx_word' id='word_1_460' title='bbox 1348 1124 1397 1150; x_wconf 85' lang='lat' dir='ltr'>est</span> <span class='ocrx_word' id='word_1_461' title='bbox 1414 1120 1526 1156; x_wconf 83' lang='lat' dir='ltr'>moris,</span> <span class='ocrx_word' id='word_1_462' title='bbox 1545 1121 1682 1158; x_wconf 83' lang='lat' dir='ltr'>prestito</span> <span class='ocrx_word' id='word_1_463' title='bbox 1702 1121 1891 1160; x_wconf 85' lang='lat' dir='ltr'>juramento</span> <span class='ocrx_word' id='word_1_464' title='bbox 1912 1121 1950 1150; x_wconf 88' lang='lat' dir='ltr'>de</span> <span class='ocrx_word' id='word_1_465' title='bbox 1967 1121 2105 1150; x_wconf 82' lang='lat' dir='ltr'>veritate</span> <span class='ocrx_word' id='word_1_466' title='bbox 2122 1121 2261 1150; x_wconf 88' lang='lat' dir='ltr'>dicenda</span> 
     </span>
     <span class='ocr_line' id='line_1_80' title="bbox 1295 1173 2261 1212; baseline -0.001 -9"><span class='ocrx_word' id='word_1_467' title='bbox 1295 1183 1313 1203; x_wconf 89' lang='lat' dir='ltr'>a</span> <span class='ocrx_word' id='word_1_468' title='bbox 1334 1174 1493 1211; x_wconf 85' lang='lat' dir='ltr'>magistro</span> <span class='ocrx_word' id='word_1_469' title='bbox 1513 1175 1555 1204; x_wconf 88' lang='lat' dir='ltr'>R.</span> <span class='ocrx_word' id='word_1_470' title='bbox 1576 1174 1637 1203; x_wconf 83' lang='lat' dir='ltr'>deu</span> <span class='ocrx_word' id='word_1_471' title='bbox 1655 1174 1780 1209; x_wconf 86' lang='lat' dir='ltr'>Trcnh‚</span> <span class='ocrx_word' id='word_1_472' title='bbox 1799 1178 2010 1212; x_wconf 84' lang='lat' dir='ltr'>procuratore</span> <span class='ocrx_word' id='word_1_473' title='bbox 2033 1173 2169 1212; x_wconf 83' lang='lat' dir='ltr'>capituli</span> <span class='ocrx_word' id='word_1_474' title='bbox 2192 1183 2261 1203; x_wconf 87' lang='lat' dir='ltr'>me-</span> 
     </span>
     <span class='ocr_line' id='line_1_81' title="bbox 1293 1227 2259 1264; baseline -0.001 -8"><span class='ocrx_word' id='word_1_475' title='bbox 1293 1227 1428 1261; x_wconf 84' lang='lat' dir='ltr'>morati,</span> <span class='ocrx_word' id='word_1_476' title='bbox 1447 1231 1477 1256; x_wconf 87' lang='lat' dir='ltr'>et</span> <span class='ocrx_word' id='word_1_477' title='bbox 1497 1236 1514 1256; x_wconf 88' lang='lat' dir='ltr'>a</span> <span class='ocrx_word' id='word_1_478' title='bbox 1535 1227 1693 1264; x_wconf 86' lang='lat' dir='ltr'>magistro</span> <span class='ocrx_word' id='word_1_479' title='bbox 1713 1227 1846 1257; x_wconf 85' lang='lat' dir='ltr'>Andrea</span> <span class='ocrx_word' id='word_1_480' title='bbox 1868 1227 1905 1257; x_wconf 89' lang='lat' dir='ltr'>de</span> <span class='ocrx_word' id='word_1_481' title='bbox 1925 1228 2084 1261; x_wconf 78' lang='lat' dir='ltr'>Mero-ato,</span> <span class='ocrx_word' id='word_1_482' title='bbox 2104 1236 2259 1264; x_wconf 88' lang='lat' dir='ltr'>procura-</span> 
     </span>
     <span class='ocr_line' id='line_1_82' title="bbox 1295 1279 2263 1317; baseline -0.002 -8"><span class='ocrx_word' id='word_1_483' title='bbox 1295 1283 1364 1310; x_wconf 85' lang='lat' dir='ltr'>tore</span> <span class='ocrx_word' id='word_1_484' title='bbox 1387 1279 1842 1317; x_wconf 83' lang='lat' dir='ltr'>archiepiscopisupradicti,</span> <span class='ocrx_word' id='word_1_485' title='bbox 1862 1279 1961 1309; x_wconf 83' lang='lat' dir='ltr'>factis</span> <span class='ocrx_word' id='word_1_486' title='bbox 1986 1279 2209 1317; x_wconf 69' lang='lat' dir='ltr'>positionibus</span> <span class='ocrx_word' id='word_1_487' title='bbox 2232 1283 2263 1308; x_wconf 86' lang='lat' dir='ltr'>et</span> 
     </span>
     <span class='ocr_line' id='line_1_83' title="bbox 1295 1331 2262 1370; baseline -0.002 -8"><span class='ocrx_word' id='word_1_488' title='bbox 1295 1332 1571 1370; x_wconf 80' lang='lat' dir='ltr'>responsionibus</span> <span class='ocrx_word' id='word_1_489' title='bbox 1592 1331 1671 1361; x_wconf 86' lang='lat' dir='ltr'>hinc</span> <span class='ocrx_word' id='word_1_490' title='bbox 1695 1336 1725 1361; x_wconf 90' lang='lat' dir='ltr'>et</span> <span class='ocrx_word' id='word_1_491' title='bbox 1747 1331 1841 1366; x_wconf 87' lang='lat' dir='ltr'>inde,</span> <span class='ocrx_word' id='word_1_492' title='bbox 1861 1341 1898 1361; x_wconf 90' lang='lat' dir='ltr'>ac</span> <span class='ocrx_word' id='word_1_493' title='bbox 1917 1332 1998 1361; x_wconf 82' lang='lat' dir='ltr'>visis</span> <span class='ocrx_word' id='word_1_494' title='bbox 2021 1332 2191 1361; x_wconf 86' lang='lat' dir='ltr'>tenoribus</span> <span class='ocrx_word' id='word_1_495' title='bbox 2210 1331 2262 1360; x_wconf 89' lang='lat' dir='ltr'>in-</span> 
     </span>
     <span class='ocr_line' id='line_1_84' title="bbox 1295 1384 2264 1422; baseline 0 -9"><span class='ocrx_word' id='word_1_496' title='bbox 1295 1385 1557 1422; x_wconf 87' lang='lat' dir='ltr'>dulgentiarum,</span> <span class='ocrx_word' id='word_1_497' title='bbox 1585 1384 1836 1422; x_wconf 83' lang='lat' dir='ltr'>privilegiorum</span> <span class='ocrx_word' id='word_1_498' title='bbox 1860 1388 1890 1413; x_wconf 81' lang='lat' dir='ltr'>et</span> <span class='ocrx_word' id='word_1_499' title='bbox 1912 1384 2115 1419; x_wconf 86' lang='lat' dir='ltr'>litterarum,</span> <span class='ocrx_word' id='word_1_500' title='bbox 2144 1393 2205 1422; x_wconf 78' lang='lat' dir='ltr'>que</span> <span class='ocrx_word' id='word_1_501' title='bbox 2232 1388 2264 1413; x_wconf 86' lang='lat' dir='ltr'>et</span> 
     </span>
     <span class='ocr_line' id='line_1_85' title="bbox 1295 1437 2263 1477; baseline -0.002 -9"><span class='ocrx_word' id='word_1_502' title='bbox 1295 1447 1377 1477; x_wconf 83' lang='lat' dir='ltr'>quas</span> <span class='ocrx_word' id='word_1_503' title='bbox 1394 1442 1503 1476; x_wconf 89' lang='lat' dir='ltr'>partes</span> <span class='ocrx_word' id='word_1_504' title='bbox 1520 1438 1694 1476; x_wconf 87' lang='lat' dir='ltr'>injudicio</span> <span class='ocrx_word' id='word_1_505' title='bbox 1711 1438 1946 1476; x_wconf 79' lang='lat' dir='ltr'>produxerunt,</span> <span class='ocrx_word' id='word_1_506' title='bbox 1961 1441 1991 1467; x_wconf 90' lang='lat' dir='ltr'>et</span> <span class='ocrx_word' id='word_1_507' title='bbox 2006 1437 2129 1467; x_wconf 84' lang='lat' dir='ltr'>auditis</span> <span class='ocrx_word' id='word_1_508' title='bbox 2146 1446 2263 1475; x_wconf 86' lang='lat' dir='ltr'>grava-</span> 
     </span>
     <span class='ocr_line' id='line_1_86' title="bbox 1294 1490 2264 1529; baseline -0.001 -9"><span class='ocrx_word' id='word_1_509' title='bbox 1294 1491 1459 1527; x_wconf 78' lang='lat' dir='ltr'>minibus,</span> <span class='ocrx_word' id='word_1_510' title='bbox 1479 1500 1541 1529; x_wconf 85' lang='lat' dir='ltr'>que</span> <span class='ocrx_word' id='word_1_511' title='bbox 1558 1494 1751 1528; x_wconf 87' lang='lat' dir='ltr'>procurator</span> <span class='ocrx_word' id='word_1_512' title='bbox 1768 1491 1925 1520; x_wconf 79' lang='lat' dir='ltr'>antedicti</span> <span class='ocrx_word' id='word_1_513' title='bbox 1945 1490 2082 1528; x_wconf 87' lang='lat' dir='ltr'>capituli</span> <span class='ocrx_word' id='word_1_514' title='bbox 2099 1490 2264 1527; x_wconf 78' lang='lat' dir='ltr'>adlegavit</span> 
     </span>
     <span class='ocr_line' id='line_1_87' title="bbox 1295 1543 2264 1582; baseline -0.002 -8"><span class='ocrx_word' id='word_1_515' title='bbox 1295 1553 1394 1582; x_wconf 86' lang='lat' dir='ltr'>super</span> <span class='ocrx_word' id='word_1_516' title='bbox 1411 1543 1561 1574; x_wconf 84' lang='lat' dir='ltr'>articulis</span> <span class='ocrx_word' id='word_1_517' title='bbox 1576 1543 1740 1573; x_wconf 87' lang='lat' dir='ltr'>contentis</span> <span class='ocrx_word' id='word_1_518' title='bbox 1753 1543 1787 1572; x_wconf 92' lang='lat' dir='ltr'>in</span> <span class='ocrx_word' id='word_1_519' title='bbox 1803 1543 1969 1573; x_wconf 86' lang='lat' dir='ltr'>sententia</span> <span class='ocrx_word' id='word_1_520' title='bbox 1983 1552 2040 1573; x_wconf 91' lang='lat' dir='ltr'>seu</span> <span class='ocrx_word' id='word_1_521' title='bbox 2055 1543 2264 1572; x_wconf 84' lang='lat' dir='ltr'>ordinatione</span> 
     </span>
     <span class='ocr_line' id='line_1_88' title="bbox 1294 1595 2264 1633; baseline -0.003 -7"><span class='ocrx_word' id='word_1_522' title='bbox 1294 1597 1379 1627; x_wconf 81' lang='lat' dir='ltr'>bone</span> <span class='ocrx_word' id='word_1_523' title='bbox 1400 1596 1558 1626; x_wconf 88' lang='lat' dir='ltr'>memorie</span> <span class='ocrx_word' id='word_1_524' title='bbox 1576 1596 1701 1625; x_wconf 90' lang='lat' dir='ltr'>domini</span> <span class='ocrx_word' id='word_1_525' title='bbox 1724 1596 1852 1633; x_wconf 83' lang='lat' dir='ltr'>Egidii,</span> <span class='ocrx_word' id='word_1_526' title='bbox 1879 1596 2074 1626; x_wconf 84' lang='lat' dir='ltr'>Sanctorum</span> <span class='ocrx_word' id='word_1_527' title='bbox 2098 1595 2215 1625; x_wconf 88' lang='lat' dir='ltr'>Cosme</span> <span class='ocrx_word' id='word_1_528' title='bbox 2232 1598 2264 1623; x_wconf 88' lang='lat' dir='ltr'>et</span> 
     </span>
     <span class='ocr_line' id='line_1_89' title="bbox 1295 1647 2264 1686; baseline -0.003 -7"><span class='ocrx_word' id='word_1_529' title='bbox 1295 1650 1450 1680; x_wconf 81' lang='lat' dir='ltr'>Damiani</span> <span class='ocrx_word' id='word_1_530' title='bbox 1469 1649 1599 1679; x_wconf 84' lang='lat' dir='ltr'>diaconi</span> <span class='ocrx_word' id='word_1_531' title='bbox 1616 1648 1806 1682; x_wconf 85' lang='lat' dir='ltr'>cardinalis,</span> <span class='ocrx_word' id='word_1_532' title='bbox 1825 1648 1915 1686; x_wconf 87' lang='lat' dir='ltr'>ipsos</span> <span class='ocrx_word' id='word_1_533' title='bbox 1932 1647 2089 1677; x_wconf 86' lang='lat' dir='ltr'>articulos</span> <span class='ocrx_word' id='word_1_534' title='bbox 2105 1656 2179 1677; x_wconf 89' lang='lat' dir='ltr'>cum</span> <span class='ocrx_word' id='word_1_535' title='bbox 2193 1656 2264 1685; x_wconf 83' lang='lat' dir='ltr'>prc-</span> 
     </span>
     <span class='ocr_line' id='line_1_90' title="bbox 1296 1700 2262 1739; baseline -0.004 -7"><span class='ocrx_word' id='word_1_536' title='bbox 1296 1702 1393 1733; x_wconf 86' lang='lat' dir='ltr'>dictis</span> <span class='ocrx_word' id='word_1_537' title='bbox 1421 1702 1575 1732; x_wconf 86' lang='lat' dir='ltr'>omnibus</span> <span class='ocrx_word' id='word_1_538' title='bbox 1598 1701 1743 1739; x_wconf 83' lang='lat' dir='ltr'>inspexit</span> <span class='ocrx_word' id='word_1_539' title='bbox 1769 1705 1799 1730; x_wconf 90' lang='lat' dir='ltr'>et</span> <span class='ocrx_word' id='word_1_540' title='bbox 1826 1701 2049 1730; x_wconf 82' lang='lat' dir='ltr'>consideravit</span> <span class='ocrx_word' id='word_1_541' title='bbox 2074 1700 2262 1737; x_wconf 83' lang='lat' dir='ltr'>diligenter,</span> 
     </span>
     <span class='ocr_line' id='line_1_91' title="bbox 1296 1752 2262 1794; baseline -0.004 -9"><span class='ocrx_word' id='word_1_542' title='bbox 1296 1764 1378 1794; x_wconf 83' lang='lat' dir='ltr'>quos</span> <span class='ocrx_word' id='word_1_543' title='bbox 1396 1754 1553 1784; x_wconf 84' lang='lat' dir='ltr'>articulos</span> <span class='ocrx_word' id='word_1_544' title='bbox 1568 1753 1721 1783; x_wconf 87' lang='lat' dir='ltr'>annotari</span> <span class='ocrx_word' id='word_1_545' title='bbox 1737 1753 1881 1782; x_wconf 85' lang='lat' dir='ltr'>inferius</span> <span class='ocrx_word' id='word_1_546' title='bbox 1896 1753 1984 1787; x_wconf 82' lang='lat' dir='ltr'>fecit,</span> <span class='ocrx_word' id='word_1_547' title='bbox 1998 1753 2055 1791; x_wconf 85' lang='lat' dir='ltr'>qui</span> <span class='ocrx_word' id='word_1_548' title='bbox 2069 1756 2147 1781; x_wconf 88' lang='lat' dir='ltr'>sunt</span> <span class='ocrx_word' id='word_1_549' title='bbox 2161 1752 2262 1782; x_wconf 87' lang='lat' dir='ltr'>tales:</span> 
     </span>
    </p>
   </div>
   <div class='ocr_carea' id='block_1_18' title="bbox 1295 1858 2268 2948">
    <p class='ocr_par' dir='ltr' id='par_1_19' title="bbox 1295 1858 2268 2315">
     <span class='ocr_line' id='line_1_92' title="bbox 1298 1858 2264 1900; baseline 0 -12"><span class='ocrx_word' id='word_1_550' title='bbox 1298 1874 1311 1888; x_wconf 85' lang='lat'>«</span> <span class='ocrx_word' id='word_1_551' title='bbox 1333 1861 1413 1900; x_wconf 88' lang='lat' dir='ltr'>(Art.</span> <span class='ocrx_word' id='word_1_552' title='bbox 1432 1861 1469 1900; x_wconf 85' lang='grc' dir='ltr'>Ι).</span> <span class='ocrx_word' id='word_1_553' title='bbox 1493 1860 1615 1891; x_wconf 92' lang='lat' dir='ltr'>Nullus</span> <span class='ocrx_word' id='word_1_554' title='bbox 1638 1859 1818 1890; x_wconf 87' lang='lat' dir='ltr'>canonicus</span> <span class='ocrx_word' id='word_1_555' title='bbox 1842 1859 1981 1889; x_wconf 85' lang='lat' dir='ltr'>ecclesie</span> <span class='ocrx_word' id='word_1_556' title='bbox 2002 1858 2115 1889; x_wconf 82' lang='lat' dir='ltr'>Sancti</span> <span class='ocrx_word' id='word_1_557' title='bbox 2133 1858 2264 1888; x_wconf 87' lang='lat' dir='ltr'>Andree</span> 
     </span>
     <span class='ocr_line' id='line_1_93' title="bbox 1296 1911 2266 1951; baseline -0.004 -7"><span class='ocrx_word' id='word_1_558' title='bbox 1296 1913 1571 1951; x_wconf 82' lang='lat' dir='ltr'>Burdegalensis,</span> <span class='ocrx_word' id='word_1_559' title='bbox 1594 1912 1781 1951; x_wconf 87' lang='lat' dir='ltr'>regularem</span> <span class='ocrx_word' id='word_1_560' title='bbox 1807 1912 1907 1941; x_wconf 87' lang='lat' dir='ltr'>vitam</span> <span class='ocrx_word' id='word_1_561' title='bbox 1932 1912 2120 1950; x_wconf 81' lang='lat' dir='ltr'>professus,</span> <span class='ocrx_word' id='word_1_562' title='bbox 2144 1911 2266 1941; x_wconf 87' lang='lat' dir='ltr'>habeat</span> 
     </span>
     <span class='ocr_line' id='line_1_94' title="bbox 1295 1963 2263 2006; baseline -0.004 -10"><span class='ocrx_word' id='word_1_563' title='bbox 1295 1967 1475 2006; x_wconf 87' lang='lat' dir='ltr'>proprium,</span> <span class='ocrx_word' id='word_1_564' title='bbox 1490 1965 1643 1995; x_wconf 81' lang='lat' dir='ltr'>videlicet</span> <span class='ocrx_word' id='word_1_565' title='bbox 1655 1965 1799 1999; x_wconf 89' lang='lat' dir='ltr'>domum,</span> <span class='ocrx_word' id='word_1_566' title='bbox 1815 1964 1957 1999; x_wconf 88' lang='lat' dir='ltr'>vineam,</span> <span class='ocrx_word' id='word_1_567' title='bbox 1975 1964 2101 1999; x_wconf 88' lang='lat' dir='ltr'>vinum,</span> <span class='ocrx_word' id='word_1_568' title='bbox 2117 1963 2263 1999; x_wconf 84' lang='lat' dir='ltr'>bladum,</span> 
     </span>
     <span class='ocr_line' id='line_1_95' title="bbox 1299 2016 2266 2059; baseline -0.006 -9"><span class='ocrx_word' id='word_1_569' title='bbox 1299 2029 1406 2059; x_wconf 79' lang='lat' dir='ltr'>agros,</span> <span class='ocrx_word' id='word_1_570' title='bbox 1425 2028 1527 2058; x_wconf 80' lang='lat' dir='ltr'>equos</span> <span class='ocrx_word' id='word_1_571' title='bbox 1544 2019 1594 2048; x_wconf 90' lang='lat' dir='ltr'>vel</span> <span class='ocrx_word' id='word_1_572' title='bbox 1609 2027 1722 2056; x_wconf 83' lang='lat' dir='ltr'>equas,</span> <span class='ocrx_word' id='word_1_573' title='bbox 1737 2026 1852 2047; x_wconf 87' lang='lat' dir='ltr'>vaccas</span> <span class='ocrx_word' id='word_1_574' title='bbox 1869 2017 1920 2047; x_wconf 81' lang='lat' dir='ltr'>vel</span> <span class='ocrx_word' id='word_1_575' title='bbox 1934 2016 1999 2046; x_wconf 88' lang='lat' dir='ltr'>alia</span> <span class='ocrx_word' id='word_1_576' title='bbox 2012 2016 2181 2051; x_wconf 87' lang='lat' dir='ltr'>animalia,</span> <span class='ocrx_word' id='word_1_577' title='bbox 2201 2016 2266 2045; x_wconf 88' lang='lat' dir='ltr'>sci-</span> 
     </span>
     <span class='ocr_line' id='line_1_96' title="bbox 1298 2069 2266 2112; baseline -0.006 -9"><span class='ocrx_word' id='word_1_578' title='bbox 1298 2074 1380 2112; x_wconf 90' lang='lat' dir='ltr'>phos</span> <span class='ocrx_word' id='word_1_579' title='bbox 1398 2076 1582 2110; x_wconf 86' lang='lat' dir='ltr'>argenteos,</span> <span class='ocrx_word' id='word_1_580' title='bbox 1608 2070 1769 2101; x_wconf 88' lang='lat' dir='ltr'>coclearia</span> <span class='ocrx_word' id='word_1_581' title='bbox 1793 2074 1958 2107; x_wconf 73' lang='lat' dir='ltr'>argentea,</span> <span class='ocrx_word' id='word_1_582' title='bbox 1988 2069 2115 2104; x_wconf 77' lang='lat' dir='ltr'>anulos,</span> <span class='ocrx_word' id='word_1_583' title='bbox 2139 2069 2266 2106; x_wconf 88' lang='lat' dir='ltr'>lapides</span> 
     </span>
     <span class='ocr_line' id='line_1_97' title="bbox 1298 2122 2268 2165; baseline -0.005 -9"><span class='ocrx_word' id='word_1_584' title='bbox 1298 2126 1472 2165; x_wconf 85' lang='lat' dir='ltr'>pretiosos,</span> <span class='ocrx_word' id='word_1_585' title='bbox 1491 2124 1682 2163; x_wconf 86' lang='lat' dir='ltr'>pecuniam,</span> <span class='ocrx_word' id='word_1_586' title='bbox 1706 2132 1765 2153; x_wconf 78' lang='lat' dir='ltr'>nec</span> <span class='ocrx_word' id='word_1_587' title='bbox 1785 2122 1913 2161; x_wconf 83' lang='lat' dir='ltr'>aliquid</span> <span class='ocrx_word' id='word_1_588' title='bbox 1934 2122 2035 2157; x_wconf 89' lang='lat' dir='ltr'>aliud,</span> <span class='ocrx_word' id='word_1_589' title='bbox 2060 2122 2145 2160; x_wconf 85' lang='lat' dir='ltr'>quod</span> <span class='ocrx_word' id='word_1_590' title='bbox 2162 2122 2268 2160; x_wconf 83' lang='lat' dir='ltr'>possit</span> 
     </span>
     <span class='ocr_line' id='line_1_98' title="bbox 1300 2174 2268 2215; baseline -0.005 -6"><span class='ocrx_word' id='word_1_591' title='bbox 1300 2179 1360 2209; x_wconf 89' lang='lat' dir='ltr'>sub</span> <span class='ocrx_word' id='word_1_592' title='bbox 1388 2178 1522 2208; x_wconf 85' lang='lat' dir='ltr'>nomine</span> <span class='ocrx_word' id='word_1_593' title='bbox 1549 2177 1673 2215; x_wconf 90' lang='lat' dir='ltr'>proprii</span> <span class='ocrx_word' id='word_1_594' title='bbox 1702 2175 1948 2214; x_wconf 84' lang='lat' dir='ltr'>comprehendi,</span> <span class='ocrx_word' id='word_1_595' title='bbox 1977 2175 2033 2205; x_wconf 89' lang='lat' dir='ltr'>sed</span> <span class='ocrx_word' id='word_1_596' title='bbox 2062 2175 2128 2204; x_wconf 88' lang='lat' dir='ltr'>sint</span> <span class='ocrx_word' id='word_1_597' title='bbox 2155 2174 2268 2204; x_wconf 82' lang='lat' dir='ltr'>omnia</span> 
     </span>
     <span class='ocr_line' id='line_1_99' title="bbox 1299 2227 2267 2266; baseline -0.007 -4"><span class='ocrx_word' id='word_1_598' title='bbox 1299 2231 1498 2266; x_wconf 86' lang='lat' dir='ltr'>communia,</span> <span class='ocrx_word' id='word_1_599' title='bbox 1528 2231 1613 2260; x_wconf 89' lang='lat' dir='ltr'>sicut</span> <span class='ocrx_word' id='word_1_600' title='bbox 1639 2230 1672 2258; x_wconf 93' lang='lat' dir='ltr'>in</span> <span class='ocrx_word' id='word_1_601' title='bbox 1700 2229 1788 2259; x_wconf 87' lang='lat' dir='ltr'>beati</span> <span class='ocrx_word' id='word_1_602' title='bbox 1813 2228 1995 2265; x_wconf 85' lang='lat' dir='ltr'>Augustini</span> <span class='ocrx_word' id='word_1_603' title='bbox 2024 2227 2139 2265; x_wconf 87' lang='lat' dir='ltr'>regula</span> <span class='ocrx_word' id='word_1_604' title='bbox 2160 2227 2267 2256; x_wconf 87' lang='lat' dir='ltr'>conti-</span> 
     </span>
     <span class='ocr_line' id='line_1_100' title="bbox 1298 2289 1404 2315; baseline -0.019 -1"><span class='ocrx_word' id='word_1_605' title='bbox 1298 2289 1404 2315; x_wconf 89' lang='lat' dir='ltr'>netur.</span> 
     </span>
    </p>

    <p class='ocr_par' dir='ltr' id='par_1_20' title="bbox 1297 2332 2268 2906">
     <span class='ocr_line' id='line_1_101' title="bbox 1299 2332 2264 2376; baseline -0.005 -11"><span class='ocrx_word' id='word_1_606' title='bbox 1299 2350 1312 2365; x_wconf 74' lang='grc'>»</span> <span class='ocrx_word' id='word_1_607' title='bbox 1328 2338 1409 2376; x_wconf 82' lang='lat' dir='ltr'>(Art.</span> <span class='ocrx_word' id='word_1_608' title='bbox 1423 2337 1478 2373; x_wconf 83' lang='lat' dir='ltr'><strong>II).</strong></span> <span class='ocrx_word' id='word_1_609' title='bbox 1492 2335 1712 2367; x_wconf 87' lang='lat' dir='ltr'>Concedimus</span> <span class='ocrx_word' id='word_1_610' title='bbox 1726 2338 1761 2364; x_wconf 87' lang='lat' dir='ltr'>ut</span> <span class='ocrx_word' id='word_1_611' title='bbox 1775 2334 1931 2369; x_wconf 87' lang='lat' dir='ltr'>decanus,</span> <span class='ocrx_word' id='word_1_612' title='bbox 1947 2337 2012 2363; x_wconf 88' lang='lat' dir='ltr'>tres</span> <span class='ocrx_word' id='word_1_613' title='bbox 2026 2332 2264 2367; x_wconf 86' lang='lat' dir='ltr'>archidiaconi,</span> 
     </span>
     <span class='ocr_line' id='line_1_102' title="bbox 1298 2385 2268 2421; baseline -0.007 0"><span class='ocrx_word' id='word_1_614' title='bbox 1298 2390 1528 2421; x_wconf 84' lang='lat' dir='ltr'>thesaurarius</span> <span class='ocrx_word' id='word_1_615' title='bbox 1556 2394 1587 2419; x_wconf 84' lang='lat' dir='ltr'>ct</span> <span class='ocrx_word' id='word_1_616' title='bbox 1615 2388 1755 2418; x_wconf 82' lang='lat' dir='ltr'>sacrista</span> <span class='ocrx_word' id='word_1_617' title='bbox 1781 2388 1893 2417; x_wconf 87' lang='lat' dir='ltr'>domos</span> <span class='ocrx_word' id='word_1_618' title='bbox 1918 2391 1949 2416; x_wconf 86' lang='lat' dir='ltr'>et</span> <span class='ocrx_word' id='word_1_619' title='bbox 1970 2386 2116 2416; x_wconf 84' lang='lat' dir='ltr'>familias</span> <span class='ocrx_word' id='word_1_620' title='bbox 2140 2396 2176 2415; x_wconf 83' lang='lat' dir='ltr'>ac</span> <span class='ocrx_word' id='word_1_621' title='bbox 2202 2385 2268 2415; x_wconf 86' lang='lat' dir='ltr'>alia</span> 
     </span>
     <span class='ocr_line' id='line_1_103' title="bbox 1298 2438 2267 2479; baseline -0.008 -5"><span class='ocrx_word' id='word_1_622' title='bbox 1298 2443 1488 2474; x_wconf 88' lang='lat' dir='ltr'>necessaria</span> <span class='ocrx_word' id='word_1_623' title='bbox 1516 2446 1547 2472; x_wconf 88' lang='lat' dir='ltr'>et</span> <span class='ocrx_word' id='word_1_624' title='bbox 1573 2441 1687 2475; x_wconf 82' lang='lat' dir='ltr'>utilia,</span> <span class='ocrx_word' id='word_1_625' title='bbox 1716 2450 1779 2479; x_wconf 89' lang='lat' dir='ltr'>que</span> <span class='ocrx_word' id='word_1_626' title='bbox 1807 2439 1963 2477; x_wconf 80' lang='lat' dir='ltr'>dignitati</span> <span class='ocrx_word' id='word_1_627' title='bbox 1989 2448 2046 2469; x_wconf 87' lang='lat' dir='ltr'>scu</span> <span class='ocrx_word' id='word_1_628' title='bbox 2075 2438 2267 2477; x_wconf 82' lang='lat' dir='ltr'>personatui</span> 
     </span>
     <span class='ocr_line' id='line_1_104' title="bbox 1299 2490 2268 2532; baseline -0.008 -5"><span class='ocrx_word' id='word_1_629' title='bbox 1299 2501 1375 2527; x_wconf 91' lang='lat' dir='ltr'>sunt</span> <span class='ocrx_word' id='word_1_630' title='bbox 1392 2504 1531 2530; x_wconf 78' lang='lat' dir='ltr'>annexa,</span> <span class='ocrx_word' id='word_1_631' title='bbox 1552 2498 1583 2524; x_wconf 83' lang='lat' dir='ltr'>ct</span> <span class='ocrx_word' id='word_1_632' title='bbox 1600 2494 1665 2524; x_wconf 85' lang='lat' dir='ltr'>alia</span> <span class='ocrx_word' id='word_1_633' title='bbox 1682 2494 1755 2523; x_wconf 89' lang='lat' dir='ltr'>sine</span> <span class='ocrx_word' id='word_1_634' title='bbox 1772 2493 1893 2532; x_wconf 86' lang='lat' dir='ltr'>quibus</span> <span class='ocrx_word' id='word_1_635' title='bbox 1910 2495 2106 2530; x_wconf 80' lang='lat' dir='ltr'>personatus</span> <span class='ocrx_word' id='word_1_636' title='bbox 2126 2490 2176 2520; x_wconf 83' lang='lat' dir='ltr'>vel</span> <span class='ocrx_word' id='word_1_637' title='bbox 2196 2491 2268 2527; x_wconf 79' lang='lat' dir='ltr'>dig-</span> 
     </span>
     <span class='ocr_line' id='line_1_105' title="bbox 1299 2544 2264 2581; baseline -0.008 -2"><span class='ocrx_word' id='word_1_638' title='bbox 1299 2549 1386 2579; x_wconf 87' lang='lat' dir='ltr'>nitas</span> <span class='ocrx_word' id='word_1_639' title='bbox 1401 2549 1555 2578; x_wconf 88' lang='lat' dir='ltr'>decenter</span> <span class='ocrx_word' id='word_1_640' title='bbox 1572 2556 1608 2576; x_wconf 88' lang='lat' dir='ltr'>ac</span> <span class='ocrx_word' id='word_1_641' title='bbox 1623 2546 1791 2576; x_wconf 88' lang='lat' dir='ltr'>commode</span> <span class='ocrx_word' id='word_1_642' title='bbox 1810 2544 2049 2575; x_wconf 85' lang='lat' dir='ltr'>amministrari</span> <span class='ocrx_word' id='word_1_643' title='bbox 2068 2553 2131 2572; x_wconf 89' lang='lat' dir='ltr'>non</span> <span class='ocrx_word' id='word_1_644' title='bbox 2148 2547 2264 2581; x_wconf 81' lang='lat' dir='ltr'>potest,</span> 
     </span>
     <span class='ocr_line' id='line_1_106' title="bbox 1297 2595 2264 2636; baseline -0.008 -5"><span class='ocrx_word' id='word_1_645' title='bbox 1297 2602 1420 2631; x_wconf 85' lang='lat' dir='ltr'>habere</span> <span class='ocrx_word' id='word_1_646' title='bbox 1440 2601 1586 2635; x_wconf 86' lang='lat' dir='ltr'>valeant,</span> <span class='ocrx_word' id='word_1_647' title='bbox 1615 2608 1680 2629; x_wconf 85' lang='lat' dir='ltr'>non</span> <span class='ocrx_word' id='word_1_648' title='bbox 1705 2603 1740 2628; x_wconf 86' lang='lat' dir='ltr'>ut</span> <span class='ocrx_word' id='word_1_649' title='bbox 1759 2598 1901 2636; x_wconf 79' lang='lat' dir='ltr'>propria,</span> <span class='ocrx_word' id='word_1_650' title='bbox 1926 2597 1983 2627; x_wconf 88' lang='lat' dir='ltr'>scd</span> <span class='ocrx_word' id='word_1_651' title='bbox 2006 2601 2040 2625; x_wconf 90' lang='lat' dir='ltr'>ut</span> <span class='ocrx_word' id='word_1_652' title='bbox 2065 2595 2264 2630; x_wconf 87' lang='lat' dir='ltr'>communia,</span> 
     </span>
     <span class='ocr_line' id='line_1_107' title="bbox 1297 2648 2266 2694; baseline -0.009 -9"><span class='ocrx_word' id='word_1_653' title='bbox 1297 2656 1444 2694; x_wconf 86' lang='lat' dir='ltr'>ipsorum</span> <span class='ocrx_word' id='word_1_654' title='bbox 1462 2653 1661 2684; x_wconf 76' lang='lat' dir='ltr'>necessariis</span> <span class='ocrx_word' id='word_1_655' title='bbox 1675 2656 1705 2682; x_wconf 88' lang='lat' dir='ltr'>et</span> <span class='ocrx_word' id='word_1_656' title='bbox 1718 2651 1868 2681; x_wconf 75' lang='lat' dir='ltr'>honestis</span> <span class='ocrx_word' id='word_1_657' title='bbox 1883 2650 1999 2679; x_wconf 86' lang='lat' dir='ltr'>usibus</span> <span class='ocrx_word' id='word_1_658' title='bbox 2017 2649 2190 2686; x_wconf 80' lang='lat' dir='ltr'>dcputata:</span> <span class='ocrx_word' id='word_1_659' title='bbox 2207 2648 2266 2677; x_wconf 86' lang='lat' dir='ltr'>hoc</span> 
     </span>
     <span class='ocr_line' id='line_1_108' title="bbox 1297 2701 2263 2738; baseline -0.009 -1"><span class='ocrx_word' id='word_1_660' title='bbox 1297 2708 1385 2738; x_wconf 88' lang='lat' dir='ltr'>idem</span> <span class='ocrx_word' id='word_1_661' title='bbox 1412 2706 1620 2737; x_wconf 80' lang='lat' dir='ltr'>extendimus</span> <span class='ocrx_word' id='word_1_662' title='bbox 1652 2705 1691 2735; x_wconf 87' lang='lat' dir='ltr'>ad</span> <span class='ocrx_word' id='word_1_663' title='bbox 1719 2704 1907 2738; x_wconf 88' lang='lat' dir='ltr'>canonicos,</span> <span class='ocrx_word' id='word_1_664' title='bbox 1938 2701 2263 2735; x_wconf 85' lang='lat' dir='ltr'>administrationes,</span> 
     </span>
     <span class='ocr_line' id='line_1_109' title="bbox 1297 2753 2266 2791; baseline -0.011 0"><span class='ocrx_word' id='word_1_665' title='bbox 1297 2760 1503 2791; x_wconf 85' lang='lat' dir='ltr'>obedientias</span> <span class='ocrx_word' id='word_1_666' title='bbox 1524 2759 1575 2789; x_wconf 85' lang='lat' dir='ltr'>vel</span> <span class='ocrx_word' id='word_1_667' title='bbox 1596 2759 1736 2788; x_wconf 77' lang='lat' dir='ltr'>liallivas</span> <span class='ocrx_word' id='word_1_668' title='bbox 1758 2757 1937 2790; x_wconf 77' lang='lat' dir='ltr'>habentes,</span> <span class='ocrx_word' id='word_1_669' title='bbox 1962 2755 2158 2783; x_wconf 85' lang='lat' dir='ltr'>mandamus</span> <span class='ocrx_word' id='word_1_670' title='bbox 2180 2753 2266 2791; x_wconf 77' lang='lat' dir='ltr'>quod</span> 
     </span>
     <span class='ocr_line' id='line_1_110' title="bbox 1297 2806 2263 2851; baseline -0.01 -7"><span class='ocrx_word' id='word_1_671' title='bbox 1297 2819 1363 2844; x_wconf 86' lang='lat' dir='ltr'>tam</span> <span class='ocrx_word' id='word_1_672' title='bbox 1390 2814 1425 2843; x_wconf 89' lang='lat' dir='ltr'>in</span> <span class='ocrx_word' id='word_1_673' title='bbox 1451 2812 1683 2851; x_wconf 84' lang='lat' dir='ltr'>personatibus</span> <span class='ocrx_word' id='word_1_674' title='bbox 1709 2810 1760 2840; x_wconf 85' lang='lat' dir='ltr'>vel</span> <span class='ocrx_word' id='word_1_675' title='bbox 1785 2810 1819 2838; x_wconf 91' lang='lat' dir='ltr'>in</span> <span class='ocrx_word' id='word_1_676' title='bbox 1845 2808 2065 2845; x_wconf 77' lang='lat' dir='ltr'>dignitatibus</span> <span class='ocrx_word' id='word_1_677' title='bbox 2090 2806 2263 2835; x_wconf 86' lang='lat' dir='ltr'>constituti</span> 
     </span>
     <span class='ocr_line' id='line_1_111' title="bbox 1298 2859 2265 2906; baseline -0.011 -9"><span class='ocrx_word' id='word_1_678' title='bbox 1298 2877 1397 2906; x_wconf 82' lang='lat' dir='ltr'>quam</span> <span class='ocrx_word' id='word_1_679' title='bbox 1421 2865 1590 2904; x_wconf 82' lang='lat' dir='ltr'>simplices</span> <span class='ocrx_word' id='word_1_680' title='bbox 1620 2864 1677 2894; x_wconf 83' lang='lat' dir='ltr'>alii</span> <span class='ocrx_word' id='word_1_681' title='bbox 1708 2863 1859 2893; x_wconf 87' lang='lat' dir='ltr'>canonici</span> <span class='ocrx_word' id='word_1_682' title='bbox 1889 2866 1989 2891; x_wconf 79' lang='lat' dir='ltr'>totum</span> <span class='ocrx_word' id='word_1_683' title='bbox 2019 2859 2206 2898; x_wconf 81' lang='lat' dir='ltr'>proprium,</span> <span class='ocrx_word' id='word_1_684' title='bbox 2237 2859 2265 2888; x_wconf 87' lang='lat' dir='ltr'>si</span> 
     </span>
    </p>

    <p class='ocr_par' dir='ltr' id='par_1_21' title="bbox 2102 2925 2131 2948">
     <span class='ocr_line' id='line_1_112' title="bbox 2102 2925 2131 2948; baseline 0.034 -1"><span class='ocrx_word' id='word_1_685' title='bbox 2102 2925 2131 2948; x_wconf 70' lang='lat'>57</span> 
     </span>
    </p>
   </div>
  </div>
 </body>
</html>
