2498 3325
987 203 1217 241 DEUXIEME
1239 201 1397 239 ANNEE.
2188 208 2240 238 471

149 280 224 314 quod
247 284 336 306 mater
355 287 470 311 eorum,
488 278 648 307 Alaslaisis,
664 277 807 303 hereticos
822 277 983 303 adoraverit
1002 280 1030 302 et
1046 277 1073 302 in
1092 284 1154 310 pro-

150 331 210 364 pria
226 329 310 355 domo
333 328 483 363 receperit.
505 328 585 360 (Rea.
608 327 656 358 24,
677 327 695 354 f.
717 327 783 360 ⁶204,
800 335 866 353 ann.
884 326 925 357 ll,
943 335 968 352 c.
987 326 1059 356 4⁶25.)

192 443 203 457 «
220 431 355 460 Arnaldo
368 431 502 459 Morlane
513 435 538 458 et
552 430 674 463 Soneio,
687 430 849 465 fratribus,
867 429 899 457 de
913 429 1001 457 Pedio
1014 429 1156 457 Naulerii

149 485 219 513 etde
228 484 564 520 Senefineecclesiarum
576 483 751 515 rectoribus,
766 483 1012 512 Carcassonensis
1021 483 1154 511 [Iz'ocesis.

150 536 305 566 Exhibita
329 535 424 565 nobis
447 539 557 565 vestra
581 535 696 573 petitio
720 534 924 569 continebat,
953 534 1054 572 quod,
1080 534 1157 564 licet

151 589 316 627 quondam
334 588 512 623 Aladaisis,
530 592 635 617 mater
653 592 774 622 vestra,
792 596 921 617 summa
944 587 1157 625 simplicitate

151 642 300 672 seducta.
319 641 482 671 hereticos
507 640 707 671 adoraverit.
730 640 819 678 ipsos
844 640 877 668 in
904 640 1036 678 propria
1062 640 1157 669 domo

151 695 322 732 receperit,
341 694 378 724 de
395 694 491 724 bonis
507 693 650 732 propriis
667 693 791 723 eisdem
809 693 946 727 dederit,
964 693 1157 731 predicatio-

153 747 251 776 nibus
276 747 422 784 ipsorum
449 746 657 779 interfuerit,
681 754 797 784 panem
823 745 863 775 ab
883 746 931 775 eis
945 746 1039 784 juxta
1056 746 1158 774 ritum

152 800 298 838 ipsorum
312 799 523 829 benedictum
541 799 718 836 sumpserit
736 799 1012 829 manducandum.
1031 802 1062 827 et
1076 798 1158 827 alias

152 852 400 890 participaverit
416 861 490 881 cum
507 851 647 882 eisdem.
667 860 731 880 non
751 855 858 880 tamen
876 851 1022 880 heretica
1039 851 1157 885 extitit,

153 905 239 934 sicut
251 905 381 934 videtur
395 913 431 934 ex
444 913 480 934 eo
494 904 589 942 quod,
603 904 679 933 dum
694 907 804 941 ageret
820 903 854 932 in
869 903 1035 938 extremis,
1050 911 1159 932 sacer-

154 957 262 987 dotem
295 957 464 995 proprium
494 956 681 991 advocavit,
715 956 811 994 eique
841 957 1010 989 confessa,
1042 964 1160 993 corpus

152 1010 280 1041 Christi
295 1009 419 1048 recepit
433 1009 473 1039 ab
489 1009 571 1047 ipso,
587 1013 617 1039 et
629 1017 746 1047 corpus
758 1008 864 1047 ipsius
878 1009 966 1039 inter
981 1008 1160 1039 catholicos

152 1063 217 1092 fuit
233 1063 390 1092 traditum
408 1062 632 1092 ecclesiastice
650 1061 829 1100 sepulture.
843 1062 928 1098 Quia
939 1071 1015 1092 vero
1027 1061 1160 1100 probari

146 1122 217 1145 ‘non
233 1120 358 1154 potest,
377 1115 464 1153 quod
485 1115 571 1144 dicta
590 1119 695 1145 mater
711 1119 820 1145 vestra
836 1116 988 1145 consessa
1005 1115 1105 1145 fuerit
1121 1114 1160 1144 de

152 1168 293 1199 crimine
320 1171 512 1202 memorato,
539 1172 575 1197 ut.
602 1168 694 1197 vobis
720 1168 876 1203 timeatis,
905 1168 1005 1207 hujus
1032 1168 1160 1197 ratione

153 1220 316 1255 criminis,
333 1220 467 1258 aliquod
479 1224 584 1250 status
600 1224 630 1249 et
644 1220 730 1249 fame
747 1219 925 1250 discrimen
943 1220 977 1249 in
993 1224 1161 1258 posterum

152 1273 344 1307 imminere,
364 1273 460 1302 nobis
481 1272 654 1302 humiliter
675 1272 903 1310 supplicastis,
920 1277 957 1302 ut
982 1272 1162 1311 superbiis

153 1326 326 1364 providere
343 1325 435 1355 vohis
452 1325 713 1355 misericorditer
729 1334 934 1355 curaremus.
962 1326 1030 1355 Nos
1047 1325 1160 1363 igitur,

153 1379 274 1409 vestris
290 1378 444 1416 precibus
457 1377 622 1411 inclinati,
636 1378 729 1407 vobis
747 1377 940 1407 auctoritate
957 1377 1163 1416 presentium

155 1431 388 1469 indulgemus,
420 1435 473 1466 ut,
511 1430 668 1469 predictis
699 1439 907 1468 nequaquam
940 1430 1160 1466 obstantibus,

154 1484 259 1513 dictas
286 1483 442 1512 ecclesias
468 1483 572 1513 libere
600 1483 744 1512 retinere
770 1483 920 1520 possitis,
942 1492 993 1517 ac,
1014 1487 1164 1521 pretextu

154 1536 345 1575 hujusmodi
362 1535 504 1566 materni
521 1535 683 1570 criminis,
696 1535 823 1564 nullum
841 1535 933 1565 vobis
950 1545 1048 1573 super
1064 1535 1164 1565 eccle-

153 1589 214 1618 siis
237 1588 330 1626 ipsis,
350 1588 522 1617 beneficiis
546 1597 605 1617 seu
623 1588 793 1617 canonicis
813 1588 975 1617 assecutis
992 1588 1044 1618 vel
1063 1589 1164 1618 etiam

155 1641 383 1680 assequendis,
403 1640 610 1670 obstaculum
625 1644 819 1678 opponatur,
834 1641 932 1669 etiam
950 1641 977 1670 si
995 1641 1163 1679 aliquibus

154 1693 413 1732 inquisitoribus
444 1693 591 1723 heretice
624 1693 797 1731 pravitatis
827 1693 870 1722 sit
901 1693 1115 1723 commissum
1146 1703 1164 1723 a

157 1747 239 1777 Sede
265 1746 444 1784 apostolica
469 1745 519 1775 vel
539 1754 750 1779 concessum,
775 1749 826 1780 ut,
849 1746 887 1775 de
912 1746 1164 1776 diocesanorum

155 1799 305 1834 consilio,
318 1799 404 1829 filios
418 1798 651 1833 hereticorum,
666 1798 832 1827 fautorum
849 1807 907 1827 seu
924 1802 1164 1836 receptator-um

154 1862 269 1883 eorum
286 1852 414 1890 privare
434 1851 561 1889 possint
577 1850 761 1880 honoribus
778 1850 1015 1880 ecclesiasticis
1032 1860 1091 1881 seu
1108 1851 1165 1881 be-

155 1905 362 1943 neficiisjam
374 1904 530 1938 obtentis,
542 1907 595 1933 aut
611 1903 639 1932 si
654 1903 736 1932 forte
749 1907 862 1933 contra
876 1903 1014 1933 eandem
1026 1909 1166 1934 matrem

156 1962 302 1988 vestram
319 1955 628 1994 condempnationis
645 1955 811 1985 sententia
827 1956 929 1985 fuerit
946 1956 1162 1994 promulgata.

156 2010 250 2040 Nulli
284 2014 344 2039 etc.
386 2013 497 2038 nostre
535 2008 761 2038 concessionis
792 2013 851 2038 etc.

158 2064 208 2093 Ill
226 2063 300 2092 idus
317 2062 471 2097 octobris,
492 2070 578 2090 anno
595 2061 751 2091 secundo.
772 2074 784 2087 n

893 2009 966 2038 Dat.
1000 2009 1164 2047 Anagnie,

233 2235 348 2263 1513

197 2295 355 2329 negiu-aldo
376 2295 410 2321 de
426 2294 531 2327 Turre,
550 2294 655 2320 clerico
675 2293 861 2320 carnotensis
878 2294 1019 2327 dlocesiS‚
1036 2302 1070 2320 ex
1089 2298 1168 2328 patre

159 2345 338 2372 subdiacono
358 2344 456 2377 genito
473 2346 500 2368 et
518 2342 655 2373 muliere,
674 2342 721 2368 cui
743 2342 823 2377 prius
838 2343 953 2377 quidam
976 2343 1067 2369 laicus
1084 2343 1168 2369 fidem

160 2394 194 2420 de
210 2392 405 2420 contrahendo
423 2392 604 2417 matrimonio
625 2391 758 2422 dederat,
778 2391 945 2425 dispensat,
965 2395 994 2417 ut
1011 2391 1045 2417 ad
1067 2400 1169 2417 omnes

692 2233 816 2267 Anagni,
836 2234 866 2259 10
883 2233 1000 2259 octobre
1020 2233 1095 2259 1256.

161 2450 260 2469 sacros
276 2441 392 2467 ordines
410 2439 570 2474 promoveri
593 2439 684 2465 valeat
699 2443 727 2465 et.
743 2439 798 2465 duo
816 2439 955 2466 beneficia
971 2441 1169 2467 ecclesiastica

160 2491 299 2525 recipere.
320 2489 402 2521 (itm.
418 2489 463 2521 234,
480 2489 499 2514 s.
515 2488 578 2519 ⁶204,
596 2496 664 2514 ann.
681 2487 719 2518 11,
738 2496 763 2514 c.
782 2488 855 2520 426.)

204 2604 215 2617 α
255 2591 418 2628 Iteqimtldo
451 2590 484 2618 (Ze
517 2590 630 2624 Turre,
668 2590 774 2618 clerico
807 2590 1001 2619 Carnolensis
1034 2591 1169 2619 diocesis.

163 2643 343 2675 Consuevit
375 2642 475 2672 Sedes
512 2641 691 2679 apostolica
720 2642 874 2679 precibus
909 2643 1172 2673 condescendere

163 2697 371 2730 devotorum,
401 2704 582 2733 eorum131ue
612 2694 695 2723 votis
722 2695 869 2724 savorem
894 2695 1085 2725 benivolum
1110 2696 1172 2725 im—

164 2749 292 2788 pertiri.
317 2748 401 2778 Cum
428 2748 530 2785 igitur
552 2756 588 2777 ex
611 2752 702 2785 parte
727 2752 782 2776 tua
806 2747 868 2777 suit
892 2749 1095 2786 propositum
1119 2758 1173 2779 co-

165 2811 235 2831 ram
261 2801 373 2837 nobis,
398 2805 489 2839 pater
518 2805 593 2829 tuus
620 2800 843 2829 subdiaconus
872 2810 909 2829 ex
936 2802 1077 2839 quadam
1101 2811 1173 2832 niu-

165 2854 247 2884 11010
272 2859 301 2884 te
327 2853 494 2892 genuerit,
520 2853 574 2883 cui
601 2853 693 2891 prius
720 2853 853 2891 quidam
880 2853 984 2883 laicus
1010 2855 1107 2885 iidem
1135 2855 1173 2885 dc

1237 275 1461 305 contrahendo
1491 275 1702 304 matrimonio
1732 284 1805 304 cum
1835 275 1907 312 ipsa
1936 275 2085 310 dederat,
2118 275 2244 305 carnali

1237 327 1444 365 postmodum
1470 327 1647 357 subsecuta
1672 327 1802 364 copula,
1826 336 2026 365 quamquam
2054 328 2245 367 hujusmodi

1238 381 1404 410 dationem
1418 381 1495 410 fidei
1508 380 1695 418 nequiverit
1708 384 1821 418 postea
1834 389 1943 410 coram
1956 381 2245 420 01·dinariojudice

1239 433 1462 471 comprobare.
1482 434 1550 462 Nos
1566 433 1713 463 volentes
1730 433 1801 467 tibi,
1820 433 1956 463 obtentu
1973 434 2085 463 dilecti
2102 434 2162 463 filii
2180 444 2245 464 ma-

1239 486 1335 523 gistri
1361 486 1447 515 Petri
1475 486 1512 516 de
1534 486 1664 520 Castra,
1681 486 1833 515 canonici
1855 486 2086 521 Carnotensis,
2105 487 2245 523 gratiam

1240 539 1348 568 facere
1374 538 1566 576 specialem,
1585 543 1620 568 ut
1643 539 1683 568 ad
1705 548 1818 568 omnes
1840 548 1950 569 sacros
1967 539 2099 569 ordines
2116 549 2246 578 promo-

1239 591 1320 625 veri,
1334 595 1363 620 et
1379 591 1441 620 duo
1456 591 1617 620 beneficia
1633 591 1868 625 ecclesiastica,
1886 591 1985 621 etiam
2002 591 2029 621 si
2047 601 2160 621 curam
2177 592 2245 621 ani-

1239 652 1369 672 marum
1393 643 1547 675 habeant,
1569 643 1715 681 recipere
1736 643 1842 673 licite.
1863 644 1891 673 si
1910 644 1970 673 tibi
1990 645 2147 674 canonice
2167 645 2247 674 ofle-

1241 700 1367 731 rantur,
1386 705 1422 725 ac
1443 696 1587 725 retinere
1604 696 1707 725 libere
1724 696 1846 731 valeas,
1864 696 2055 735 hujusmodi
2071 697 2199 727 defectu
2217 701 2248 727 et

1241 748 1477 778 constitutione
1489 748 1652 785 generalis
1664 748 1796 777 concilii
1807 758 2015 787 nequaquam
2026 749 2246 784 obstantibus,

1242 804 1348 830 tecum
1367 800 1561 829 auctoritate
1579 800 1783 838 presentium
1800 800 2041 838 dispensamus.
2062 803 2198 831 Proviso
2213 805 2249 831 ut

1242 853 1354 882 eadem
1378 853 1540 882 beneficia
1566 852 1686 882 debitis
1708 862 1772 882 11011
1794 853 1991 883 fraudentur
2010 854 2195 892 obsequiis,
2219 858 2250 885 et

1242 906 1276 934 111
1294 905 1342 935 eis
1360 905 1545 934 animarum
1561 914 1638 934 cura
1651 905 1842 935 nullatenus
1857 905 2055 943 negligatur.
2074 908 2124 936 Ita
2141 911 2250 937 tamen

1242 958 1329 997 quod
1347 958 1548 995 prebendam
1570 966 1628 987 seu
1648 957 1847 987 beneficium
1865 958 1951 996 quod
1969 958 2020 988 vel
2039 968 2137 997 quam
2161 963 2251 997 pater

1243 1015 1319 1040 tuus
1340 1010 1495 1041 obtinuit.
1513 1010 1704 1040 nullatenus
1726 1011 1929 1049 assequaris.
1949 1011 2042 1041 Nulli
2060 1017 2120 1041 etc.
2140 1016 2250 1042 nostre

1243 1063 1502 1101 dispensationis
1533 1067 1594 1092 etc.
1628 1064 1700 1092 Dat.
1728 1063 1895 1101 Anagnie,
1920 1065 1966 1094 VI
1992 1064 2067 1093 idus
2094 1064 2249 1097 octobris,

1243 1124 1329 1146 anno
1346 1116 1500 1145 secundo.
1523 1128 1534 1141 n

1318 1302 1436 1332 151⁴

1282 1363 1422 1392 Mattiaco,
1442 1363 1544 1388 rectori
1562 1363 1701 1388 ccclesiae
1719 1362 1754 1388 de
1770 1362 1969 1397 Bouglainval,
1988 1363 2175 1389 Curnotensis
2190 1364 2252 1390 dio-

1795 1302 1920 1336 Anagnt,
1939 1302 1954 1329 9
1968 1303 2084 1329 octobre
2105 1303 2180 1329 1256.

1245 1412 1332 1443 cesis,
1358 1412 1496 1445 indulget,
1521 1417 1551 1436 ut
1577 1411 1692 1437 unicum
1723 1411 1797 1438 aliud
1827 1411 1996 1437 beneficium
2020 1412 2252 1438 ecclesiasticum

1245 1460 1374 1494 recipere
1391 1461 1491 1486 valeat.
1513 1459 1593 1491 (litu.
1608 1460 1652 1493 ⁶24,
1671 1460 1689 1486 f.
1711 1460 1773 1491 204,
1786 1469 1853 1486 ann.
1871 1460 1906 1491 ΙΙ,
1925 1469 1950 1487 c.
1969 1462 2040 1495 427.)

1288 1573 1300 1587 «
1316 1562 1438 1596 Matheo,
1456 1562 1564 1589 rectori
1577 1562 1693 1590 ecclesie
1704 1561 1737 1589 de
1747 1562 1899 1598 Boglanel,
1912 1562 2104 1591 Carnotensis
2117 1564 2252 1593 diocesis.

1246 1613 1317 1643 Etsi
1341 1617 1473 1651 propter
1496 1613 1712 1643 ambitionem
1734 1614 1958 1652 quorundam,
1980 1624 2020 1645 ne
2044 1615 2118 1654 quis
2143 1616 2254 1654 plures

1246 1666 1404 1696 ecclesias
1421 1665 1473 1695 vel
1489 1666 1715 1695 ecclesiastica
1733 1666 1895 1696 beneficia
1914 1666 2046 1703 habeat,
2065 1669 2151 1698 sacri
2175 1678 2254 1699 con-

1246 1718 1316 1748 cilii
1341 1718 1534 1748 constitutio
1560 1719 1753 1753 interdicat,
1778 1719 1853 1748 illos
1880 1723 1990 1749 tamen
2016 1729 2255 1760 nonnunquam

1247 1770 1425 1809 apostolice
1444 1771 1538 1800 Sedis
1555 1771 1661 1808 gratia
1678 1771 1890 1809 prosequitur
1907 1772 2070 1810 ampliori,
2087 1774 2143 1811 qui
2160 1775 2256 1803 mori-

1246 1824 1308 1853 bus
1327 1828 1446 1853 ornant
1466 1823 1640 1853 scientiam
1662 1828 1692 1853 et
1716 1824 2002 1854 conversationem
2024 1826 2179 1855 muniunt
2197 1826 2257 1856 110-

1247 1881 1387 1907 nestate.
1407 1876 1491 1907 Cum
1514 1876 1616 1914 igitur
1639 1877 1677 1906 de
1700 1876 1886 1907 litterarum
1911 1878 2068 1913 scientia,
2088 1880 2258 1910 mundicia

1247 1929 1313 1959 vite
1330 1929 1493 1968 bonisque
1510 1929 1657 1959 moribus
1675 1930 1932 1965 commenderis,
1949 1939 2025 1965 nos,
2041 1931 2137 1961 bouis
2157 1932 2258 1962 bene-

1247 1983 1357 2012 facere
1374 1983 1559 2020 cupientes‚
1581 1992 1617 2012 ac
1633 1982 1845 2013 intendentes
1863 1987 1892 2013 te
1910 1992 1966 2021 per
1983 1984 2057 2020 hoc,
2076 1990 2107 2015 et
2122 1986 2259 2015 obtentu

1249 2035 1361 2065 dilecti
1384 2035 1446 2064 filii
1470 2035 1621 2072 magistri
1643 2035 1733 2065 Petri
1756 2035 1794 2065 de
1816 2036 1947 2071 Castra,
1967 2038 2118 2067 canonici
2135 2038 2259 2069 Carno-

1249 2087 1366 2122 tensis,
1387 2088 1481 2126 cujus
1499 2087 1639 2117 clericus
1657 2088 1783 2123 existiS,
1802 2089 2010 2126 prerogativa
2027 2090 2131 2127 gratie
2148 2100 2261 2128 prosc-

1250 2140 1307 2178 qui
1324 2140 1471 2178 speciali,
1490 2144 1526 2169 ut
1542 2145 1651 2178 preter
1668 2140 1842 2170 ecclesiam
1859 2141 1897 2170 de
1915 2141 2076 2179 Reglanal
2094 2143 2168 2182 (sie),
2180 2144 2261 2174 Car-

1250 2193 1400 2222 notensis
1426 2192 1583 2227 diocesis,
1603 2202 1715 2222 curam
1742 2193 1929 2223 animarum
1951 2194 2145 2231 habentem,
2162 2206 2262 2235 quam

1251 2246 1397 2280 obtines,
1416 2245 1552 2275 unicum
1573 2245 1664 2275 aliud
1685 2246 1884 2276 beneficium
1903 2256 1963 2277 seu
1980 2252 2194 2285 personatum
2211 2248 2263 2280 vel

1252 2299 1448 2336 dignitatem
1466 2298 1738 2334 ecclesiasticam,
1757 2308 1831 2328 011111
1850 2308 1928 2329 cura
1943 2300 1996 2330 vel
2014 2300 2086 2331 sine
2104 2310 2193 2337 cura,
2212 2311 2264 2332 re-

1252 2352 1360 2390 cipere
1386 2351 1512 2387 valeas,
1532 2360 1567 2381 ac
1589 2360 1657 2381 una
1680 2361 1754 2381 cum
1774 2352 1887 2382 eadem
1905 2353 2205 2384 00010510101111011ι
2222 2355 2264 2384 li-

1252 2405 1344 2441 bere,
1367 2414 1432 2434 nou
1451 2404 1603 2434 obstante
1627 2401 1864 2435 constitutione
1888 2406 2050 2443 predicta,
2069 2408 2265 2438 auctoritate

1254 2458 1459 2496 presentium
1479 2458 1539 2487 tibi
1562 2458 1786 2496 indulgemus.
1813 2459 1906 2489 Nulli
1923 2463 1983 2490 etc.
2003 2464 2113 2490 nostre
2130 2469 2265 2491 conces-

1254 2511 1359 2541 sionis
1385 2515 1446 2540 etc.
1470 2511 1543 2540 Dat.
1561 2511 1730 2548 Anagnie,
1746 2512 1809 2541 VH
1826 2512 1900 2542 idus
1923 2513 2083 2549 octobris,
2103 2522 2189 2543 anno
2213 2523 2265 2544 se-

1255 2564 1373 2593 cundo.
1394 2576 1406 2589 υ

1333 2749 1452 2776 1515
1790 2750 1913 2782 Anagni.
1936 2749 1961 2774 11
1982 2750 2098 2775 octobre
2119 2751 2194 2777 1256.

1294 2810 1488 2844 lusi-ascriptis
1505 2810 1629 2842 mandat,
1650 2816 1678 2836 ut
1695 2815 1900 2836 *nonasterium
1918 2812 2092 2837 (ἧι-3000111111
2111 2813 2145 2837 de
2161 2812 2267 2839 Tribus

1257 2858 1372 2890 Pueris,
1395 2859 1568 2885 Get-cntinuo
1587 2860 1729 2891 diocesis,
1750 2860 1876 2893 graviter
1897 2860 2055 2893 collapsum
2077 2860 2111 2886 de
2139 2861 2267 2887 Ftoreusi
