2498 3325
1015 214 1246 251 DEUXIEME
1267 213 1428 251 ANNEE.
1840 222 1843 225 “
2216 221 2273 252 439

176 300 189 315 »
214 289 403 323 confovere,
427 287 633 326 plenioribus
659 291 690 317 et
712 287 919 325 planioribus
942 287 1128 325 privilegiis
1151 291 1182 317 et

176 353 189 368 »
213 340 433 378 indulgentiis
458 344 611 370 tenemur
636 339 812 369 honorare.
838 341 1018 378 Eapropter
1044 349 1182 370 venera-

176 406 189 421 »
214 394 292 424 bilis
316 393 420 432 patris
443 393 527 423 bone
548 392 707 423 memorie
728 392 854 422 domini
870 393 1057 427 Godefridi,
1076 401 1182 431 quon-

176 459 189 473 »
214 447 289 476 dam
297 445 549 477 Cameracensis
562 445 717 483 episcopi,
728 445 972 483 predecessoris
985 450 1015 475 et
1026 445 1183 475 avunculi

175 511 189 527 »
214 499 335 535 nostri,
353 499 504 537 vestigiis
527 499 736 533 inherentes,
758 499 816 537 qui
834 499 1009 529 ecclesiam
1027 499 1184 529 Camera-

176 565 189 580 »
214 561 347 583 oensem
370 552 546 582 honoravit
566 552 600 581 in
623 551 754 586 multis,
773 551 811 581 de
835 556 946 581 nostre
970 550 1183 581 liberalitatis

176 618 189 633 »
215 606 332 644 gratia,
343 606 436 635 vobis
449 606 660 635 concedimus
673 609 704 635 et
718 605 921 635 conferimus
937 605 973 634 in
988 608 1185 642 perpetuum

176 672 189 686 »
214 663 326 689 nostre
336 659 513 698 judiciarie
526 658 698 696 potestatis
711 667 747 687 ac
758 658 926 688 ordinarie
938 657 1184 697 jurisdictionis

176 725 189 739 »
213 721 327 748 usum,
351 716 418 742 tam
442 712 477 741 in
502 711 703 750 presbiteros
729 711 763 740 in
791 711 912 741 vestris
938 711 1088 741 ecclesiis
1115 719 1185 740 ser-

176 778 189 791 »
213 765 342 795 vientes
365 769 395 794 et
418 765 452 794 in
473 764 610 794 clericos
630 769 772 799 vestros,
791 773 911 794 census
930 768 961 794 et
976 764 1125 793 redditus
1149 772 1185 792 ac

177 831 189 845 »
215 818 281 848 alia
299 818 386 847 bona
401 822 511 847 vestra
528 821 695 847 tenentes.
715 826 814 855 quam
830 817 930 846 etiam
946 817 980 845 in
996 816 1099 845 laicos
1116 824 1186 845 om-

176 883 189 897 »
215 879 273 901 nes
290 870 436 900 civitatis
453 874 564 900 nostre
583 874 613 900 et
629 869 783 904 diocesis,
801 869 862 899 1100
879 869 973 898 modo
990 868 1087 907 quod,
1106 869 1134 897 si
1150 867 1186 897 in

176 936 190 951 »
215 923 370 954 censibus
394 922 445 952 vel
466 922 651 952 redditibus
670 922 722 952 vel
739 922 835 951 bonis
852 921 927 951 aliis
944 930 1003 951 seu
1019 921 1118 951 rebus
1135 920 1187 950 vel

176 989 189 1004 »
214 976 366 1015 personis
384 976 424 1005 ad
440 979 584 1005 vestram
601 975 775 1005 ecelesiam
791 974 1067 1005 Cameracensem
1084 973 1187 1011 perti-

175 1042 189 1056 »
214 1028 383 1063 uentibus,
395 1037 452 1058 vos
468 1027 520 1057 vel
536 1027 717 1057 canonicus
734 1027 874 1057 ecclesie
891 1031 1010 1061 vestre,
1024 1036 1081 1065 per
1097 1026 1187 1065 inju-

139 1113 143 1115 ,
177 1094 190 1109 »
215 1082 300 1112 riam
326 1081 379 1111 vel
404 1081 584 1115 defectum,
610 1089 668 1110 seu
690 1089 749 1118 per
771 1081 895 1110 factum
921 1080 1187 1118 supradictorum

177 1147 190 1161 »
215 1135 394 1173 dampnum
411 1133 571 1172 injuriam
590 1133 765 1163 senseritis
782 1133 833 1163 vel
851 1142 1044 1171 gravamen,
1063 1133 1101 1162 de
1121 1132 1187 1162 eis-

177 1201 190 1215 »
215 1189 290 1218 dem
311 1187 402 1217 licite
421 1187 565 1217 debitam
581 1187 749 1226 justitiam
767 1187 916 1221 faciatis,
932 1186 1078 1216 vocando
1097 1186 1187 1216 vide-

177 1254 190 1268 »
215 1241 293 1271 licet
309 1249 368 1271 seu
385 1240 516 1270 citando
533 1249 642 1270 coram
659 1240 751 1269 vobis
770 1239 1000 1269 malefactores
1021 1248 1079 1268 seu
1098 1238 1188 1277 inju-

177 1306 190 1321 »
215 1295 356 1324 riatores
384 1293 564 1331 predictos,
586 1297 617 1322 et
645 1297 856 1322 contumaces
883 1292 1067 1330 puniendo,
1089 1296 1120 1321 ct
1149 1291 1188 1321 de

177 1360 190 1374 »
215 1347 374 1386 predictis
395 1346 530 1385 injuriis
550 1345 600 1376 vel
619 1345 804 1375 malefaciis
825 1345 1007 1375 secundum
1026 1344 1113 1383 juris
1134 1353 1188 1373 01-

177 1413 191 1427 »
217 1401 329 1430 dinem
348 1399 585 1437 cognoscendo.
608 1398 771 1428 Volumus
790 1402 899 1428 tamen
916 1397 1002 1436 quod
1019 1397 1184 1432 officialis,

177 1466 191 1480 »
217 1453 274 1492 qui
293 1451 483 1490 generalem
502 1460 678 1481 causarum
696 1451 920 1489 cognitionem
936 1450 1068 1485 habeat,
1086 1450 1188 1488 depu-

178 1518 191 1533 »
216 1510 303 1536 tetur
328 1514 346 1535 a
371 1505 476 1534 vobis.
503 1504 694 1534 Sententias
719 1513 810 1539 vero,
837 1512 919 1542 quas
945 1507 1059 1533 contra
1085 1502 1188 1532 male-

177 1572 190 1586 »
215 1560 357 1588 factores
379 1567 436 1588 500
460 1557 675 1596 injuriatores
696 1557 860 1595 predictos
882 1555 1043 1589 tuleritis,
1062 1555 1187 1585 subditi

177 1624 190 1639 ῃ
216 1612 331 1647 nostri,
346 1615 411 1640 tam
429 1611 467 1640 de
482 1610 615 1640 civitate
633 1619 732 1648 quam
749 1610 787 1639 de
804 1609 928 1639 diocesi
941 1609 1185 1643 Cameracensi,

178 1678 191 1692 »
217 1665 334 1703 exequi
359 1668 545 1694 teneantur.
570 1663 672 1694 Citati
690 1672 765 1693 vero
785 1672 802 1692 a
820 1662 912 1692 vobis
929 1662 1066 1692 eandem
1086 1662 1188 1692 liber-

179 1731 192 1745 »
217 1722 318 1748 tatem
338 1717 483 1747 habeant
499 1720 529 1746 et
547 1716 761 1750 conductum,
782 1725 880 1754 quem
898 1715 1022 1745 habent
1039 1715 1131 1745 citati
1148 1715 1187 1744 ab

179 1784 192 1799 »
217 1771 351 1802 officiali
364 1770 609 1801 Cameracensi.
626 1770 664 1799 Et
681 1769 709 1799 si
726 1769 849 1807 aliquis
866 1769 1042 1807 impediret
1059 1777 1125 1803 eos,
1139 1768 1188 1797 uti

178 1837 191 1851 »
215 1824 351 1863 possitis
375 1822 609 1862 jurisdictione
638 1822 785 1860 predicta
813 1826 927 1851 contra
954 1821 1186 1859 impedientes.

178 1890 191 1904 »
216 1878 310 1907 Hanc
332 1877 431 1905 etiam
456 1876 643 1905 libertatem
661 1875 701 1904 ad
718 1884 788 1909 cos,
808 1875 865 1913 qui
882 1874 965 1904 alias
985 1883 1003 1903 a
1019 1874 1111 1903 vobis
1131 1882 1188 1912 pro

179 1943 191 1956 >v
217 1929 360 1967 negotiis
381 1933 488 1958 vestre
510 1927 648 1958 ecclesie
668 1927 926 1961 mandabuntur,
946 1927 1078 1957 extendi
1095 1927 1188 1956 volu-

179 1996 192 2009 »
217 1992 302 2017 mus,
315 1986 475 2020 quantum
494 1981 555 2010 hoc
570 1982 677 2011 facere
692 1989 880 2018 possumus,
895 1980 986 2010 salvo
999 1980 1188 2018 juramento

179 2049 192 2063 »
217 2040 341 2066 nostro.
361 2035 550 2073 Excipimus
568 2037 678 2063 autem
695 2034 864 2063 dumtaxat
881 2033 920 2062 ab
938 2033 999 2062 hac
1015 2033 1188 2071 indulgen-

179 2101 192 2115 »
217 2089 263 2118 tia
276 2097 434 2126 personas
450 2087 586 2125 capituli
603 2087 707 2116 nostri
719 2086 983 2122 Cameracensis,
996 2086 1101 2124 quoad
1120 2095 1188 2124 per-

179 2155 192 2169 »
219 2146 366 2175 sonatus,
394 2141 522 2170 ratione
550 2149 690 2179 quorum
712 2139 807 2169 nobis
832 2139 963 2169 faciunt
984 2139 1188 2176 homagium.

181 2207 194 2222 ι)
219 2194 330 2225 Νο1115
356 2203 433 2223 vero
459 2193 621 2222 dictorum
645 2192 829 2227 11001100111,
853 2202 909 2230 per
935 2192 1190 2230 appellationem

182 2260 194 2274 »
220 2247 271 2278 vel
288 2247 352 2277 alio
370 2247 475 2281 modo,
491 2255 662 2276 recursum
679 2245 719 2274 ad
737 2254 795 2275 nos
812 2245 934 2275 habere
951 2245 1049 2274 liceat
1064 2245 1098 2273 111
1116 2254 1190 2283 pre-

180 2313 194 2327 »
219 2300 326 2330 dictis.
345 2301 471 2330 Verum
490 2299 517 2327 si
540 2298 662 2337 aliquis
688 2298 782 2337 cujus
806 2298 938 2328 intersit
956 2298 1042 2336 quod
1058 2298 1092 2326 in
1110 2308 1190 2336 quc-

182 2366 194 2381 »
220 2353 289 2384 10111
306 2357 462 2387 vertetur,
480 2361 544 2381 non
563 2351 602 2380 ad
619 2351 793 2381 ecclesiam
810 2355 953 2381 vestram
970 2351 1027 2380 sed
1043 2351 1083 2380 ad
1099 2360 1191 2388 pres-

182 2419 195 2433 »
220 2406 400 2436 biteratum
424 2405 590 2443 pertinere
614 2403 801 2437 contendat,
823 2403 858 2432 in
881 2403 942 2433 hoc
968 2412 1046 2432 casn
1069 2404 1109 2432 ad
1132 2413 1190 2433 nos

181 2472 195 2486 »
221 2458 386 2498 appellare
402 2458 525 2487 licebit.
546 2457 696 2495 Denique
714 2460 824 2486 nostre
842 2456 957 2486 modus
976 2465 1132 2486 concesse
1150 2456 1192 2486 li-

182 2525 195 2539 »
220 2511 407 2542 beralitatis
432 2510 506 2540 talis
532 2515 591 2545 est,
614 2514 650 2539 ut
671 2509 705 2538 in
727 2514 854 2539 vestros
872 2509 1102 2539 malefactores
1122 2510 1191 2539 sive

182 2578 195 2592 »
220 2565 435 2604 injuriatores
449 2564 495 2593 510
508 2563 649 2592 utamini
663 2566 823 2601 potestate
834 2562 970 2600 ligandi,
987 2562 1084 2600 quod,
1098 2563 1191 2592 satis-

183 2630 196 2645 »
218 2617 363 2647 factione
377 2616 469 2655 prius
487 2616 579 2645 vobis
600 2615 749 2653 prestita,
767 2623 868 2652 penes
888 2623 946 2644 nos
967 2614 1193 2644 tantummodo

184 2683 197 2697 »
222 2674 367 2709 potestas
390 2668 583 2699 absolvendi
606 2668 725 2705 ligatos
750 2671 919 2698 remaneat
945 2676 992 2702 ac,
1019 2667 1192 2697 occasione

184 2736 197 2750 »
221 2723 445 2762 predictarum
480 2721 739 2756 sententiarum,
782 2720 912 2758 legibus
947 2720 1043 2750 nobis
1078 2720 1191 2750 salvis.

185 2788 198 2803 »
222 2775 331 2814 Hujus
355 2778 465 2804 autem
488 2774 608 2812 pagine
628 2777 775 2803 tenorem
800 2772 1022 2803 anathematis
1043 2773 1192 2803 intermi-

184 2841 197 2855 »
223 2828 357 2858 natione
384 2827 590 2857 roboramus.
619 2827 740 2855 Datum
770 2834 856 2855 anno
884 2825 1017 2855 Domini
1044 2826 1191 2861 MCCLI,

185 2894 198 2908 »
225 2881 364 2920 septimo
382 2880 508 2910 decimo
527 2879 686 2909 kalendas
704 2878 830 2917 aprilis.
851 2891 863 2905 »

1309 299 1321 313 »
1335 287 1428 317 Nulli
1440 290 1500 317 etc.
1513 291 1624 318 nostre
1641 288 1902 318 confirmationis
1919 292 1950 318 et
1965 289 2191 320 concessionis
2208 294 2269 320 etc.

1265 339 1338 369 Dat.
1352 339 1515 378 Anagnie,
1529 341 1597 371 IIII
1610 340 1769 371 kalendas
1786 341 1929 380 augusti,
1944 350 2030 371 anno
2045 342 2200 372 secundo.
2218 354 2231 368 »

1342 519 1459 546 ¹44⁰
1861 520 1990 555 Anagni,
2009 521 2022 547 3
2039 522 2106 547 aoat
2123 521 2202 548 1256.

1304 580 1443 614 Magistro
1469 581 1623 608 Guillelmo
1644 581 1678 607 de
1702 581 1839 608 Cornerio
1863 582 2007 617 indulget,
2035 586 2080 617 ut,
2103 587 2216 618 praeter
2240 583 2275 610 de

1267 628 1372 663 Adboy
1387 632 1415 655 et
1430 629 1465 655 de
1481 629 1634 656 Galecrum
1648 630 1798 661 eeclesias,
1817 630 1959 657 Midensis
1973 631 2114 664 diocesis,
2134 632 2276 666 praeben-

1268 677 1391 711 damque
1406 678 1544 704 ccclesiae
1563 677 1761 709 Dublinensis,
1786 678 1842 705 duo
1860 679 1914 705 alia
1929 680 2128 706 ecclesiastica
2145 681 2276 715 recipere

1268 725 1370 755 valeat,
1390 725 1475 751 etiam
1493 726 1518 752 si
1534 734 1632 752 curam
1649 725 1810 752 animarum
1828 727 1951 754 habeant
1967 736 2118 755 annexam.
2136 729 2216 760 (nm.
2229 729 2276 760 24,

1268 773 1288 799 f.
1305 773 1364 806 188,
1382 781 1448 800 ann.
1466 773 1504 804 ΙΙ,
1521 782 1547 801 c.
1565 774 1637 806 359.)

1312 886 1324 899 α
1349 875 1492 911 Mayz'stro
1514 875 1674 904 Gztillelmo
1695 876 1728 904 de
1747 876 1907 910 Cornerio,
1924 878 2072 906 canonico
2088 878 2279 908 Dublinensi.

1269 927 1458 965 Apostolice
1482 928 1576 958 Sedis
1596 928 1787 966 benignitas
1806 946 1855 958 —.
1875 930 1948 959 Dat.
1967 930 2134 968 Anagnie,
2154 932 2204 961 III
2220 940 2280 961 no-

1271 989 1331 1010 nas
1347 980 1492 1018 augusti,
1511 989 1597 1011 anno
1614 981 1770 1011 secundo.
1792 994 1803 1008 >t

1346 1153 1457 1180 1441
1857 1154 1983 1189 Anagni,
2001 1155 2033 1182 2⁶2
2047 1156 2111 1190 juin
2130 1156 2207 1183 1256.

1308 1213 1448 1248 Magistro
1465 1214 1551 1240 Petro
1568 1214 1697 1246 Arnaldi,
1710 1216 1850 1241 canonico
1862 1215 2001 1242 ecclesiae
2015 1216 2112 1243 Sancti
2126 1216 2282 1244 Frontonis

1273 1259 1534 1295 Petragoricensis,
1559 1261 1709 1292 concedit,
1734 1265 1764 1288 ut
1786 1263 1957 1296 magistrum
1983 1263 2162 1298 Stephanum
2185 1264 2280 1296 Fabri,

1272 1309 1419 1341 clericum,
1435 1310 1460 1335 in
1473 1310 1597 1336 ecclesia
1609 1309 1841 1344 PetragorIcensi
1858 1311 1884 1337 in
1898 1312 2069 1338 canonicum
2082 1313 2167 1339 faciat
2181 1313 2281 1348 recipi,

1272 1358 1297 1384 si
1317 1357 1446 1392 procedit
1471 1358 1505 1384 de
1526 1358 1644 1392 majoris
1669 1362 1697 1385 et
1720 1359 1845 1386 sanioris
1871 1360 1961 1394 partis
1986 1361 2115 1395 capituli.
2134 1361 2218 1395 (Rea.
2235 1362 2280 1394 24,

1271 1406 1291 1432 f.
1310 1406 1370 1437 188,
1388 1414 1454 1432 ann.
1473 1406 1511 1440 11,
1527 1414 1553 1433 c.
1571 1406 1643 1441 360.)

1313 1520 1325 1533 «
1344 1509 1488 1545 Magistro
1504 1508 1591 1537 Petro
1605 1509 1748 1543 Arnalcli,
1764 1510 1912 1538 canonico
1927 1510 2045 1539 ecclesie
2060 1511 2167 1540 Sancti
2182 1511 2281 1540 Fron-

1273 1561 1352 1589 tonis
1382 1561 1648 1598 Petrayoricensis.
1684 1562 1747 1591 Per
1777 1561 1887 1591 studia
1916 1561 2095 1593 laudabilis
2125 1581 2171 1591 —.
2205 1564 2279 1593 Dat.

1271 1613 1483 1653 Anagnie,X
1498 1613 1658 1644 kalendas
1672 1614 1760 1653 julii,
1780 1624 1866 1644 anno
1883 1616 2038 1646 secundo.
2060 1629 2072 1643 »

1347 1786 1364 1813 1
1373 1785 1462 1813 442

1308 1847 1554 1882 Compositionem
1578 1848 1654 1874 inter
1680 1847 1867 1883 [Nicolaum]‚
1896 1849 2066 1885 episcopum
2093 1850 2283 1878 Cameracen-

1272 1905 1344 1928 sem‚
1364 1900 1390 1922 et
1406 1897 1565 1931 capitulum
1581 1897 1712 1931 ejusdem
1730 1897 1866 1932 civitatis,
1884 1906 1973 1934 super
1989 1899 2074 1926 modo
2091 1900 2189 1926 utendi
2206 1901 2284 1928 vice-

1272 1944 1431 1979 dominatu,
1449 1944 1652 1972 Cameracensi
1669 1946 1739 1972 sede
1755 1950 1888 1978 vacante,
1906 1948 2009 1974 factam
2026 1949 2190 1983 confirmat,
2208 1950 2283 1976 litte-

1273 2002 1319 2020 ras
1343 1994 1564 2029 compositionis
1587 2003 1621 2021 ex
1641 1998 1722 2030 parte
1739 1996 1857 2030 capituli
1877 2001 1956 2023 actae
1983 1997 2011 2023 X
2033 1998 2167 2024 kalendas
2184 1999 2284 2034 aprilis

1272 2041 1401 2068 MCCLII
1418 2042 1582 2068 inserendo.
1604 2043 1685 2074 (11110.
1703 2043 1748 2077 5²4,
1767 2044 1784 2070 f.
1805 2044 1877 2075 188v,
1896 2053 1962 2070 ann.
1980 2044 2022 2079 H,
2037 2054 2062 2072 0.
2081 2046 2148 2077 361;
2168 2046 2284 2074 RODEN-

1272 2099 1351 2124 nstin,
1369 2094 1388 2117 t.
1407 2090 1458 2121 ΙΙΙ,
1477 2100 1504 2125 p.
1520 2091 1582 2125 400,
1600 2098 1631 2116 11ο
1647 2091 1719 2125 441.)

1826 1786 1953 1821 Anagni,
1971 1787 2005 1814 29
2018 1787 2113 1822 juillet
2131 1788 2209 1815 1256.

1315 2205 1327 2218 ι(
1350 2215 1382 2227 ..,
1403 2194 1536 2230 episcopo
1555 2193 1778 2222 Gamerae-ensi.
1800 2194 1845 2223 Ea
1862 2204 1924 2232 que
1938 2195 2065 2233 judicio
2080 2196 2132 2226 vel
2148 2205 2285 2227 concor-

1273 2245 1327 2275 dia
1344 2245 1576 2281 terminantur,
1588 2256 1693 2285 usque
1707 2256 1712 2275 2
1728 2247 1939 2276 communiri.
1956 2248 2042 2278 Sane
2057 2249 2180 2278 dudum
2196 2250 2284 2280 inter

1274 2302 1316 2333 te,
1335 2307 1372 2328 ex
1389 2302 1481 2336 parte
1498 2307 1574 2335 una,
1593 2303 1624 2329 et
1640 2299 1777 2329 dilectos
1794 2299 1880 2329 filios
1948 2301 2164 2339 prepositum,
2182 2325 2213 2337 ..,
2233 2302 2285 2332 de-

1274 2360 1394 2381 canum
1411 2355 1442 2381 et
1460 2351 1643 2390 capitulum
1659 2352 1929 2388 Cameracenses,
1944 2362 2042 2391 super
2058 2355 2152 2384 modo
2170 2356 2286 2385 utendi

1274 2404 1537 2439 vicedominatu,
1568 2405 1697 2435 ratione
1727 2405 1838 2444 cujus,
1866 2406 2099 2437 Cameracensi
2128 2408 2204 2438 sede
2228 2417 2286 2438 va·-

1274 2461 1380 2490 cante,
1394 2457 1518 2486 dictum
1533 2457 1712 2496 capitulum
1726 2458 1930 2496 episcopales
1944 2464 2122 2497 proventus
2136 2461 2171 2489 in
2186 2461 2285 2491 certis

1274 2510 1356 2540 locis
1370 2510 1579 2548 episcopatus
1593 2510 1844 2541 Cameracensis
1862 2512 1902 2541 ad
1918 2521 1952 2542 se
1968 2513 2135 2551 pertinere
2153 2515 2284 2550 asserit,

1275 2572 1313 2593 ex
1329 2562 1442 2598 altera,
1456 2563 1631 2601 questione
1648 2564 1794 2599 suborta,
1810 2564 1954 2600 demum,
1973 2566 2198 2596 mediantibus
2215 2567 2286 2605 qui-

1274 2615 1414 2645 busdam
1436 2615 1549 2653 probis
1569 2620 1599 2646 et
1615 2616 1823 2654 sapientibus
1840 2617 1933 2652 viris,
1953 2618 2093 2656 quedam
2111 2628 2209 2657 super
2224 2619 2286 2649 hoc

1275 2668 1363 2697 inter
1379 2672 1489 2706 partes
1506 2668 1670 2699 ordinatio
1686 2669 1773 2699 facta
1790 2670 1864 2705 fuit,
1877 2670 1962 2700 sicut
1974 2671 2008 2699 in
2022 2670 2143 2701 litteris
2155 2681 2287 2702 eorum-

1276 2721 1348 2751 dem
1366 2721 1536 2759 prepositi,
1550 2721 1666 2751 decani
1684 2726 1714 2752 et
1731 2723 1867 2761 capituli
1884 2723 2031 2761 ipsorum
2049 2724 2159 2762 sigillo
2173 2725 2287 2763 signa-

1276 2773 1319 2803 tis
1341 2782 1439 2812 super
1455 2774 1516 2804 1100
1536 2775 1695 2804 confectis
1715 2775 1847 2813 plenius
1867 2776 2066 2812 continetur,
2086 2777 2172 2815 quod
2191 2787 2288 2816 apos-

1278 2825 1375 2856 tolico
1399 2827 1527 2865 petiisti
1550 2828 1736 2858 munimine
1762 2828 1922 2858 roborari.
1949 2830 2016 2860 Nos
2036 2830 2149 2867 igitur,
2168 2831 2234 2861 tuis
2255 2836 2287 2862 et

1277 2879 1425 2918 ipsorum
1450 2880 1625 2918 prepositi,
1645 2880 1760 2911 decani
1781 2885 1811 2912 et
1830 2881 1966 2920 capituli
1988 2882 2287 2921 supplicationibus
