2441 3330
985 217 1209 254 PREMIERE
1232 218 1389 255 ANNEE.
2179 233 2231 261 155

136 292 256 328 pauperi
272 291 345 318 laico
362 272 566 322 Ambianensi,
584 294 612 317 et
629 291 762 318 Diedalae
783 290 1028 324 dispensationem
1046 289 1071 314 in
1090 297 1149 314 ma-

138 341 273 368 trimonio
292 339 370 366 licite
386 338 550 365 remanendi
566 339 718 370 concedat,
738 347 793 364 non
810 337 992 363 obstantibus
1007 337 1149 370 sponsali-

140 390 195 416 bus
215 388 317 414 Jacobi
340 395 406 413 cum
430 387 529 421 Mat-ga
552 387 586 413 de
609 387 685 422 Ipra,
711 387 852 413 creditore
875 394 939 418 suo,
963 389 991 410 et
1017 384 1149 410 Diedalae

139 439 240 472 quarto
256 436 346 470 gradu
362 435 587 470 consanguinea.
608 435 691 466 (Res.
705 435 749 466 24,
767 443 792 461 c.
809 435 871 468 438,
888 434 905 460 f.
924 434 977 463 6‘2.)

182 549 195 564 α
216 559 248 572 ..,
272 538 405 574 episcopo
428 537 638 565 Ambianensi.
664 535 871 574 Significavit
892 534 988 564 nobis
1006 534 1149 565 Jacobus

141 590 250 619 dictus
271 589 430 624 Lieurex,
450 597 574 627 pauper
593 588 698 618 laicus
718 587 966 622 Ambianensis,
983 587 1018 616 in
1037 591 1150 616 nostra

142 642 311 681 presentia
331 642 548 677 constitutus,
569 642 656 680 quod
671 641 749 671 olim
765 641 835 679 ipse
852 645 883 670 et
901 641 1015 677 Marga
1030 639 1150 669 mulier

143 695 232 724 dicta
247 694 286 724 de
303 695 379 732 Ipra
395 698 629 724 contraxerunt
641 694 809 732 sponsalia
821 694 860 723 de
877 694 1000 725 futuro,
1018 692 1047 722 si
1062 692 1150 721 infra

142 752 269 778 certum
290 747 471 777 terminum
493 747 600 777 eidem
623 747 756 776 mulieri
779 746 886 776 dictus
906 745 1011 775 laicus
1034 754 1150 783 quam-

141 800 215 830 dam
238 799 380 829 solveret
400 799 542 837 pecunie
569 799 789 837 quantitatem
810 809 816 828 :

139 852 316 891 pecuniam
329 852 436 890 ipsam
448 856 580 890 propter
591 852 739 890 inopiam
750 852 838 881 infra
850 852 959 890 ipsum
970 851 1149 880 terminum

140 913 206 935 non
224 904 382 940 solvente,
401 913 511 934 coram
526 904 659 934 officiali
675 908 731 934 tuo
747 913 781 934 se
798 904 894 934 ambo
910 912 1008 941 super
1024 903 1149 933 eisdem

140 958 352 997 sponsalibus
381 958 506 996 pariter
535 958 757 996 quitaverunt.
792 957 1004 988 Postmodum
1039 960 1149 986 autem

139 1011 228 1041 idem
244 1010 350 1040 laicus
368 1010 541 1041 Diedalam
561 1010 735 1040 mulierem
755 1014 872 1049 quarto
889 1010 991 1047 gradu
1007 1017 1149 1039 consan-

141 1063 315 1101 guinitatis
339 1064 487 1101 Margam
510 1063 727 1100 attingentem
749 1062 942 1101 predictam,
967 1062 1028 1091 hoc
1052 1062 1147 1099 igno—

140 1124 219 1145 rans
241 1115 307 1145 sibi
326 1125 384 1153 per
401 1116 501 1145 verba
522 1115 560 1145 de
578 1116 726 1153 presenti
742 1115 1033 1144 matrimonialiter
1049 1123 1149 1152 copu-

141 1167 233 1197 lavit.
258 1168 419 1204 Quocirca
443 1168 647 1201 fraternitati
669 1172 723 1197 tue
745 1177 803 1206 per
825 1167 1005 1205 apostolica
1027 1167 1149 1205 scripta

142 1220 390 1256 committimus,
408 1225 443 1250 ut
459 1220 565 1250 eidem
578 1220 662 1250 laico
674 1229 773 1258 super
786 1220 847 1250 hoc
859 1220 953 1250 Sedis
971 1219 1149 1258 apostolice
1188 1242 1190 1247 .

142 1272 352 1302 clementiam
382 1272 573 1311 imploranti
603 1273 826 1310 dispensative
856 1272 1015 1302 concedas
1043 1273 1146 1311 quod,

141 1325 353 1363 sponsalibus
370 1325 452 1363 ipsis
469 1334 679 1364 nequaquam
695 1325 916 1360 obstantibus,
934 1325 1024 1355 licite
1041 1334 1148 1355 rema-

141 1386 220 1407 nere
236 1377 344 1407 valeat
360 1377 396 1407 in
411 1378 624 1407 matrimonio
643 1378 690 1408 sic
708 1382 886 1408 contracto.
904 1379 978 1408 Dat.
996 1378 1145 1417 Neapoli,

139 1431 204 1461 VII
219 1430 377 1460 kalendas
392 1431 492 1469 junii,
512 1440 598 1460 anno
613 1431 731 1469 primo.
754 1443 766 1457 »

208 1614 297 1642 533
741 1615 857 1650 Naples,
876 1616 904 1642 ‘21
925 1616 980 1642 mai
999 1616 1075 1643 1‘255.

174 1675 359 1710 Praeceptori
374 1679 403 1702 et
417 1676 555 1703 fratribus
571 1676 675 1703 domus
691 1677 809 1704 Militiae
821 1678 931 1713 Templi
948 1679 974 1704 in
992 1678 1146 1713 Aquitania

138 1724 277 1759 indulget,
300 1729 331 1751 ut
351 1725 454 1759 legatis
474 1729 502 1751 et
523 1726 637 1752 nunciis
653 1727 828 1760 apostolicae
844 1726 929 1754 Sedis
944 1728 979 1754 ad
994 1728 1146 1755 solvendas

139 1774 357 1808 procurationes
368 1775 538 1808 pecunarias
550 1775 682 1810 compelli
695 1776 775 1802 inviti
789 1784 843 1802 non
857 1776 977 1810 possint,
991 1777 1146 1803 dummodo

139 1821 356 1856 procurationes
386 1823 412 1849 in
440 1823 613 1850 victualibus
638 1827 666 1850 et
695 1824 759 1850 aliis
785 1826 958 1852 necessariis
981 1826 1145 1852 exhibeant.

140 1870 223 1903 (Rae.
239 1871 283 1905 24,
299 1879 325 1898 c.
341 1871 402 1905 439,
420 1872 438 1898 f.
455 1872 511 1905 62.)

179 1985 191 1998 «
222 1995 254 2007 ..,
282 1975 452 2011 preceptori
477 1979 503 2002 et
528 1976 680 2011 fratribus
704 1976 811 2005 doinus
838 1977 945 2005 Militie
973 1978 1087 2015 Templi
1113 1979 1146 2006 in

135 2026 317 2062 Aquitania.
343 2026 490 2063 Dignum
517 2036 589 2057 esse
614 2028 837 2066 conspicimus
863 2034 894 2059 ct
920 2030 1147 2059 necessarium

138 2077 350 2113 arbitramur,
363 2083 399 2108 ut
414 2078 463 2107 hii
474 2079 587 2110 favore
604 2080 699 2110 Sedis
714 2081 892 2119 apostolice
903 2082 1078 2112 foveantur
1089 2083 1146 2121 qui

135 2130 460 2168 consanguineorum
477 2140 612 2161 suorum
629 2133 749 2163 affectu
765 2134 914 2172 deposito
931 2135 993 2165 Dei
1009 2144 1074 2164 non
1090 2135 1146 2165 ho-

136 2183 238 2213 minis
251 2183 392 2221 prelium
408 2184 604 2222 preliantur.
624 2186 709 2216 Sane
726 2191 875 2224 porrecta
890 2188 985 2218 nobis
1000 2198 1038 2218 ex
1054 2193 1146 2227 parte

136 2240 247 2266 vestra
263 2236 379 2274 petitio
397 2237 587 2267 continebat
608 2239 695 2277 quod
714 2248 788 2273 vos,
808 2240 842 2268 in
859 2234 1055 2270 exhibendis
1071 2250 1146 2278 pro-

137 2289 366 2319 curationibus
387 2289 506 2327 legatis
527 2295 557 2320 et
579 2292 711 2321 nunciis
729 2292 906 2330 apostolice
926 2293 1031 2329 Sedis,
1053 2302 1089 2324 ex
1109 2303 1146 2324 eo

137 2342 323 2379 gravamini
336 2343 423 2381 quod
433 2343 509 2381 ipsi,
523 2352 589 2374 non
601 2346 747 2375 contenti
759 2347 1049 2384 procurationibus
1064 2356 1146 2385 quas

136 2394 262 2425 eisdem
276 2395 310 2424 in
325 2395 525 2426 victualibus
542 2401 573 2426 et
589 2397 665 2427 aliis
682 2399 882 2429 necessariis
897 2400 977 2429 estis
989 2400 1145 2430 exhibere

136 2447 254 2486 parati,
271 2456 289 2477 a
305 2448 397 2478 vobis
414 2453 445 2479 et
461 2449 612 2479 ecclesiis
627 2460 663 2480 ac
677 2451 829 2482 domibus
843 2453 960 2482 vestris
973 2453 1145 2482 occasione

136 2501 407 2538 procurationum
419 2501 610 2541 hujusmodi
624 2504 817 2542 frequentet·
834 2514 897 2534 non
916 2505 1077 2535 modicam
1094 2514 1145 2543 pe-

137 2552 235 2582 cunie
257 2561 419 2582 suminam
447 2554 583 2592 exigunt
609 2560 639 2585 et
664 2560 878 2595 extorquent;
903 2562 1034 2595 propter
1059 2558 1146 2596 quod

135 2609 283 2634 vestrum
306 2615 496 2645 quanquam
518 2607 610 2645 pium
632 2609 837 2646 propositum
858 2610 1011 2648 impediri
1035 2614 1063 2639 et
1087 2619 1145 2640 ne-

137 2657 226 2695 gotio
241 2658 340 2688 Terre
358 2659 476 2689 Sancte
494 2660 643 2690 noscitur
659 2661 820 2699 deperire.
839 2664 947 2698 Quare
968 2662 1063 2692 nobis
1082 2662 1145 2691 bu-

134 2709 260 2739 militer
288 2711 499 2749 supplicastis
526 2717 562 2742 ut
590 2714 762 2751 providero
788 2714 880 2743 vobis
908 2715 941 2743 in
969 2714 1027 2744 bac
1053 2719 1144 2752 parte

134 2762 396 2794 misericorditer
409 2773 612 2795 curaremus.
628 2766 784 2796 Volentcs
798 2767 900 2804 igitur
912 2767 1145 2805 indempnitati

134 2819 244 2845 vestre
261 2824 360 2854 super
375 2817 447 2853 boc,
466 2822 626 2856 quantum
646 2828 719 2848 cum
738 2820 805 2849 Deo
824 2829 1012 2858 possumus,
1030 2828 1145 2858 preca-

134 2876 224 2903 vere,
246 2873 282 2898 ut
304 2868 422 2906 legatis
445 2874 476 2900 et
500 2871 633 2900 nunciis
655 2872 833 2910 apostolice
859 2873 964 2907 Sedis,
986 2872 1145 2902 fratribus

837 799 950 829 eodem
968 804 1046 828 vero
1065 797 1149 827 laico
1172 798 1174 800 ’

1231 291 1354 319 nostris
1371 297 1482 322 sancte
1499 294 1645 323 Romane
1663 294 1808 324 Ecclesie
1825 295 2049 325 cardinalibus
2065 296 2230 326 dumtaxat

1231 343 1384 379 exceptis,
1410 344 1448 373 ad
1469 345 1644 375 solvendas
1666 346 1748 383 ipsis
1769 348 2016 384 procurationes
2036 349 2231 386 pecunarias

1231 394 1382 431 compelli
1398 395 1496 424 inviti
1513 396 1724 435 aliquatenus
1741 407 1805 427 non
1822 399 1967 436 possitis
1986 400 2159 430 dummodo
2176 410 2233 438 pa-

1230 446 1293 474 rati
1307 446 1381 476 sitis
1398 447 1521 477 eisdem
1538 448 1655 485 legatis
1673 454 1703 478 et
1720 450 1851 479 nunciis
1869 451 1953 480 sicut
1969 452 2167 488 premissum
2184 457 2230 482 est

1231 499 1478 534 procurationes
1501 500 1535 528 in
1561 501 1758 531 victualibus
1780 506 1809 531 et
1829 502 1903 531 aliis
1925 504 2121 533 necessariis
2141 504 2234 534 exhi-

1231 548 1319 583 bere,
1340 551 1534 581 auctoritate
1555 552 1648 582 vobis
1669 554 1872 590 presentium
1896 555 2117 592 indulgemus.
2141 556 2232 585 Nulli

1231 605 1291 630 etc.
1310 606 1420 631 nostre
1441 604 1665 633 concessionis
1683 608 1742 634 etc.
1763 606 1836 634 Dat.
1856 606 2011 644 Neapoli.
2034 608 2098 637 XII
2118 608 2233 637 kalen-

1231 652 1288 681 das
1301 653 1401 691 junii,
1417 663 1503 683 anno
1517 655 1633 692 primo.
1654 669 1666 681 »

1300 823 1389 851 534

1267 884 1446 911 Scholastico
1469 888 1497 911 et
1520 886 1685 912 succentori
1713 886 1931 912 pictavensibus
1957 888 2080 920 mandat,
2101 889 2235 922 quatinus

1231 933 1367 958 fratribus
1383 933 1485 959 domus
1503 933 1619 960 Militiae
1634 934 1762 968 Templi,
1780 935 1905 961 indebite
1923 936 2080 962 molestatis
2096 940 2123 962 et
2139 937 2172 962 ab
2189 946 2235 963 ot·-

1230 981 1349 1007 dinariis
1366 982 1509 1015 justitiam
1527 982 1638 1008 difficile
1655 983 1836 1014 habentibus,
1854 985 2094 1018 complementum
2107 986 2235 1018 justitiae

1230 1030 1393 1056 exhibeant.
1415 1030 1494 1062 (Rae.
1513 1031 1557 1063 ⁴24,
1573 1040 1599 1058 c.
1617 1031 1677 1065 440,
1696 1032 1714 1057 f.
1731 1031 1788 1063 6⁶2.)

1816 825 1933 859 Naples,
1948 826 1981 853 23
1999 828 2052 852 mai
2073 828 2146 854 1255.

1272 1144 1284 1158 «
1305 1155 1337 1166 ..,
1357 1133 1511 1161 scolastico
1534 1137 1559 1161 et
1585 1155 1616 1166 ..,
1640 1134 1809 1162 succentori
1828 1134 2066 1162 Picturensibus.
2091 1134 2233 1171 Dignum

1231 1194 1303 1214 esse
1317 1185 1540 1223 conspicimus
1558 1203 1605 1214 ——.
1631 1186 1715 1215 Sane
1735 1186 1929 1215 dilectorum
1947 1186 2091 1216 filiorum

1230 1238 1372 1275 ceptoris
1389 1242 1419 1267 et
1435 1238 1575 1267 fratrum
1592 1239 1707 1268 domus
1724 1239 1843 1269 Militie
1864 1239 1989 1277 Templi
2006 1240 2039 1268 in
2056 1240 2233 1278 Aquitania

1230 1291 1326 1320 nobis
1340 1291 1487 1320 exhibita
1501 1292 1615 1329 petitio
1632 1292 1830 1326 continebat,
1853 1292 1939 1330 quod
1958 1292 2108 1322 nonnulli
2125 1293 2235 1322 clerici

1230 1347 1261 1373 et
1277 1343 1354 1373 laici
1371 1344 1411 1373 ad
1427 1353 1481 1373 eos
1495 1344 1639 1373 debitam
1656 1345 1875 1374 reverentiam
1892 1354 1957 1374 non
1974 1345 2132 1375 habentes
2147 1346 2234 1383 ipsos

1230 1397 1265 1425 in
1278 1397 1430 1434 personis
1448 1401 1479 1426 et
1499 1397 1594 1426 bonis
1613 1406 1726 1426 eorum
1742 1402 1937 1435 presumunt
1953 1398 2099 1427 indebite
2116 1398 2235 1427 moles-

1230 1454 1311 1479 tare.
1331 1450 1456 1479 Verum
1478 1458 1552 1478 cum
1574 1449 1735 1479 ordinarii
1757 1449 1990 1488 injuriatorum
2006 1450 2153 1487 ipsorum
2170 1451 2235 1480 cis-

1230 1502 1304 1532 dem
1320 1502 1479 1539 magistro
1492 1506 1522 1532 et
1538 1502 1697 1531 fratribus
1714 1502 1860 1540 ipsorum
1875 1502 2091 1540 exemptionis
2105 1502 2235 1532 liberta-

2112 1210 2143 1221 ..,
2163 1197 2236 1225 prc-

1230 1554 1319 1584 tibus
1336 1555 1524 1584 invidentes
1547 1555 1581 1583 in
1604 1555 1787 1584 exhibendo
1807 1555 1972 1593 justitiam
1998 1555 2034 1584 tle
2058 1554 2179 1584 talibus
2201 1564 2235 1584 se

1229 1607 1398 1637 interdum
1416 1607 1554 1636 reddant
1573 1607 1724 1637 difficiles
1740 1611 1770 1637 et
1787 1607 1886 1637 ctiam
1905 1607 2121 1645 negligentes,
2138 1608 2236 1645 ipsis-

1230 1670 1293 1700 que
1310 1661 1421 1690 minus
1441 1660 1573 1690 difficile
1590 1669 1626 1689 ac
1643 1660 1891 1698 dispendiosum
1913 1661 2030 1689 existat
2046 1669 2103 1698 pro
2122 1660 2236 1697 singu-

1229 1714 1271 1743 lis
1289 1713 1424 1752 injuriis
1441 1713 1654 1751 apostolicam
1678 1713 1795 1743 Sedent
1819 1713 1924 1746 adire,
1948 1713 2042 1742 nobis
2065 1713 2236 1742 humiliter

1229 1769 1459 1807 supplicarunt
1480 1774 1515 1797 ut
1538 1769 1709 1806 providere
1731 1769 1813 1806 ipsis
1838 1768 1872 1797 in
1892 1768 1952 1797 bac
1971 1772 2060 1806 parte
2084 1768 2122 1797 de
2143 1768 2236 1797 beni-

1229 1822 1354 1860 gnitate
1374 1821 1469 1851 Sedis
1490 1821 1667 1859 apostolice
1691 1830 1893 1851 curaremus.
1921 1821 2078 1856 Quocirca
2106 1821 2235 1849 manda-

1229 1884 1313 1909 mus,
1329 1875 1487 1912 quatinus
1501 1874 1638 1912 prefatis
1653 1874 1834 1911 preceptori
1851 1878 1878 1903 et
1895 1874 2054 1902 fratribus
2071 1874 2236 1902 defensio-

1229 1929 1281 1958 nis
1305 1928 1449 1966 presidio
1472 1927 1666 1957 assistentes
1692 1927 1875 1956 exhibeatis
1902 1927 1997 1964 ipsis.
2027 1936 2100 1955 cuin
2125 1927 2164 1955 nl)
2187 1926 2234 1955 eis

1228 1981 1383 2019 requisiti
1408 1980 1558 2014 sueritis,
1586 1980 1624 2009 dc
1655 1980 1811 2017 predictis
1842 1979 2093 2017 injuriatoribus
2125 1979 2234 2017 cujus-

1228 2042 1369 2072 cumque
1387 2033 1586 2062 conditionis
1611 2032 1661 2061 vel
1678 2032 1849 2069 dignitatis
1870 2041 1927 2061 seu
1946 2032 2071 2061 ordinis
2093 2032 2231 2060 existunt

1228 2096 1285 2125 per
1308 2086 1395 2115 viam
1413 2085 1533 2125 judicii
1553 2085 1683 2123 justitie
1706 2084 1992 2122 complementum,
2021 2093 2074 2113 cos
2092 2084 2130 2112 ad
2156 2084 2189 2112 id
2206 2083 2231 2112 si

1230 2148 1364 2170 necesse
1378 2139 1495 2173 fucrit,
1516 2138 1697 2167 monitione
1714 2138 1890 2175 premissa,
1908 2146 1965 2174 per
1986 2146 2158 2166 censuram
2182 2146 2234 2165 cc-

1229 2192 1460 2227 clesiasticam,
1477 2191 1695 2229 appellatione
1707 2189 1887 2227 postposita
1899 2189 2144 2226 compescendo.
2160 2189 2231 2217 Non

1228 2245 1379 2275 obstante
1391 2244 1419 2273 si
1430 2243 1597 2281 aliquibus
1608 2260 1653 2270 —.
1668 2242 1882 2272 Prcscntibus
1894 2245 1963 2278 post
1980 2241 2158 2270 triennium
2170 2245 2228 2269 ctc.

1229 2298 1322 2335 Quod
1339 2297 1366 2327 si
1384 2306 1448 2326 non
1466 2295 1561 2325 ambo
1577 2299 1637 2325 cto.
1656 2296 1726 2324 Dat.
1748 2293 1897 2331 Neapoli,
1918 2294 1947 2323 X
1962 2293 2118 2322 kalendas
2132 2292 2230 2331 junii.

1229 2360 1315 2388 anno
1331 2350 1447 2388 primo.
1468 2362 1480 2375 n

1300 2513 1389 2540 535

1263 2573 1368 2600 Abbati
1389 2577 1418 2599 et
1437 2572 1590 2599 conventui
1614 2572 1777 2597 monasterii
1794 2579 1818 2597 s.
1838 2570 1981 2597 vium-nni
2001 2569 2229 2599 Mediolancttsis,

1829 2509 1942 2543 Naples,
1961 2510 1994 2534 ³20
2013 2509 2065 2534 nial
2086 2508 2160 2534 1255),

1228 2623 1336 2649 ordinis
1361 2630 1383 2648 S.
1408 2621 1567 2653 Benedicti,
1589 2621 1695 2654 quibus
1722 2620 1795 2653 [Leo]
1826 2619 2047 2645 Mediolanensis
2074 2617 2232 2650 archiepis<

1227 2679 1318 2705 copus
1338 2671 1488 2696 ecclesiam
1514 2669 1672 2703 regularem
1695 2677 1718 2695 s.
1737 2668 1841 2693 Mariae
1862 2668 1896 2693 dc
1920 2666 2058 2692 lici-nodio
2079 2665 2230 2698 collapsam

1228 2722 1254 2747 in
1273 2719 1477 2753 temporalibus
1493 2718 1735 2752 etsp‘n·itu.·1libns
1754 2717 1908 2747 concessit,
1928 2717 1999 2741 lianc
2015 2714 2230 2740 concessionem

1227 2768 1384 2795 confirmat.
1404 2766 1487 2799 (Rae.
1504 2767 1551 2797 24,
1570 2775 1596 2793 (¹.
1612 2766 1672 2794 tlt.
1691 2766 1708 2791 f.
1727 2765 1772 2792 tsi:
1793 2764 1936 2791 l'OTTEAsT
1958 2764 2038 2789 lJJWll
2054 2766 2059 2793 )

1270 2882 1281 2895 «
1355 2869 1455 2897 abbati
1474 2873 1498 2896 cl
1517 2868 1680 2897 concentui
1695 2867 1874 2895 monasterii
1889 2866 1987 2893 suncti
2011 2863 2157 2892 l'zssttecult'i
2173 2862 2230 2890 ,lle-
