2441 3330
209 257 263 287 138

206 326 429 357 recurrerunt,
449 322 650 352 fraternitati
669 327 721 352 tue
740 332 908 361 rogamus,
927 323 1079 353 ducimus
1096 327 1126 354 et
1143 332 1212 354 mo-

206 383 322 404 nemus
339 384 396 413 per
413 374 591 412 apostolica
608 374 667 404 tibi
685 375 807 413 scripta
826 375 1021 406 mandantes
1040 376 1211 414 quatinus,

205 427 232 457 si
254 431 367 456 contra
386 427 475 464 ipsos
498 436 597 465 super
615 427 676 457 hoc
701 427 735 456 in
759 427 870 467 aliquo
888 428 1096 466 processisti,
1118 437 1213 459 revo-

204 488 283 509 cans
299 488 356 517 per
373 482 403 509 te
423 479 532 517 ipsum
552 480 693 509 eundem
711 480 862 511 abbatem
879 489 938 511 seu
954 481 1036 511 alias
1055 490 1213 520 personas

204 532 311 570 ipsius
336 532 546 567 monasterii,
572 533 792 571 predictarum
815 533 1001 564 litterarum
1019 534 1213 565 auctoritate

203 585 345 615 ulterius
360 594 425 614 non
439 585 594 616 molestes
611 587 659 615 eis
676 591 836 625 quantum
854 587 887 617 in
902 591 932 617 tc
951 588 1061 623 fuerit,
1081 592 1110 618 te
1128 588 1213 618 favo-

202 638 342 668 rabilem
366 638 522 669 exhibeas
547 643 577 669 ct
601 639 798 678 benignum,
825 640 870 670 ita
893 641 980 679 quod
1005 645 1060 671 tua
1085 641 1214 671 devotio

203 691 307 730 possit
337 691 455 722 exinde
485 692 603 722 merito
633 693 868 723 commendari.
896 693 1054 733 Alioquin
1084 694 1214 724 dilectis

204 743 283 775 filiis
303 769 335 779 ..,
353 745 392 774 de
415 745 578 775 Evesham
601 750 630 775 et
650 769 682 781 ..,
708 746 746 776 de
764 747 1002 786 Mamuesbury
1025 747 1211 784 abbatibus,

203 798 452 835 Wigorniensis
469 802 499 828 et
515 798 775 829 Saresbiriensis
792 799 985 835 diocesium,
1003 800 1124 831 litteris
1142 810 1213 832 nos-

203 850 262 880 tris
279 850 486 889 injungimus
503 855 539 880 ut
562 850 626 888 ipsi
649 860 748 889 super
765 851 827 881 hoc
848 852 1040 882 mandatum
1057 853 1213 891 apostoli-

202 913 276 933 cum
303 907 518 942 exequantur.
548 904 827 934 Contradictores.
855 906 928 935 Non
953 905 1162 937 obstantibus
1183 907 1212 936 si

201 973 249 984 —.
268 957 342 986 Dat.
357 955 508 994 Neapoli.
526 958 554 987 V
568 956 728 987 kalendas
744 957 835 992 maii,
854 966 941 988 anno
958 958 1074 996 primo.
1096 971 1108 985 n
1151 973 1157 979 ·

270 1150 359 1177 465

237 1210 401 1236 Mandatum
419 1211 584 1245 buJusmodi
601 1211 820 1246 archiepiscopo
835 1211 1046 1240 cantum-tensi.
1064 1213 1147 1246 (Rau.
1162 1215 1208 1249 Ἡ,

199 1268 225 1286 c.
244 1259 316 1289 382³,
334 1259 353 1286 f.
371 1260 426 1290 56.)

788 1149 906 1185 Naples,
922 1150 954 1177 ‘27
971 1151 1040 1178 avril
1062 1152 1137 1179 1255.

242 1374 254 1388 (ι
278 1385 314 1397 ..,
332 1363 557 1399 archiepiscopo
574 1362 801 1392 Canium-iensi.
821 1362 908 1393 Olim
923 1364 975 1402 pie
991 1369 1052 1394 etc.
1074 1374 1180 1404 usque
1200 1376 1206 1395 :

199 1414 239 1444 ab
262 1414 431 1443 universis
454 1414 606 1452 personis
633 1415 781 1454 ejusdem
805 1416 933 1446 ordinis
960 1421 1014 1447 tue
1039 1419 1209 1456 provincie

199 1471 311 1496 exacta
327 1466 501 1504 diligentia
517 1470 591 1502 etc.,
608 1476 712 1506 usque
729 1478 735 1497 :
751 1472 904 1506 spectans
918 1469 1065 1508 ejusdem
1082 1471 1209 1502 ordinis

198 1523 253 1549 tue
274 1519 444 1557 provincie
462 1523 498 1548 ut
518 1519 639 1550 dicitur
655 1521 858 1558 processisti.
877 1522 962 1558 Quia
978 1532 1054 1553 vero
1073 1528 1133 1554 etc.
1152 1534 1210 1555 us-

199 1581 263 1611 que
282 1582 288 1600 :
308 1581 372 1601 non
391 1572 557 1608 molestes,
574 1574 632 1603 sed
645 1574 734 1612 ipsos
746 1574 870 1605 habeas
883 1576 993 1613 potius
1009 1586 1083 1607 cum
1095 1578 1210 1609 eodem

199 1626 400 1655 monasterio
414 1635 471 1664 pro
488 1631 601 1656 nostra
615 1631 645 1657 et
663 1628 840 1665 apostolice
855 1629 949 1659 Sedis
966 1632 1210 1661 recommenda-

199 1679 288 1708 tione
303 1679 336 1708 in
351 1679 421 1709 suis
434 1679 567 1718 juribus
581 1681 778 1718 propensius
793 1682 1038 1713 commendatos
1050 1688 1080 1713 et
1097 1684 1210 1715 adver-

199 1740 255 1761 sus
277 1731 417 1761 aliorum
434 1732 602 1762 molestias
620 1733 679 1765 eis,
704 1738 865 1772 quantum
881 1734 916 1764 in
935 1739 964 1765 te
982 1736 1093 1772 fuerit⁷
1112 1740 1142 1767 te
1159 1738 1209 1767 fa-

198 1784 379 1814 vorabilem
396 1788 456 1814 etc.
474 1794 579 1824 usque
593 1786 627 1815 in
644 1786 754 1816 finem.
774 1799 785 1813 »

267 1976 355 2004 466

234 2038 447 2065 Archidiacono
459 2038 670 2070 Catalaunensi,
685 2039 814 2067 Parisios
825 2044 1024 2077 commoranti,
1039 2044 1162 2078 mandat,
1177 2049 1207 2072 ut

197 2087 320 2120 inquirat
336 2095 424 2121 super
440 2096 473 2113 eo
490 2088 564 2122 quod
579 2089 695 2123 praelati
707 2093 735 2115 et
749 2091 908 2125 presbyteri
924 2090 1212 2121 cenomannensium.

785 1978 900 2013 Naples,
919 1980 952 2006 30
968 1981 1037 2007 avril
1058 1982 1134 2009 1255.

196 2139 224 2162 et
242 2136 494 2169 Andegavensium
516 2138 664 2164 civitatum
685 2142 713 2164 et
730 2138 888 2166 diocesium
906 2141 1062 2174 ,pecuniam
1085 2144 1206 2176 exigunt

196 2193 247 2219 pro
259 2185 416 2219 sepulturis
431 2194 465 2211 ac
480 2187 610 2221 exequiis
627 2191 816 2220 mortuorum,
831 2188 1080 2217 benedictionibus
1097 2191 1205 2218 nuben-

196 2233 267 2259 tium
284 2238 310 2259 et
323 2234 385 2260 aliis
402 2235 601 2262 sacramentis.
621 2236 702 2263 (Rea.
719 2237 764 2267 ⁶24,
782 2245 807 2263 c.
826 2237 886 2269 383,
906 2238 922 2264 f.
941 2238 997 2271 56.)

239 2347 250 2359 «
272 2358 304 2369 ..,
322 2335 542 2364 archidiacono
559 2336 811 2373 Cathalaunensi‚
832 2339 971 2369 Parisios
989 2345 1203 2372 commoranti.

196 2387 246 2415 Ad
266 2391 413 2416 nostram
439 2388 570 2417 noveris
589 2389 793 2420 audientiam
812 2393 1003 2429 pervenisse
1020 2395 1106 2432 quod
1122 2405 1205 2426 non—

197 2438 281 2467 nulli
298 2439 415 2476 prelati
433 2443 463 2469 et
480 2440 657 2477 presbiteri
673 2442 889 2472 ecclesiarum
902 2444 1206 2478 Cenomanensium

197 2495 227 2521 et
244 2492 535 2529 Andcgaveusium
552 2493 723 2523 civitatum
747 2500 777 2524 et
797 2495 991 2534 diocesium,
1015 2509 1073 2538 pro
1096 2502 1207 2539 sepul-

196 2544 280 2573 turis
298 2548 328 2573 ct
349 2546 497 2584 exequiis
520 2550 740 2583 mortuorum,
767 2548 1056 2583 benedictionibus
1077 2554 1206 2585 nuben-

195 2596 278 2625 tium
297 2601 327 2625 et
350 2597 425 2627 aliis
443 2597 677 2629 ecclesiasticis
697 2603 931 2638 sacramentis,
957 2604 997 2633 ab
1013 2605 1206 2638 hominibus

197 2648 369 2678 civitatum
401 2654 433 2679 et
460 2650 640 2681 diocesium
670 2653 891 2690 predictarum
914 2661 1037 2686 certam
1066 2660 1206 2697 pecunie

197 2710 360 2731 summam
377 2702 513 2740 exigunt
530 2708 560 2733 et
577 2710 771 2743 extorquent
792 2707 826 2736 in
850 2717 907 2737 sue
932 2709 1049 2740 salutis
1072 2711 1206 2751 dispen-

197 2752 287 2782 dium
316 2757 346 2782 et
373 2754 564 2784 scandalum
590 2756 820 2794 plurimorum.
846 2759 988 2799 Ideoque
1010 2764 1205 2795 mandamus

197 2806 354 2843 quatinus
370 2806 545 2845 inquirens
568 2818 667 2847 super
682 2811 855 2848 premissis
875 2815 1070 2845 auctoritate
1093 2820 1206 2847 nostra

196 2858 337 2889 sollicite
353 2860 538 2896 veritatem,
557 2862 715 2901 quicquid
732 2864 901 2896 inveneris
917 2867 952 2896 in
969 2869 1102 2907 scriptis
1116 2870 1205 2900 redi-

196 2920 271 2947 gere
294 2921 329 2941 ac
356 2912 397 2941 ad
419 2921 478 2943 nos
497 2913 558 2943 sub
580 2919 634 2945 tuo
660 2916 770 2954 sigillo
789 2918 930 2949 fideliter
946 2920 1113 2952 destinare
1130 2932 1205 2961 pro-

1245 2927 1249 2937 ι

1245 2941 1249 2961 l

933 258 1171 288 REGISTRES
1193 257 1500 289 D‘ALEXANDRE
1523 261 1579 290 IV.

1296 332 1402 359 eures,
1420 329 1453 354 ut
1467 325 1615 356 debitum
1629 327 1663 356 in
1679 327 1746 358 biis
1763 337 1820 366 per
1836 329 2050 367 apostolicam
2064 330 2307 368 providentiam

1296 377 1479 407 remedium
1496 384 1690 418 apponatur.
1705 380 1972 412 Contradictores
1986 386 2047 412 etc.
2064 383 2139 413 Non
2155 384 2306 414 obstante

1296 430 1325 459 si
1344 430 1513 468 aliquibus
1529 449 1577 461 —.
1595 433 1667 463 Dat.
1687 433 1842 472 Neapoli,
1868 434 1900 464 II
1920 434 2079 465 kalendas
2102 436 2198 471 maii,
2219 445 2306 467 anno

1295 492 1413 522 prlInO,
1433 496 1445 510 ›)

1366 664 1454 693 48¹⁷

1331 726 1493 754 -lohaunem
1519 727 1554 753 de
1580 727 1729 754 Gaudiano
1753 728 1885 755 abbatem
1912 729 2079 756 monasterii
2104 737 2127 755 S.
2157 729 2306 757 Trinitatis

1300 775 1439 802 Venusini
1457 776 1579 803 electum
1596 780 1624 802 et
1639 777 1674 802 ab
1691 777 1827 811 episcopo
1850 777 2006 811 Rapollano
2022 782 2049 804 et
2064 777 2167 804 abbate
2183 777 2306 805 Bantino

1296 825 1330 851 de
1347 825 1479 851 mandato
1496 824 1656 852 innocentii
1670 825 1710 851 IV
1727 826 1938 857 confirmatum,
1958 829 2086 860 tempore
2103 834 2170 852 vero
2183 834 2241 861 quo
2251 816 2306 853 ¹In-

1296 874 1448 903 nocentius
1463 873 1504 900 IV
1521 874 1702 908 provisiones
1716 874 1904 901 ecelesiarum
1915 875 1995 909 regni
2008 874 2123 901 Siciliae
2139 875 2194 902 sibi
2211 883 2307 902 reser-

1295 923 1377 949 vabat
1400 927 1427 949 et
1451 931 1571 957 regnum
1596 924 1690 957 ipsum
1713 924 1895 958 supponebat
1915 923 2114 950 ecclesiastico
2140 923 2304 958 interdicto,

1293 972 1452 998 confirmat.
1469 971 1551 1006 (nm.
1561 972 1606 1005 ί24,
1617 980 1642 998 c.
1653 971 1714 1005 384,
1727 971 1746 998 f.
1756 971 1810 1006 56.)

1920 666 2038 701 Naples,
2053 667 2068 693 6
2083 667 2139 693 mai
2156 666 2232 694 1255.

1335 1086 1347 1100 <t
1365 1074 1501 1103 Johanni
1518 1074 1551 1102 de
1567 1074 1743 1109 Gaudiano,
1762 1075 1863 1103 abbati
1879 1076 2060 1104 monasterii
2078 1079 2180 1104 sancte
2197 1075 2303 1104 Trini-

1293 1128 1364 1156 tatis
1394 1127 1557 1161 Venusini,
1587 1127 1626 1156 acl
1653 1128 1819 1156 Romanam
1849 1128 2013 1157 Ecclesiam
2040 1128 2127 1157 nullo
2151 1128 2304 1158 mediante

1288 1181 1484 1218 pertinentis,
1513 1180 1633 1209 ordinis
1657 1181 1757 1209 sancii
1783 1181 1946 1210 Benedicti.
1974 1181 2095 1211 Petitio
2126 1185 2181 1211 tua
2206 1179 2302 1212 nohis

1292 1232 1439 1263 exhibita
1455 1232 1656 1267 continebat,
1670 1232 1768 1270 quod,
1786 1233 1988 1263 monasterio
2001 1238 2113 1263 sancte
2126 1233 2302 1264 Trinitatis

1289 1285 1463 1316 Venusino
1473 1285 1601 1314 abbatis
1611 1285 1773 1322 regimine
1783 1285 1951 1321 destituto,
1963 1291 2144 1316 conventus
2153 1286 2302 1326 ejusdem

1290 1337 1486 1368 monasterii
1499 1342 1595 1376 prout
1611 1338 1713 1368 moris
1730 1342 1779 1368 est.
1795 1339 2030 1369 convenientes
2044 1339 2079 1368 in
2096 1348 2211 1375 unum,
2227 1339 2302 1378 Spi-

1291 1391 1375 1421 ritus
1393 1391 1506 1421 Sancti
1527 1391 1633 1428 gratia
1654 1391 1822 1426 invocata,
1840 1395 1871 1421 te
1889 1395 1966 1421 tunc
1984 1391 2090 1430 ipsius
2108 1391 2302 1422 monasterii

1292 1443 1493 1474 monachum
1515 1444 1549 1472 in
1573 1443 1725 1473 abbatem
1744 1452 1840 1473 suum
1867 1444 2024 1474 canonice
2041 1453 2078 1474 ac
2096 1444 2303 1475 concorditer

1293 1497 1479 1535 elegerunt,
1504 1496 1612 1526 felicis
1636 1496 1876 1526 recordationis
1901 1498 1926 1526 Ι.
1951 1506 2067 1535 papam
2090 1497 2302 1535 predecesso-

1292 1559 1362 1580 rem
1379 1554 1528 1580 nostrum
1540 1550 1714 1580 humiliter
1728 1550 1954 1588 supplicantes
1966 1554 2011 1585 ut,
2026 1559 2100 1580 cum
2115 1568 2154 1572 »-
2167 1554 2202 1580 tu
2217 1559 2302 1581 com-

1292 1603 1386 1634 mode
1401 1612 1466 1633 non
1475 1612 1588 1641 posses
1603 1602 1817 1641 apostolicam
1830 1602 1947 1633 Sedem
1959 1603 2050 1633 adire
2061 1612 2119 1641 pro
2131 1603 2302 1633 confirma·

1291 1656 1393 1686 tionis
1416 1660 1445 1686 et
1469 1655 1712 1686 benedictionis
1734 1664 1872 1686 munere
1897 1655 2088 1691 obtinendo,
2112 1655 2302 1686 confirmari

1293 1709 1488 1739 electionem
1504 1709 1611 1746 ipsam
1628 1712 1658 1737 et
1676 1712 1705 1738 te
1720 1708 1754 1737 in
1771 1708 1839 1738 illis
1856 1707 2014 1738 mandare
2034 1708 2185 1746 partibus
2200 1707 2303 1738 bene-

1292 1761 1357 1791 dici
1369 1761 1407 1791 de
1419 1761 1625 1798 benignitate
1638 1780 1652 1791 c
1664 1761 1732 1790 edis
1745 1760 1924 1798 apostolice
1936 1760 2142 1797 dignaretur.
2153 1760 2235 1791 Cum
2247 1769 2302 1790 au-

1292 1819 1357 1844 tem
1366 1814 1453 1843 idem
1460 1814 1673 1851 predecessor
1682 1813 1865 1843 venerabili
1877 1813 1971 1843 fratri
1985 1817 2097 1843 nostro
2107 1836 2139 1848 ..,
2149 1813 2302 1852 episcopo

1291 1866 1484 1905 Rapollauo,
1504 1870 1534 1895 et
1552 1866 1671 1896 dilecto
1688 1865 1756 1895 tilio
1774 1889 1806 1900 ..,
1825 1865 1937 1895 abbati
1951 1865 2109 1899 Bantino,
2130 1865 2302 1896 Acheron-

1291 1920 1359 1949 tine
1375 1919 1537 1951 diocesis,
1562 1919 1632 1948 suis
1651 1918 1796 1948 dedisset
1816 1918 1938 1948 litteris
1962 1918 1996 1947 in
2019 1918 2184 1948 mandatis
2200 1923 2251 1954 ut,
2271 1918 2302 1949 si

1289 1973 1338 2002 eis
1356 1972 1515 2002 coustarit
1531 1971 1655 2001 dictum
1674 1971 1914 2000 monasterium
1930 1971 1969 2000 ad
1986 1972 2169 2000 Romanam
2188 1970 2302 2001 Eccle-

1289 2025 1374 2055 siam
1390 2024 1481 2054 nullo
1497 2024 1605 2053 medio
1621 2024 1803 2062 pertinere,
1822 2023 1983 2061 inquisita
1998 2023 2036 2053 de
2053 2023 2148 2053 modo
2167 2023 2302 2054 electio-

1289 2078 1357 2113 nis,
1374 2077 1493 2107 studiis
1510 2076 1705 2114 eligentium
1722 2080 1753 2106 et
1773 2076 1840 2106 tuis
1857 2076 1986 2106 meritis
2002 2076 2198 2113 diligentius
2213 2077 2301 2107 veri-

1288 2135 1365 2165 tate,
1384 2130 1413 2160 si
1429 2130 1625 2160 electionem
1643 2129 1749 2167 ipsam
1766 2129 1956 2158 invenirent
1970 2128 2009 2158 de
2024 2138 2167 2167 persona
2181 2129 2301 2159 idonea

1288 2183 1446 2213 canonice
1463 2183 1679 2217 celebratam,
1701 2181 1793 2211 illam
1809 2181 2005 2211 auctoritate
2023 2181 2202 2219 apostolica
2222 2191 2300 2212 con-

1287 2236 1458 2266 firmarent
1481 2240 1511 2265 et
1532 2236 1680 2266 facerent
1697 2234 1757 2264 tibi
1781 2244 1799 2264 a
1823 2234 1888 2264 tuis
1908 2234 2052 2264 subditis
2076 2234 2301 2265 obedientiam

1288 2294 1319 2319 et
1328 2289 1548 2319 reverentiam
1560 2288 1705 2318 debitam
1716 2287 1866 2317 exhiberi
1879 2296 1915 2316 ao
1924 2295 2045 2317 munus
2057 2287 2300 2318 benedictionis

1288 2342 1435 2380 impendi
1455 2346 1486 2372 et
1502 2341 1687 2380 reciperent
1710 2350 1727 2370 a
1752 2345 1781 2369 te
1798 2340 2006 2378 postmodum
2022 2349 2080 2378 pro
2097 2340 2168 2378 ipso
2184 2344 2216 2370 et
2233 2341 2300 2371 Ro-

1288 2404 1387 2424 mana
1407 2394 1555 2424 Ecclesia
1577 2393 1748 2423 fidelitatis
1770 2392 1865 2422 solite
1883 2393 2110 2431 Juramentum
2123 2392 2218 2431 juxta
2231 2393 2300 2422 for-

1289 2456 1376 2477 mam
1396 2456 1494 2486 quam
1515 2447 1562 2476 eis
1580 2446 1641 2476 sub
1661 2445 1751 2475 bulla
1774 2454 1834 2475 sua
1854 2445 2071 2475 interclusam
2094 2445 2298 2481 transmisit;

1289 2500 1439 2539 alioquin
1468 2499 1628 2529 electione
1660 2498 1851 2538 hujusmodi
1881 2498 1943 2528 rite
1978 2502 2124 2533 cassata,
2153 2499 2301 2529 facerent

1288 2553 1374 2583 dicto
1391 2552 1592 2582 monasterio
1610 2552 1648 2581 (le
1669 2560 1809 2590 persona
1825 2551 1944 2581 idonea
1962 2560 2019 2589 per
2035 2550 2231 2581 electionem
2246 2559 2300 2581 ca-

1289 2606 1443 2636 nonicam
1459 2605 1636 2643 provideri.
1655 2604 1932 2635 Contradictores.
1957 2604 2063 2634 Iidem
2079 2604 2253 2642 episcopus
2269 2607 2300 2634 et

1289 2658 1390 2688 abbas
1409 2659 1501 2697 juxta
1518 2658 1659 2687 formam
1678 2658 1725 2687 cis
1743 2657 1913 2691 traditam,
1931 2656 2093 2695 inquisita
2112 2665 2210 2695 super
2225 2664 2300 2695 pre-

1288 2712 1402 2741 missis
1429 2711 1623 2749 diligentius
1651 2711 1805 2745 veritate,
1835 2709 2030 2740 electionem
2055 2709 2162 2747 ipsam
2187 2711 2300 2747 utpote

1288 2764 1487 2794 celebratam
1501 2764 1658 2793 canonice
1671 2774 1706 2793 ac
1717 2763 1923 2793 concorditer
1935 2763 2182 2792 confirmarunt.
2195 2761 2299 2792 Idem-

1288 2826 1351 2856 que
1366 2817 1538 2855 episcopus
1560 2816 1638 2851 tibi,
1659 2816 1773 2846 eodem
1790 2815 1907 2845 abbate
1924 2818 1955 2844 ct
1970 2814 2122 2852 pluribus
2139 2813 2215 2844 aliis
2234 2813 2299 2844 sihi

1288 2870 1542 2905 assistentibus,
1566 2879 1688 2899 munus
1713 2868 1956 2899 benedictionis
1983 2867 2156 2905 impendit.
2173 2868 2298 2898 Verum

1288 2923 1366 2962 quia
1390 2927 1563 2962 postquam
1589 2923 1696 2952 dictus
1724 2922 1936 2960 predecessor
1958 2920 2165 2959 provisiones
2192 2919 2297 2950 eccle-
