2498 3325
219 251 277 282 366
944 237 1184 271 REGISTRES
1206 235 1512 266 D'ALEXANDRE
1536 237 1592 266 IV.

223 328 236 343 »
260 315 368 345 locum
389 310 643 344 accesserimus,
667 308 719 338 bis
741 307 776 337 in
797 315 884 337 anno
905 303 1081 344 persolvet.
1102 301 1228 332 Visita-

223 381 236 396 n
261 372 348 398 tores
365 370 396 396 et
411 364 551 394 nuncios
568 366 698 392 nostros
713 359 852 398 recipiet
863 362 893 388 et
909 357 1013 397 invite
1029 353 1229 386 necessariis

223 433 236 447 ‚2
261 421 484 457 competenter
511 413 707 454 providebit.
731 411 852 443 Omnia
879 414 990 440 autem
1016 416 1118 438 onera
1144 406 1229 436 dicte

224 485 237 499 »
261 472 376 501 domus
409 474 439 500 et
468 467 746 507 pertinentiarum
778 473 914 495 suarum
943 462 1014 492 suis
1042 460 1230 498 sumptibus

225 538 238 552 »
263 525 362 554 faciet
382 527 412 553 et
429 522 528 552 etiam
544 519 734 559 procurabit
757 516 1001 557 quinquaginta
1017 513 1183 553 siquidem
1199 516 1231 542 et

225 590 238 605 »
262 579 291 608 V
305 577 408 606 libras
421 573 665 605 Viennensium
683 572 770 602 idem
787 569 975 608 Stephanus
992 566 1078 606 apud
1094 564 1229 596 Clunia-

224 643 238 658 »
262 638 337 660 cum
359 628 455 658 nobis
472 626 523 657 vel
541 630 629 656 certo
648 623 769 654 nuncio
792 626 905 652 nostro
928 626 958 651 et
981 617 1231 650 successoribus

225 695 239 710 n
263 681 387 712 nostris
410 681 444 710 in
467 679 610 718 capitulo
634 681 746 708 nostro
769 675 916 714 generali
935 672 1148 705 Cluniacensi
1173 680 1232 701 an-

226 748 239 763 »
264 735 402 770 nuatim,
418 733 551 763 nomine
565 731 809 765 annuicensus,
823 728 998 767 persolvet.
1010 728 1047 756 Et
1061 726 1088 756 si
1100 726 1134 754 in
1145 724 1232 754 dicta

225 802 238 816 »
264 788 428 819 solutione
450 786 671 825 predictarum
698 782 941 822 quinquaginta
967 785 997 810 et
1019 781 1048 810 V
1070 779 1231 808 librarum

227 854 240 869 »
263 840 506 872 Viennensium
521 838 685 871 deficeret,
696 840 791 874 prout
803 834 956 873 superius
967 837 1016 863 est
1027 839 1230 870 expressum,

226 908 240 922 ))
264 904 322 933 pro
345 892 492 937 qualibet
515 891 567 920 die
590 891 618 920 V
643 889 765 919 solidos
789 886 1033 918 Viennensium
1064 893 1121 923 pro
1149 891 1233 921 pena

227 961 240 975 n
265 947 418 977 solveret.
445 944 623 975 Sciendum
647 947 695 973 est
726 946 851 975 autem,
876 939 963 978 quod
985 938 1072 968 idem
1093 935 1233 974 Stepha-

227 1014 240 1028 »
266 1010 329 1031 nus
357 1000 479 1029 dictam
508 997 640 1027 domum
669 999 724 1025 aut
751 994 858 1032 ipsius
886 991 1104 1031 pertinentias
1132 988 1232 1018 alicui

227 1067 241 1082 »
266 1054 358 1087 dare,
377 1053 491 1082 cedere
511 1055 567 1080 aut
585 1049 765 1079 concedere
786 1056 845 1077 seu
869 1050 960 1076 extra
981 1052 1116 1074 manum
1138 1050 1232 1072 suam

227 1120 240 1134 n
265 1114 386 1146 ponere
413 1113 477 1134 non
501 1107 617 1141 potest.
649 1101 764 1131 Dictus
792 1108 868 1129 vero
895 1097 1099 1136 Stephanus,
1120 1094 1233 1124 habita

227 1173 240 1187 »
265 1158 529 1190 consideratione
552 1156 592 1185 ad
612 1153 860 1184 concessionem
884 1160 982 1190 quam
1004 1149 1068 1178 sibi
1092 1147 1233 1177 facimus

227 1225 241 1240 »
266 1213 304 1242 de
323 1212 410 1241 dicta
428 1210 534 1243 domo,
558 1208 646 1237 dedit
670 1206 765 1236 nobis
788 1210 819 1235 et
838 1204 935 1234 solvit
957 1203 990 1232 in
1018 1200 1233 1232 elemosinam

228 1278 241 1293 »
267 1270 298 1295 et
316 1273 373 1303 pro
396 1262 563 1293 solvendis
584 1260 705 1290 debitis
731 1259 816 1288 dicte
837 1257 953 1286 domus
972 1255 1172 1294 quingentas
1193 1252 1234 1281 li-

229 1331 242 1345 »
266 1318 343 1347 bras
371 1315 616 1346 Viennensium
646 1313 681 1341 in
708 1311 847 1350 pecunia
873 1311 1060 1341 numerata,
1091 1314 1172 1344 quas
1200 1305 1234 1334 in

229 1384 242 1398 »
267 1370 446 1401 utilitatem
465 1366 569 1397 nostri
586 1364 780 1395 monasterii
798 1360 1031 1393 Cluniacensis
1050 1363 1081 1389 et.
1097 1358 1235 1388 solutio-

229 1437 242 1452 »
270 1433 344 1454 nem
368 1422 553 1452 debitorum
578 1419 663 1449 dicte
685 1418 800 1447 domus
824 1415 928 1445 fuisse
951 1413 1072 1442 missas
1091 1411 1236 1441 totaliter

229 1490 242 1504 »
269 1481 300 1507 et
325 1482 500 1506 conversas
526 1471 657 1511 publice
686 1470 893 1500 confitemur.
920 1466 1153 1497 Promittentes
1179 1473 1236 1502 per

230 1543 243 1557 »
268 1528 517 1567 stipulationem
543 1529 574 1555 et
599 1525 632 1554 in
660 1524 745 1553 bona
770 1522 849 1556 fide,
867 1520 953 1559 quod
975 1519 1003 1549 si
1026 1517 1236 1548 senescalcus

230 1596 243 1610 »
267 1579 501 1620 Lugdunensis
528 1578 692 1616 prefatum
718 1575 923 1613 Stephanum
953 1572 1002 1601 vel
1031 1580 1108 1601 suos
1137 1579 1237 1608 supra

232 1649 245 1663 »
269 1634 417 1674 predicta
439 1632 534 1662 domo
559 1630 597 1660 de
626 1630 761 1659 Limans
787 1636 845 1657 seu
871 1627 941 1664 ejus
966 1623 1179 1663 pertinentiis
1202 1623 1236 1651 in

231 1701 245 1714 n
270 1691 361 1726 parte
378 1685 429 1715 vel
445 1685 478 1714 in
496 1688 561 1714 toto
575 1683 759 1720 impeteret,
779 1679 968 1709 molestaret
985 1682 1041 1707 aut
1057 1677 1089 1705 in
1103 1684 1236 1705 causam

233 1754 246 1768 »
273 1739 432 1772 traheret,
463 1736 512 1766 vel
542 1735 736 1774 pensionem
763 1735 887 1771 peteret
915 1731 947 1759 in
977 1729 1100 1759 eisdem
1127 1736 1236 1758 coram

232 1807 246 1822 ›>
271 1793 536 1832 quibuscumque
551 1788 721 1828 judit-ibus
744 1785 924 1815 ordinariis
944 1792 1001 1813 seu
1027 1783 1125 1811 etiam
1147 1781 1236 1811 ‹lele-

233 1860 246 1875 »
272 1846 356 1885 gatis
375 1854 393 1874 a
411 1854 502 1882 papa,
527 1843 596 1871 sive
611 1839 811 1879 provisionis
839 1837 983 1867 nomine.
1008 1845 1066 1865 seu
1090 1834 1238 1872 qualibet

233 1913 246 1927 »
272 1899 337 1929 alia
353 1897 491 1927 ratione,
511 1904 569 1924 uos
587 1903 643 1932 pro
662 1893 775 1923 eodem
795 1890 962 1928 Stephano
979 1897 1038 1918 nos
1056 1895 1238 1925 opponere-

233 1965 247 1980 »
271 1960 345 1981 mus
371 1954 402 1980 et
428 1949 536 1987 ipsum
562 1946 815 1976 defenderemus
839 1952 913 1972 cum
936 1940 1088 1979 expensis
1114 1939 1236 1968 nostris

233 2017 246 2032 »
270 2002 414 2043 propriis
431 2005 461 2032 et
479 2000 690 2037 indempnem
710 1997 842 2035 penitus
859 2002 1079 2025 servaremus.
1100 1993 1238 2022 Renun-

233 2070 247 2085 »
272 2057 398 2088 ciamus
414 2053 579 2092 siquidem
595 2052 629 2081 in
642 2050 703 2080 hoc
718 2051 805 2079 facto
818 2057 855 2078 ex
868 2052 957 2077 certa.
969 2045 1109 2076 scientia
1123 2053 1238 2082 excep-

234 2122 247 2137 „
272 2109 356 2140 tioni
378 2116 444 2138 non
467 2108 638 2136 numerate
662 2107 693 2133 et
715 2111 779 2132 non
802 2100 914 2130 habite
935 2098 1091 2138 pecunie,
1114 2096 1180 2126 doli
1202 2097 1237 2126 in

233 2176 246 2190 >³
272 2163 411 2195 factum,
438 2157 599 2189 beneficio
624 2154 847 2186 restitutionis
874 2153 909 2182 in
937 2152 1120 2188 integrum,
1146 2149 1238 2179 illius

233 2228 246 2243 n
272 2212 520 2245 constitutionis
543 2211 603 2240 hoc
623 2210 678 2249 jus
702 2211 888 2247 porrectum
909 2204 1059 2236 subsidio
1083 2202 1238 2233 omnibus

234 2282 247 2296 »
272 2264 567 2298 constitutionibus
587 2267 617 2292 et
640 2261 773 2292 statutis
797 2259 894 2289 factis
917 2262 948 2288 et
969 2256 1148 2290 faciendis,
1171 2255 1238 2293 pri-

234 2334 248 2349 »
273 2320 422 2358 vilegiis,
452 2317 568 2355 gratiis
593 2320 624 2345 et
650 2313 868 2351 indulgentiis
895 2309 1084 2349 apostolicis
1109 2313 1139 2338 et
1163 2307 1238 2337 aliis

234 2387 247 2402 n
274 2373 538 2413 quibuscumque
566 2367 751 2407 impetratis
778 2370 809 2395 et
833 2363 1062 2402 impetrandis,
1090 2365 1121 2392 et
1148 2361 1239 2391 omni

235 2440 248 2454 »
274 2425 397 2457 auxilio
425 2427 455 2453 et
479 2421 639 2452 beneficio
661 2419 747 2459 juris
776 2417 928 2448 canonici
952 2420 982 2446 et
1004 2414 1129 2450 civilis,
1152 2413 1240 2453 quod

235 2493 248 2507 »
273 2478 369 2509 nobis
385 2476 435 2506 vel
454 2473 702 2505 successoribus
723 2471 846 2501 nostris
865 2468 1107 2499 adveniendum
1126 2471 1240 2497 contra

235 2545 248 2560 »
273 2531 435 2570 premissa
455 2528 506 2558 vel
529 2526 663 2565 aliquod
682 2525 905 2563 predictorum
925 2525 1035 2560 posset
1055 2524 1239 2557 competere

235 2598 248 2612 »
273 2584 368 2614 modo
384 2582 495 2620 aliquo
512 2579 562 2609 vel
579 2579 733 2617 prodesse
751 2581 781 2607 et
795 2576 902 2606 eidem
919 2574 1086 2612 Stephano
1099 2572 1214 2602 obesse
1231 2581 1236 2600 :

235 2651 248 2665 »
273 2636 386 2667 omnia
410 2633 555 2673 predicta
580 2636 610 2661 et
634 2630 765 2668 singula
794 2629 881 2659 idem
906 2627 1094 2665 Stephanus
1114 2624 1239 2664 juravit

235 2703 249 2717 »
274 2697 383 2720 eoram
400 2687 507 2721 nobis,
527 2684 622 2714 tactis
638 2681 858 2713 sacrosanctis
876 2678 1069 2717 evangeliis,
1089 2677 1116 2707 si
1131 2677 1239 2715 ipsum

236 2756 249 2770 »
274 2744 363 2772 Deus
382 2740 529 2778 adjuvet,
550 2741 581 2767 et
604 2740 717 2766 sancta
740 2734 799 2764 Dei
819 2731 992 2769 evangelia
1011 2730 1150 2759 firmiter
1169 2737 1239 2758 ser-

237 2808 249 2823 »
274 2804 362 2824 vare.
385 2794 423 2822 In
445 2791 538 2830 cujus
562 2789 610 2819 rei
631 2787 871 2820 testimonium,
894 2794 952 2814 uos
975 2782 1114 2821 predicti
1138 2780 1239 2811 abbas

236 2861 249 2876 »
275 2851 306 2878 et
322 2849 502 2876 conventus
521 2841 731 2881 presentibus
752 2839 873 2869 litteris
889 2837 998 2875 sigilla
1016 2839 1127 2865 nostra
1144 2833 1239 2863 duxi-

237 2914 251 2928 »
275 2909 349 2930 nius
378 2896 581 2937 apponenda.
614 2895 732 2924 Actum
761 2901 846 2922 anno
870 2889 1003 2920 Domini
1030 2887 1235 2921 MCCLIIII,

1314 311 1327 326 ι)
1353 308 1466 330 mense
1483 299 1680 339 septembris
1699 303 1775 329 ante
1787 299 1907 329 festum
1921 298 2008 328 beati
2025 297 2150 328 Mathei
2165 297 2317 336 apostoli.

1313 364 1326 378 »
1351 356 1460 382 actum
1482 353 1651 390 Lugduni,
1672 351 1886 390 presentibus
1908 350 2098 381 Guichardo
2118 350 2156 380 de
2180 349 2316 385 Portali‚

1314 417 1327 430 1>
1352 405 1522 435 Bet-nardo
1539 405 1691 435 Parentis
1706 403 1900 434 auctoritate
1917 402 2096 441 apostolica
2111 401 2243 440 publico
2259 410 2319 432 no-

1314 469 1327 483 »
1354 457 1446 493 tario,
1471 459 1567 488 Petro
1588 456 1794 496 Raymundi,
1818 455 1959 486 testibus
1982 455 2023 485 ad
2041 455 2103 485 hoc
2124 454 2250 485 vocatis
2270 454 2320 484 vi-

1315 523 1327 537 »
1353 510 1508 540 dentibus
1524 514 1554 540 et
1571 509 1794 539 audientibus.
1816 522 1828 534 n

1355 576 1367 590 11
1400 563 1467 601 Ego
1493 562 1636 592 Thomas
1664 561 1834 600 Blancpeil
1866 562 2097 595 Normannus,
2124 559 2320 590 auctoritate

1315 627 1328 641 »
1354 615 1533 653 apostolica
1546 614 1754 647 scriniarius,
1767 613 1964 652 premissam
1978 612 2122 642 litteram
2139 611 2321 651 exemplavi

1316 680 1328 693 »
1354 671 1384 697 et
1401 668 1435 696 in
1456 667 1622 705 publicam
1644 667 1784 696 formam
1807 666 1937 703 redegi,
1958 669 2092 703 rogatus
2109 674 2127 694 a
2145 664 2232 694 dicto
2247 664 2322 696 Ste-

1317 733 1329 746 »
1354 720 1474 758 phano,
1493 724 1524 749 et
1541 719 1750 749 collationem
1767 718 1807 748 ad
1825 717 1988 755 originale
2005 717 2080 747 feci.
2100 730 2113 743 n

1354 772 1447 803 Nulli
1464 781 1540 809 ergo
1556 776 1617 802 etc.
1638 775 1748 801 nostre
1766 771 2029 800 confirmationis
2046 775 2107 800 etc.
2128 771 2202 800 Dat.
2224 770 2322 800 Late-

1315 826 1400 861 rani,
1418 827 1463 856 VI
1480 825 1554 855 idus
1570 825 1744 859 februarii,
1761 833 1848 854 anno
1864 823 2020 854 secundo.
2041 836 2053 849 n

1391 992 1410 1019 Ι
1420 991 1507 1020 208

1352 1053 1496 1089 Episcopo
1517 1053 1705 1079 Noriomensi
1728 1052 1857 1082 mandat,
1879 1051 2017 1085 quatinus
2038 1049 2177 1084 magistro
2196 1049 2323 1076 Thomae

1924 988 2038 1021 Lati-an,
2055 988 2069 1014 4
2086 988 2156 1014 avril
2173 987 2251 1014 1956.

1315 1102 1351 1129 de
1364 1103 1548 1137 Jouigniaco,
1563 1102 1668 1128 clerico
1680 1101 1824 1127 Gunllelmi
1838 1100 1951 1126 abbatis
1965 1099 2175 1128 Ctuniaeensis.
2193 1099 2228 1124 dc
2243 1106 2325 1132 prae·

1317 1151 1409 1177 beuda
1429 1151 1456 1177 in
1478 1151 1602 1177 ecclesia
1622 1149 1810 1176 Noviomensi
1833 1148 1982 1183 providere
2006 1150 2150 1182 procuret.
2173 1146 2254 1179 (lieu.
2272 1147 2322 1179 2⁴.

1317 1200 1336 1226 f.
1356 1199 1419 1229 152,
1437 1208 1503 1225 ann.
1521 1198 1558 1229 11,
1575 1206 1599 1224 c,
1621 1198 1701 1226 173².)

1360 1314 1371 1327 11
1393 1324 1426 1336 ..,
1446 1302 1580 1337 episcopo
1598 1300 1801 1328 Nociwncnsi.
1825 1298 1874 1327 Ne
1893 1297 2078 1327 liberalitas
2094 1305 2154 1326 suo
2170 1313 2218 1324 --.
2238 1296 2325 1326 Hinc

1318 1357 1367 1383 est
1383 1353 1480 1392 quod,
1497 1352 1634 1382 obtentu
1646 1351 1758 1381 dilecti
1776 1350 1835 1380 lilii
1853 1349 2036 1385 Guillelmi,
2052 1350 2182 1380 abbatis
2191 1349 2325 1380 Clunia-

1317 1407 1438 1441 censis,
1456 1414 1514 1444 pro
1531 1405 1650 1435 dilecto
1669 1404 1737 1434 tilio
1756 1404 1916 1441 magistro
1935 1404 2061 1433 Thoma
2076 1403 2115 1434 de
2134 1403 2324 1441 Jun-igiaco,

1318 1459 1488 1497 capellano
1507 1462 1634 1492 nostro,
1657 1457 1816 1487 canonico
1833 1456 1970 1487 ecclesie
1987 1457 2100 1487 Sancti
2117 1456 2208 1486 Petri
2225 1456 2326 1486 Sues-

1318 1511 1497 1546 sionensis,
1518 1510 1801 1549 clericoejusdem
1819 1510 1964 1545 abbatis,
1989 1518 2047 1548 pro
2070 1518 2134 1548 quo
2159 1508 2245 1547 apud
2266 1517 2326 1539 nos

1318 1565 1504 1595 litterarum
1522 1564 1662 1594 scientia
1679 1568 1710 1593 et
1727 1572 1854 1593 morum
1879 1562 2045 1600 elegantia
2063 1562 2251 1598 evidentius
2273 1561 2327 1592 in-

1319 1617 1501 1651 tercedunt,
1527 1616 1771 1646 fraternitatem
1797 1621 1885 1645 tuam
1911 1624 2083 1653 rogamus,
2105 1623 2279 1645 monemus
2295 1618 2328 1645 et

1319 1671 1491 1700 hortamur
1508 1674 1631 1699 attente
1654 1678 1689 1698 ac
1715 1678 1771 1707 per
1793 1668 1973 1707 apostolica
1996 1668 2056 1697 tibi
2083 1668 2204 1706 scripta
2219 1667 2328 1706 preci-

1319 1724 1438 1762 piendo
1462 1723 1675 1752 mandamus.
1698 1732 1756 1760 pro
1775 1721 1910 1760 speciali
1934 1730 2071 1751 munere
2088 1721 2328 1751 nichilominus

1319 1776 1535 1814 postulantes,
1554 1776 1712 1814 quatinus
1728 1775 1873 1813 predicto
1889 1775 2045 1811 mas-‘istro
2059 1774 2109 1804 vel
2123 1773 2328 1812 procuratori

1320 1839 1390 1863 suo,
1410 1829 1480 1868 ejus
1498 1829 1642 1863 nomine,
1662 1828 1699 1857 de
1721 1828 1900 1865 prebenda,
1922 1828 1948 1857 si
1967 1827 2082 1866 quain
2102 1827 2241 1857 ecclesia
2259 1827 2328 1856 No-

1320 1882 1495 1916 viomensi,
1515 1882 1548 1910 in
1569 1891 1632 1920 qua
1649 1881 1890 1920 prebendarum
1908 1881 2040 1910 collatio
2058 1880 2098 1910 ad
2112 1885 2142 1910 te
2160 1880 2328 1918 pertinere

1320 1935 1451 1969 dicitur,
1471 1939 1562 1964 vacat
1577 1934 1616 1964 ad
1630 1942 1767 1972 presens
1787 1933 1837 1963 vel
1854 1933 2020 1971 quamcito
2034 1932 2075 1962 ad
2092 1932 2125 1961 id
2139 1941 2174 1962 se
2187 1931 2328 1962 facultas

1319 1987 1487 2022 obtulerit,
1506 1996 1563 2025 pro
1580 1990 1693 2016 nostra
1711 1991 1742 2016 et
1759 1986 1937 2024 apostolice
1955 1985 2050 2015 Sedis
2066 1984 2254 2015 reverentia
2269 1993 2328 2015 sue

1320 2049 1450 2079 quoque
1466 2039 1640 2078 probitatis
1657 2039 1798 2073 intuitu,
1821 2038 2005 2068 liberaliter
2021 2037 2194 2076 providere
2210 2045 2330 2075 procu-

1320 2101 1384 2127 res,
1400 2092 1544 2122 sciturus
1559 2092 1646 2130 quod
1661 2091 1695 2120 id
1712 2095 1840 2129 gratum
1856 2091 1918 2121 erit
1936 2090 2032 2120 nobis
2046 2089 2330 2129 quamplurimum

1321 2150 1352 2175 et
1367 2150 1547 2183 acceptum.
1569 2145 1760 2181 Quinimmo
1777 2153 1814 2174 eo
1831 2144 1958 2182 gratius
1972 2144 2033 2173 hoc
2050 2143 2248 2174 habebimus
2264 2150 2329 2182 quo

1321 2208 1357 2228 ex
1374 2198 1548 2228 devotione
1566 2198 1742 2236 procedere
1763 2197 1930 2227 videbitur
1950 2197 2069 2235 potiori
2092 2195 2246 2235 quodque
2267 2203 2328 2226 nos

1321 2252 1356 2280 in
1371 2251 1436 2281 tuis
1450 2255 1481 2281 et
1494 2250 1633 2280 ecclesie
1649 2255 1701 2280 tue
1716 2251 1853 2287 agendis
1869 2251 1993 2280 senties
2009 2250 2115 2287 magis
2129 2248 2329 2279 favorabiles

1321 2308 1352 2334 et
1370 2304 1550 2341 benignos,
1573 2309 1604 2334 et
1624 2303 1832 2333 studebimus
1851 2303 1949 2333 etiam
1967 2302 2050 2332 alias
2069 2301 2131 2331 tibi
2148 2305 2180 2332 et
2193 2301 2259 2340 ipsi
2275 2309 2330 2331 ec-

1320 2356 1432 2392 clesie,
1451 2357 1583 2394 cognita
1598 2356 1632 2385 in
1650 2356 1710 2385 hoc
1727 2356 1774 2385 tui
1792 2355 1896 2385 animi
1913 2355 2067 2393 puritate,
2088 2358 2181 2392 grata
2195 2353 2330 2384 vicissi-

1320 2409 1435 2439 tudine
1452 2409 1661 2446 respondere.
1685 2409 1728 2438 Ut
1746 2413 1855 2438 autem
1872 2412 2003 2437 nostras
2020 2407 2054 2436 in
2071 2407 2132 2436 hac
2147 2410 2239 2444 parte
2254 2414 2330 2444 pre-

1321 2471 1375 2492 ces
1385 2467 1415 2492 et
1427 2462 1619 2492 mandatum
1629 2462 1739 2491 valeas
1751 2461 1913 2491 efficatius
1923 2460 2115 2499 adimplere,
2127 2459 2331 2490 fraternitati

1321 2519 1376 2545 tue
1392 2515 1537 2545 faciendi
1553 2515 1663 2552 ipsum
1686 2514 1804 2552 recipi,
1826 2514 2022 2543 auctoritate
2044 2516 2172 2547 nostra,
2197 2512 2233 2541 in
2255 2520 2330 2550 pre-

1321 2567 1407 2597 dicta
1421 2567 1561 2598 ecclesia
1577 2567 1629 2597 vel
1647 2571 1894 2605 procuratorem
1913 2575 2020 2601 suum,
2040 2565 2111 2605 ejus
2128 2564 2274 2599 nomine,
2294 2564 2330 2594 in

1320 2620 1516 2650 canonicum
1539 2624 1570 2650 et
1592 2620 1627 2649 in
1651 2620 1802 2655 fratrem,
1826 2619 1957 2657 sibique
1979 2618 2113 2648 stallum
2129 2617 2164 2647 in
2181 2617 2280 2647 choro
2299 2620 2332 2647 et

1320 2672 1429 2702 locum
1454 2672 1488 2701 in
1514 2672 1658 2710 capitulo
1677 2681 1751 2701 cum
1769 2671 1978 2709 plenitudine
1996 2670 2082 2710 juris
2103 2669 2256 2700 canonici
2277 2677 2331 2699 as-

1321 2724 1488 2762 signandi,
1500 2729 1558 2754 etc.
1573 2724 1850 2757 Contradictores‚
1862 2728 1922 2753 etc.
1937 2724 2010 2753 Non
2023 2721 2232 2752 obstantibus
2244 2721 2331 2760 quod

1321 2777 1408 2807 idem
1423 2776 1506 2806 alias
1522 2777 1556 2805 111
1574 2776 1725 2814 pluribus
1742 2776 1891 2806 ecclesiis
1909 2775 2126 2805 beneficiatus
2141 2774 2259 2809 extitit,
2275 2777 2332 2804 aut

1321 2829 1408 2868 quod
1425 2838 1489 2858 non
1507 2834 1556 2859 est
1574 2829 1612 2859 de
1631 2834 1687 2859 tua
1703 2829 1826 2859 diocesi
1845 2828 2017 2862 oriundus,
2036 2827 2087 2857 vel
2103 2827 2132 2856 si
2148 2827 2331 2856 direximus

1322 2882 1381 2911 tibi
1398 2891 1456 2920 pro
1473 2881 1549 2911 aliis
1568 2883 1689 2920 scripta
1712 2886 1840 2917 nostra,
1865 2881 1985 2920 quibus
2003 2884 2061 2910 etc.
2081 2888 2187 2918 usque
2205 2889 2211 2908 :
2231 2887 2332 2917 gene-
