2498 3325
970 220 1193 257 PREMIERE
1215 221 1374 258 ANNEE.
2159 234 2216 264 ‘2⁵29

124 293 368 332 predecessoris
385 294 532 332 ejusdem
547 294 717 332 provisum
733 290 903 328 existeret,
922 292 1103 322 reservavit
1122 302 1128 320 ε

126 346 306 376 decernens
322 347 455 376 irritum
471 351 502 377 et
518 347 628 381 inane,
645 347 674 377 si
691 356 785 377 secus
800 347 837 376 de
852 346 1009 384 predictis
1023 353 1131 383 perso-

126 403 204 428 natu
222 408 295 429 eum
312 399 462 428 canonia.
481 399 647 437 prebenda
661 403 691 429 et
704 398 932 437 prestimoniis
945 408 1002 436 per
1016 406 1132 436 quem-

125 460 265 490 cumque
284 452 384 481 fuerit
402 455 645 490 attemptatum,
665 457 761 490 prout
777 452 811 481 in
827 451 933 490 ipsius
952 450 1131 480 cardinalis

125 503 246 533 litteris
275 513 334 533 suo
362 503 471 541 sigillo
492 505 631 534 munitis
655 505 786 542 plenius
811 504 933 534 dieitur
955 504 1128 534 contineri.

125 557 193 586 Nos
211 556 314 593 igitur
331 556 397 585 tuis
418 556 717 594 supplicationibus
736 557 903 591 inclinati,
925 556 1011 594 quod
1034 564 1132 594 super

125 609 185 638 hoc
207 608 246 637 ab
267 608 381 637 eodem
404 608 566 637 cardinali
587 609 710 638 factum
732 613 795 644 est,
816 613 923 639 ratum
949 613 979 638 et
1003 612 1132 646 gratum

125 661 301 696 habentes,
323 661 357 689 id
384 661 578 691 auctoritate
607 661 786 699 apostolica
810 662 1044 691 confirmamus
1069 666 1130 691 etc.

125 722 230 752 usque
247 723 252 742 :
269 713 523 742 communimus,
542 713 739 751 Supplentes
753 714 917 743 defectum
934 714 971 743 de
987 713 1132 751 plenitu-

125 766 201 795 dine
223 766 395 804 potestatis
415 765 471 804 qui
495 765 530 794 in
550 766 739 804 provisione
760 766 951 804 hujusmodi
972 766 1079 796 extitit
1095 775 1132 795 ex

125 827 162 848 eo
179 818 267 857 quod
287 818 375 847 infra
397 822 526 856 tempus
549 818 587 848 de
610 818 844 848 consecrandis
863 819 1025 857 episcopis
1045 819 1133 848 facta

123 871 198 900 fuit.
217 870 434 901 Collationem
451 871 489 901 de
506 871 632 909 prefato
647 871 919 900 archidiaconatu
935 871 1131 910 cuicumque

124 923 182 953 alii
201 928 231 953 et
249 932 266 952 a
283 932 490 962 quocumque
506 924 595 953 infra
611 923 698 953 idem
713 927 841 962 tempus
857 924 988 958 factam,
1006 924 1131 953 nullam

125 985 196 1006 esse
215 976 347 1014 penitus
365 977 574 1006 nunciantes.
593 976 685 1006 Nulli
702 981 762 1006 etc.
778 981 889 1007 nostre
906 977 1132 1006 confirmatio-

125 1030 194 1064 ni&
221 1029 439 1068 suppletionis
465 1034 495 1060 et
521 1030 742 1060 nuntiationis
770 1034 828 1060 etc.
859 1031 930 1060 Dat.
961 1030 1129 1068 Anagnie,

123 1083 188 1112 VII
204 1082 362 1112 kalendas
379 1082 469 1117 maii,
488 1091 574 1112 anno
588 1083 705 1121 primo.
727 1095 740 1109 »

198 1282 284 1310 '24ss

166 1343 314 1375 l'atronae,
333 1343 444 1369 mulieri
462 1342 685 1376 Burdogalensi‚
703 1351 775 1376 quam
792 1342 898 1368 (ludum
916 1343 942 1368 in
962 1342 1045 1368 annis
1062 1351 1132 1376 pue-

624 1280 749 1313 Anagui,
768 1281 781 1306 lt
799 1281 962 1315 septembre
981 1280 1059 1306 1255.

128 1393 228 1418 rilibus
249 1393 404 1418 constituta
425 1400 474 1426 per
495 1391 578 1416 verba
595 1391 629 1416 de
647 1391 788 1425 pras-senti
810 1399 874 1416 cum
895 1390 1038 1424 quondam
1054 1390 1146 1416 Wi1-.

127 1441 210 1467 lelmo
235 1440 422 1466 Gondomerii
448 1439 519 1465 laico
540 1440 685 1473 sponsalia
705 1439 859 1471 contraxit,
878 1439 954 1465 nulla
971 1440 1043 1464 inter
1059 1447 1089 1464 se
1105 1442 1132 1464 et

125 1490 220 1524 ipsum
241 1488 347 1515 carnali
368 1489 470 1522 copula
492 1488 658 1521 subsecuta,
675 1496 747 1522 quae
767 1492 874 1519 autem,
892 1487 967 1513 dicto
982 1487 1131 1513 willelmo

124 1547 155 1564 se
179 1538 291 1564 cuidam
313 1538 358 1564 alii
381 1537 492 1563 mulieri
512 1545 597 1571 quam
618 1537 754 1570 coguovit
770 1536 921 1562 carnaliter
938 1536 1132 1562 matrimonia-

123 1588 185 1613 liter
206 1587 358 1620 copulante
377 1594 411 1612 ac
431 1594 464 1612 eo
485 1585 597 1611 tandem
616 1585 689 1611 viam
706 1585 858 1611 universae
876 1585 970 1610 carnis
987 1585 1130 1618 ingresso,

122 1644 188 1662 cum
215 1635 297 1661 Petro
320 1635 354 1661 ‹le
377 1634 501 1660 Rokerio
523 1635 610 1660 milite
632 1634 844 1660 matrimonium
863 1634 888 1659 in
908 1634 977 1659 facie
992 1634 1131 1660 ecclesiae

121 1685 276 1715 contraxit,
300 1685 437 1717 ignorans
456 1683 531 1717 quod
554 1683 627 1709 idom
651 1683 754 1708 Petrus
776 1682 932 1716 praefatum
950 1681 1130 1708 Willelmum

123 1740 222 1768 quarta
237 1732 497 1766 consanguinitatis
510 1733 580 1757 linea
594 1732 757 1765 attingeret,
771 1732 911 1763 indulget,
928 1732 994 1757 utin
1008 1732 1049 1756 sie
1062 1739 1131 1757 con-

123 1787 212 1808 tracto
235 1781 415 1807 matrimonio
439 1781 526 1806 libere
553 1789 698 1806 remanere
722 1781 821 1814 possit.
847 1780 930 1813 (lieo.
949 1780 997 1812 ⁶24,
1021 1788 1046 1806 c.
1069 1781 1130 1812 595,

123 1831 142 1857 f.
160 1830 228 1861 tJOV.)

167 1958 179 1970 «
197 1945 335 1978 Patrone,
356 1945 482 1972 mulieri
498 1944 725 1980 Bw·deyalen.s=i.
747 1944 790 1972 Ex
811 1947 902 1981 parte
919 1947 973 1972 tua
990 1961 1038 1971 —.
1058 1944 1130 1972 Dat.

124 1997 288 2034 Anagnie.
307 1998 338 2026 ΙΙ
358 2006 461 2025 nonas
479 1996 687 2034 septembris,
706 2005 792 2025 anno
811 1996 926 2034 primo,
950 2008 962 2021 1>
1060 1992 1064 1995 ”

199 2195 283 2224 ’ἵ4ἵ

161 2257 358 2291 infrascriptis
383 2256 507 2288 mandat,
536 2260 566 2283 ut
592 2257 700 2283 irritam
729 2257 899 2283 denuntient
923 2257 1134 2284 ordinationem

124 2307 215 2333 bonae
232 2305 385 2332 memoriae
402 2304 445 2337 E„
462 2313 503 2332 ss.
518 2304 639 2331 Cosmae
655 2309 683 2332 et
699 2305 830 2332 Damiani
844 2305 957 2332 diaconi
969 2306 1132 2337 cardinalis,

123 2355 158 2381 ad
183 2354 322 2380 beneficia
345 2353 556 2380 Salamantinae
577 2354 703 2381 diocesis
723 2353 926 2380 extendentem
950 2354 1132 2388 privilegium

723 2194 849 2228 Anagni,
866 2194 881 2221 6
898 2195 966 2221 aout
984 2194 1063 2222 1255.

123 2404 292 2430 clericorum
310 2403 434 2429 diocesis
449 2402 569 2429 habendi
586 2403 723 2429 beneficia
740 2402 950 2429 salamantinae
969 2404 1109 2429 ecclesiae
1126 2413 1132 2429 :

123 2458 259 2487 suspecta
274 2453 350 2478 enim
367 2452 495 2485 videtur,
520 2451 586 2485 quia
605 2452 730 2486 sigillum
750 2452 903 2478 cardinalis
916 2472 922 2483 ,
942 2455 1006 2485 post
1022 2451 1131 2478 obitum

124 2509 178 2528 non
200 2501 336 2534 fractum,
354 2509 369 2526 a
385 2499 556 2535 quibusdam
582 2499 710 2526 adhiberi
737 2500 837 2534 potuit.
855 2500 939 2533 (Rau.
956 2500 987 2526 Ἡ
1000 2520 1007 2534 ‚
1028 2508 1054 2526 c.
1072 2499 1132 2532 596,

125 2551 143 2577 f.
159 2550 225 2580 90¹.)

167 2677 178 2690 «ι
196 2687 230 2698 ..,
245 2665 389 2701 episcopo,
405 2669 430 2692 et
446 2686 478 2698 ..,
494 2663 713 2692 archidiacono
730 2663 763 2691 cle
778 2664 876 2698 Merel,
895 2668 920 2692 et
937 2686 969 2698 ..,
986 2664 1133 2700 vnaqistro

123 2718 277 2746 scolarum
298 2717 482 2753 Leyionensi.
509 2715 717 2753 Significavit
734 2716 828 2745 nobis
846 2715 1047 2746 venerabilis
1066 2716 1134 2744 fra-

128 2773 176 2798 ter
195 2773 306 2798 noster
325 2791 356 2803 ..‚
375 2768 624 2798 Salamantinus
646 2768 834 2806 episcopus,
853 2768 940 2807 quod
960 2768 1044 2798 bone
1065 2776 1134 2797 me-

128 2821 230 2851 morie
253 2821 302 2851 E.
321 2825 510 2850 sanctorum
529 2821 646 2851 Cosme
668 2825 698 2850 et
717 2820 870 2850 Damiani
887 2821 1045 2850 diaconus
1063 2830 1134 2849 car-

128 2874 266 2904 dinalis.
287 2873 367 2904 olim
382 2874 420 2904 de
438 2873 574 2912 speciali
594 2873 748 2903 mandato
766 2873 873 2904 felicis
895 2873 1134 2903 recordationis

1214 293 1239 321 I.
1257 302 1337 331 pape
1356 295 1599 332 predecessoris
1621 297 1740 332 nostri,
1764 298 1839 326 viva
1862 306 1938 327 voce
1959 303 1992 327 ut
2015 298 2136 328 dieitur
2152 299 2217 328 sibi

1213 345 1310 380 facto,
1328 347 1504 384 quamdam
1519 349 1762 378 ordinationem
1781 350 1815 378 in
1834 349 2061 379 Salamantina
2077 350 2217 381 ecclesia

1213 397 1351 433 faciens,
1372 398 1462 427 duxit
1479 400 1567 429 inter
1583 400 1646 429 alia
1664 401 1886 436 statuendum,
1900 406 1935 431 ut
1954 402 2076 436 nullus,
2096 403 2162 432 nisi
2178 403 2217 433 de

1214 449 1346 479 civitate
1371 450 1422 480 vel
1450 451 1573 481 diocesi
1596 453 1834 483 Salamantinis
1856 454 2034 490 oriundus,
2059 456 2218 493 quamdiu

1213 501 1324 531 idonei
1344 502 1587 539 invenirentur,
1604 505 1727 534 ibidem
1748 505 1781 534 in
1803 506 2041 543 portionarium
2055 531 2061 542 ,
2080 508 2216 537 canoni-

1214 562 1299 588 cum,
1312 554 1592 591 archidiaconum,
1608 557 1769 586 decanum
1783 558 1833 586 vel
1844 558 1878 586 in
1891 568 2064 596 personam
2077 560 2216 599 alicujus

1214 606 1514 637 administrationis
1531 609 1564 637 in
1588 609 1701 639 eadem
1720 610 1859 639 ecclesia
1875 616 2070 641 assumatur.
2096 613 2217 641 Decer-

1215 668 1308 693 nens,
1332 660 1359 689 si
1383 659 1508 698 aliquid
1533 670 1628 691 secus
1652 666 1761 691 actum
1776 663 1888 697 fuerit,
1908 663 2039 692 irritum
2059 668 2087 693 et
2105 665 2216 699 inane,

1214 712 1301 750 quod
1316 712 1486 749 postmodu
1494 722 1523 741 m
1539 713 1752 751 predecessor
1767 714 1837 751 ipse
1853 719 1962 743 ratum
1978 715 2118 745 habens.
2136 716 2219 745 illud

1214 772 1271 801 per
1283 773 1360 794 suas
1372 764 1499 794 litteras
1512 765 1729 795 confirmavit.
1744 766 1807 796 Sed
1823 771 1854 796 et
1870 775 1974 804 nuper
1990 777 2119 806 quoque
2136 778 2219 798 non-

1215 816 1299 846 nulli
1320 821 1507 847 asserentes
1524 818 1648 847 dictum
1668 818 1887 854 cardinalem,
1915 819 1953 849 de
1975 820 2110 857 speciali
2126 830 2221 850 man-

1214 869 1288 899 dato
1313 870 1556 907 predecessoris
1584 871 1749 909 ejusdem,
1775 872 1883 910 quoad
1911 872 1999 901 hunc
2027 872 2218 908 articulum,

1214 922 1457 953 ordinationem
1476 923 1725 961 interpretatam
1741 924 1846 954 fuisse
1862 925 2054 962 predictam,
2069 929 2115 959 ut,
2134 925 2221 963 quod

1214 978 1248 1006 in
1266 977 1494 1007 Salamantina
1510 978 1650 1008 ecclesia
1666 979 1887 1014 ordinaverat,
1907 979 1968 1009 hoc
1983 979 2069 1009 idem
2086 979 2220 1009 deberet

1214 1030 1248 1059 in
1274 1030 1350 1060 aliis
1374 1031 1678 1061 Salamantinarum
1699 1032 1844 1062 civitatis
1864 1036 1894 1062 et
1912 1032 2054 1062 diocesis
2071 1031 2220 1062 ecclesiis

1214 1083 1399 1117 observari,
1418 1093 1517 1121 super
1535 1084 1596 1114 hoe
1614 1084 1743 1114 litteras
1765 1085 1944 1114 cardinalis
1968 1084 2132 1123 ejusdem,
2150 1088 2223 1122 post

1214 1135 1321 1174 ipsius
1350 1136 1477 1165 obitum
1502 1137 1537 1166 in
1560 1137 1628 1167 illis
1653 1137 1814 1175 partibus,
1841 1137 2066 1167 ostenderunt.
2096 1138 2221 1167 Verum

1215 1189 1293 1227 quia
1309 1188 1343 1218 in
1359 1189 1507 1226 partibus
1521 1189 1614 1228 ipsis,
1632 1199 1690 1227 pro
1704 1199 1740 1219 eo
1757 1190 1844 1228 quod
1857 1190 2004 1227 sigillum
2018 1190 2138 1228 prefati
2154 1198 2222 1219 car-

1215 1241 1336 1271 dinalis
1356 1251 1419 1271 uon
1439 1243 1579 1272 fractum
1597 1247 1669 1281 post
1687 1243 1792 1281 ipsius
1811 1243 1938 1273 obitum
1958 1244 2043 1281 apud
2062 1243 2221 1281 quosdam

1215 1295 1416 1324 remansisse
1441 1295 1573 1329 dicitur,
1600 1295 1790 1334 hujusmodi
1815 1295 1923 1325 littere
1947 1296 2122 1325 admodum
2145 1301 2222 1326 suut

1215 1352 1377 1386 suspecte,
1390 1347 1587 1386 supplicavit
1604 1348 1700 1378 nobis
1716 1348 1823 1377 dictus
1841 1349 2025 1386 episeopus.
2044 1353 2079 1377 ut
2092 1348 2221 1377 ordina-

1214 1400 1337 1430 tionem
1350 1405 1380 1429 et
1392 1401 1700 1438 interpretationem
1713 1401 1845 1430 easdem
1856 1410 2009 1431 revocare
2021 1401 2059 1431 de
2069 1401 2219 1438 benigni-

1214 1457 1278 1482 tate
1296 1453 1390 1482 Sedis
1407 1452 1583 1490 apostolice
1597 1462 1800 1482 curaremus.
1814 1453 1904 1482 Licet
1919 1457 2027 1482 autem
2040 1452 2219 1482 cardinalis

1213 1505 1380 1543 predictus
1397 1505 1587 1535 maturitate
1610 1505 1742 1534 consilii
1760 1505 1794 1533 in
1814 1505 1950 1542 agendis
1967 1505 2037 1534 suis
2058 1505 2218 1535 claruisse

1213 1562 1378 1591 noscatur,
1397 1557 1476 1596 quia
1493 1562 1601 1587 tamen
1616 1557 1812 1596 quandoque
1829 1557 1989 1586 nonnulla
2006 1562 2073 1587 tum
2089 1561 2221 1595 propter

1213 1610 1479 1647 occupationem,
1511 1614 1581 1638 tum
1610 1614 1741 1647 propter
1773 1609 1962 1647 aliquorum
1998 1610 2220 1647 importunam

1214 1662 1439 1692 conceduntur
1466 1661 1677 1696 instantiam,
1708 1671 1770 1700 que
1796 1671 1855 1691 nec
1878 1662 2006 1700 justum
2035 1662 2135 1699 exigit
2160 1671 2219 1692 nec

1213 1715 1328 1744 suadet
1346 1715 1531 1749 honestum,
1548 1714 1744 1743 mandamus
1756 1715 1925 1753 quatinus,
1943 1715 1971 1743 si
1988 1714 2081 1744 vobis
2098 1715 2221 1744 eonsti-

1214 1767 1290 1797 terit
1315 1767 1352 1797 de
1373 1767 1560 1804 premissis,
1587 1766 1831 1796 ordinationem
1856 1771 1887 1796 et.
1913 1767 2221 1804 interpretationem

1213 1820 1359 1858 prefatas
1386 1819 1581 1849 auctoritate
1614 1823 1726 1848 nostra
1757 1819 1961 1849 denuntietis
1990 1819 2124 1858 penitus
2156 1828 2221 1849 non

1214 1876 1344 1907 tenere3
1363 1881 1437 1901 cum
1453 1872 1487 1900 in
1504 1872 1594 1901 omni
1612 1876 1708 1909 gente
1722 1871 1779 1910 qui
1792 1872 1871 1901 facit
1886 1872 2052 1910 justitiam
2069 1876 2221 1910 acceptus

1215 1925 1255 1955 sit
1274 1927 1341 1955 Deo
1353 1934 1412 1954 nec
1425 1925 1651 1954 sanctuarium
1666 1925 1726 1954 Dei
1739 1925 1814 1963 jure
1831 1925 2005 1954 conveniat
2021 1925 2222 1954 hereditario

1215 1978 1389 2016 possideri.
1429 1977 1521 2013 Quod
1554 1977 1582 2006 si
1619 1987 1684 2007 non
1719 1986 1833 2007 omnes
1867 1981 1927 2006 etc.
1965 1978 2037 2007 Dat.
2071 1978 2223 2015 Anagnie

1215 2032 1260 2060 Vl
1278 2031 1352 2060 idus
1370 2030 1514 2067 augusti,
1534 2039 1620 2059 anno
1636 2030 1750 2068 primo.
1772 2042 1785 2055 n

1289 2214 1376 2242 ’248
1799 2214 1925 2248 Anagni,
1944 2214 1975 2240 18
1990 2214 2057 2240 aout
2073 2214 2149 2240 1-255.

1253 2276 1411 2301 Seolastico
1429 2275 1652 2308 Argentinensis
1668 2275 1806 2301 ecclesiae
1820 2274 1944 2306 mandat,
1958 2280 1987 2301 ut
2003 2276 2146 2309 [Adolfum
2159 2276 2222 2310 Vll,

1217 2325 1350 2350 comitem
1366 2324 1400 2349 de
1416 2324 1522 2354 Monte,
1538 2323 1738 2350 &Valet-amum
1753 2324 1868 2350 fratrem
1888 2323 2036 2357 [Willelmi
2052 2324 2115 2359 [V]‚
2132 2326 2222 2351 comi-

1217 2373 1254 2398 tis
1270 2372 1460 2404 Juliacensis‚
1477 2376 1504 2398 et
1519 2372 1657 2406 quosdam
1674 2373 1745 2399 alios
1767 2373 1878 2399 nobiles
1889 2394 1896 2405 ,
1914 2374 1961 2407 qui
1984 2382 2033 2408 per
2049 2373 2180 2400 incendia
2195 2379 2223 2401 et

1217 2422 1331 2455 rapinas
1343 2421 1474 2447 ecclesiis
1486 2420 1700 2447 Coloniensium
1718 2422 1843 2447 civitatis
1859 2426 1885 2448 et
1902 2421 2027 2448 diocesis
2038 2426 2093 2448 tam
2109 2424 2224 2457 regula-

1218 2470 1298 2496 ribus
1312 2477 1397 2503 quam
1414 2469 1621 2500 saecularibus,
1638 2470 1791 2496 occasione
1808 2470 1950 2496 bellicum
1966 2470 2124 2505 [Conrado],
2138 2471 2223 2497 Colo-

1219 2519 1310 2544 niensi
1326 2519 1553 2552 archiepiscopo,
1567 2519 1641 2551 gesti
1658 2519 1755 2552 gravia
1771 2518 1872 2545 damna
1888 2519 2046 2551 intulerint,
2061 2524 2174 2546 moneat
2189 2521 2222 2547 ad

1217 2567 1440 2600 impendendum
1458 2567 1683 2593 satisfactionem
1701 2568 1870 2601 plenariam,
1888 2568 2024 2602 alioquin,
2041 2577 2091 2594 eos
2108 2577 2224 2595 excom-

1218 2617 1354 2641 municet.
1371 2615 1454 2648 (lim.
1466 2615 1510 2646 24,
1527 2623 1553 2642 c.
1566 2616 1627 2650 597,
1643 2616 1661 2641 f.
1679 2616 1740 2647 90v;
1756 2615 1903 2643 PoTTuAsr
1922 2617 2021 2647 1599ος
2042 2617 2221 2649 Romanusne,

1218 2668 1237 2690 t.
1255 2663 1307 2695 111,
1326 2670 1356 2689 no
1373 2664 1445 2696 409.)

1260 2778 1272 2791 α
1300 2788 1331 2799 ..,
1354 2766 1507 2794 scolastico
1528 2767 1760 2803 i-lryentinensis
1783 2767 1910 2795 ecclesie.
1935 2767 1979 2795 Ex
2005 2771 2095 2804 parte
2122 2767 2223 2797 dilec-

1218 2823 1324 2848 torum
1338 2835 1386 2846 —.
1402 2819 1475 2847 Dat.
1490 2818 1651 2855 Anagnie,
1666 2819 1727 2848 XV
1738 2818 1896 2848 kalendas
1911 2819 2118 2857 septembris,
2137 2828 2223 2850 anno

1215 2880 1333 2910 primo.
1354 2882 1366 2897 n
