2498 3325
1004 227 1234 267 DEUXIEME
1255 229 1415 267 ANNEE.
2203 242 2263 273 367

166 303 244 338 rari,
264 311 322 332 seu
341 306 462 332 statuto
485 302 523 332 de
543 307 631 332 certo
654 303 888 332 canonicorum
910 311 1059 336 numero,
1079 302 1172 340 jura-

165 359 287 390 mento,
317 360 377 386 etc.
407 364 513 393 usque
542 365 548 384 :
577 355 678 385 fuerit.
705 359 946 394 attemptatum.
974 356 1047 385 Dat.
1076 356 1172 384 Late-

165 408 249 444 rani,
269 409 301 438 ΙΙ
318 417 422 438 nonas
438 408 564 446 aprilis,
583 417 670 438 anno
687 408 841 438 secundo.
863 421 874 434 n

239 579 359 606 1209

199 640 376 675 Episcopum
394 641 622 667 Ambianensem
641 645 737 675 rogat,
764 644 794 666 ut
812 640 937 666 Roberto
960 640 995 666 de
1017 639 1170 673 Bensiaco,

752 581 865 610 Latran,
879 579 912 605 29
927 587 1003 605 mars
1022 579 1099 606 1256.

163 690 268 716 clerico
294 689 517 716 Suessionensis
542 690 683 720 diocesis,
711 690 807 723 nepoti
832 689 962 723 magistri
984 688 1111 715 Thomae
1136 689 1171 715 de

162 737 346 772 Jouigniaeo,
364 738 554 772 praebendam
568 739 595 764 in
608 738 730 764 ecclesia
743 738 933 764 Ambianensi
949 737 1096 770 concedat,
1115 745 1171 764 non

163 787 298 813 obstante
314 787 390 820 quod
408 787 482 813 idem
499 787 568 813 alias
583 787 772 813 beneficiatus
786 787 886 813 existit
902 790 950 813 aut
965 787 1039 820 quod
1055 794 1109 812 non
1126 790 1172 812 est

162 835 198 861 de
214 836 322 862 diocesi
339 836 491 863 oriundus.
509 836 591 869 (Hm.
608 836 653 867 24,
670 837 688 863 f.
709 837 767 868 152,
786 844 853 862 ann.
868 835 906 868 ΙΙ,
921 844 946 862 c.
966 835 1050 868 173³.)

205 950 217 963 «
238 960 270 971 ..,
289 938 423 974 episcopo
438 938 647 966 Ambianensi.
675 938 723 967 Ne
746 936 930 966 liberalitas
949 941 1010 966 etc.
1028 953 1076 964 ——.
1094 937 1168 965 Dat.

163 990 329 1025 Laterani,
349 990 416 1020 IIII
433 989 592 1020 kalendas
607 989 733 1028 aprilis,
753 998 839 1019 anno
859 989 1012 1019 secundo.
1035 1002 1047 1015 »

236 1155 357 1183 1210

197 1217 338 1244 Eumdem
360 1216 499 1243 Thomam
520 1216 555 1242 de
574 1216 747 1250 Jouigniaco
766 1217 794 1243 in
813 1217 992 1252 capellanum
1015 1225 1100 1243 suum
1121 1217 1172 1243 ad-

162 1266 258 1293 mittit.
279 1265 359 1298 (Reo.
377 1266 421 1298 24,
440 1266 458 1293 f.
478 1265 537 1298 15⁶2,
554 1274 621 1292 ann.
640 1265 678 1296 ΙΙ,
696 1274 721 1291 c.
741 1265 826 1297 173⁴.)

766 1154 884 1187 Latran,
903 1155 918 1181 5
934 1154 1003 1180 avril
1021 1154 1099 1181 1256.

204 1380 217 1395 α
235 1369 379 1405 Maqistro
402 1368 510 1396 Thome
526 1367 559 1396 cle
575 1368 772 1404 Jouiyniam,
795 1369 951 1405 capellano
969 1373 1081 1397 nostro.
1101 1368 1171 1397 Me-

161 1420 237 1450 ritis
259 1424 315 1450 tue
339 1419 514 1458 probitatis
540 1437 589 1448 —.
619 1420 692 1449 Dat.
720 1419 892 1455 Laterani,
917 1419 1014 1449 nonis
1041 1419 1168 1457 aprilis,

162 1482 249 1503 anno
265 1473 421 1503 seeundo.
443 1485 456 1499 ι)

196 1698 398 1726 Juramentum
413 1698 520 1725 relaxat
536 1698 648 1725 abbatis
665 1699 831 1725 monasterii
849 1699 1085 1733 Pontileviensis,
1101 1699 1170 1726 Car·

161 1747 292 1774 notensis
318 1747 455 1777 diocesis,
482 1747 541 1781 qui,
570 1750 687 1782 propter
710 1748 955 1781 importunitatem
979 1737 1169 1782 quorumdam

161 1795 299 1822 nobilium
326 1795 401 1821 filios
431 1795 584 1822 nitentium
610 1796 637 1821 in
663 1796 820 1822 monachos
844 1796 948 1830 recipi,
977 1797 1005 1822 in
1036 1797 1169 1823 manibus

159 1844 264 1879 prioris
286 1844 369 1870 fidem
389 1843 482 1875 dedit,
505 1844 581 1878 quod
606 1853 660 1870 non
684 1845 827 1878 reciperet
843 1844 966 1878 aliquem
988 1846 1014 1871 in
1036 1846 1168 1878 fratrem,

159 1892 251 1919 donec
267 1896 428 1919 conventus
449 1892 483 1918 ad
505 1892 712 1919 tricennarium
739 1901 891 1920 numerum
917 1893 1051 1920 redactus
1073 1894 1166 1920 suerit.

160 1942 242 1976 (Rm.
259 1941 304 1974 Ἠ,
322 1942 339 1967 f.
358 1941 430 1973 152v,
448 1950 516 1968 ann.
533 1941 571 1973 11,
589 1950 614 1968 c.
634 1942 707 1974 174.)

734 1637 847 1668 Latran,
865 1638 879 1663 4
897 1637 1002 1663 sevrier
1018 1637 1096 1664 1256.

202 2056 215 2070 α
246 2045 389 2080 Magistro
414 2043 586 2081 Raynaldo,
614 2044 692 2072 dicto
720 2045 847 2081 Tupim.
876 2046 1023 2074 canonico
1051 2046 1169 2074 ecclesie

158 2097 265 2126 Sancti
281 2096 396 2125 Andree
412 2096 445 2125 de
460 2097 654 2129 Castriciano,
674 2097 868 2125 Carnotensis
885 2097 1019 2126 (Ιιόερεῐε.
1036 2098 1102 2127 Sua
1114 2106 1168 2127 no-

159 2149 211 2178 bis
228 2148 368 2178 dilectus
392 2148 481 2178 filius
504 2172 538 2183 ..,
559 2149 660 2178 abbas
683 2150 877 2179 monasterii
896 2150 1165 2187 pontileviensis,

160 2202 287 2232 ordinis
300 2202 406 2231 sancti
417 2202 600 2234 Benedicti,
615 2203 830 2233 Carnotensis
843 2203 995 2235 diocesis,
1009 2203 1168 2241 petitione

160 2255 300 2290 monuit,
319 2255 406 2293 quod
426 2255 497 2293 ipse
515 2255 612 2288 olim,
633 2260 764 2293 propter
784 2255 1069 2293 importunitatem
1086 2266 1168 2295 quo-

159 2308 310 2338 rumdam
323 2307 497 2342 nobilium,
511 2308 568 2346 qui
581 2308 738 2346 quosdam
752 2317 788 2337 ex
802 2308 880 2338 tiliis
893 2313 923 2338 et
937 2308 1013 2338 aliis
1027 2317 1168 2339 consan-

160 2361 292 2399 guineis
315 2361 385 2390 suis
407 2360 599 2390 nitebantur
619 2361 703 2390 forte
724 2361 827 2399 recipi
846 2361 880 2390 in
905 2361 1018 2391 eodem
1034 2371 1168 2392 monas-

159 2414 242 2444 terio
259 2414 293 2443 in
313 2413 491 2443 monachos
509 2417 539 2443 et
558 2414 592 2443 in
613 2414 750 2449 fratres,
772 2415 858 2453 quod
877 2419 947 2444 erat
968 2424 1004 2444 ex
1021 2415 1168 2453 plurium

158 2467 347 2505 receptione
364 2471 546 2504 gravatum,
566 2467 601 2496 in
618 2467 772 2497 manibus
794 2468 914 2505 prioris
935 2468 1082 2507 ejusdem
1098 2478 1168 2498 mo-

161 2520 299 2549 nasterii
328 2519 424 2549 fidem
455 2520 553 2555 dedit,
583 2520 680 2558 quod,
710 2520 812 2550 donec
840 2521 946 2558 ipsius
975 2521 1168 2551 monasterii

159 2577 341 2602 conventus
365 2572 405 2601 ad
430 2572 668 2602 tricennarium
694 2582 867 2602 numerum
886 2574 1037 2603 redactus
1056 2574 1166 2609 fuerit,

162 2633 227 2654 non
245 2624 406 2662 reciperet
423 2634 482 2654 nec
500 2625 603 2663 recipi
622 2626 741 2655 faceret
766 2626 800 2654 in
820 2635 857 2655 eo
880 2625 1024 2664 aliquem
1046 2626 1080 2655 in
1099 2635 1168 2656 mo-

161 2677 303 2706 nachum
323 2682 353 2706 ct
370 2677 404 2706 in
422 2678 567 2707 fratrem.
587 2679 710 2708 Verum
730 2687 803 2707 cum
826 2688 862 2708 ex
884 2678 943 2708 hoc
961 2679 994 2707 in
1018 2679 1168 2717 partibus

160 2730 228 2760 illis
254 2734 285 2760 et
314 2731 346 2759 in
375 2731 574 2760 monasterio
600 2732 670 2769 ipso
697 2732 888 2761 scandalum
915 2741 979 2761 non
1002 2732 1167 2761 modicum

160 2787 345 2820 generetur,
361 2783 559 2821 supplicavit
577 2784 670 2813 nobis
687 2784 794 2813 (lictus
811 2784 923 2819 almas,
942 2789 976 2814 ut
994 2784 1033 2813 ab
1050 2784 1168 2823 hujus-

160 2835 247 2865 modi
276 2835 350 2864 fidei
376 2835 508 2865 (latione
532 2836 658 2866 absolvi
684 2838 868 2866 sacci-onius
892 2837 1052 2867 eumdem.
1079 2840 1167 2873 Quo-

161 2888 247 2917 circa
266 2888 459 2917 mandamus
477 2890 645 2927 quatinus,
670 2890 697 2918 si
720 2894 767 2919 cst
787 2890 842 2925 ita,
862 2890 1087 2928 juramentum
1105 2890 1167 2918 liu-

1251 302 1397 340 jusmodi
1415 306 1609 336 auctoritate
1626 311 1738 336 nostra
1753 307 1892 342 relaxes,
1913 308 1941 337 si
1957 308 2095 338 utilitati
2111 309 2259 348 ejusdem

1254 357 1448 386 monasterii
1465 357 1588 388 videris
1604 359 1768 397 expedire.
1787 360 1949 390 Nolumus
1965 361 2053 391 enim
2070 362 2157 400 quod
2172 362 2260 392 idem

1255 408 1495 438 monasterium
1515 419 1552 439 ex
1572 410 1634 440 hoc
1655 411 1803 441 incurrat
1825 412 1971 450 aliquam
1993 413 2165 444 lesionem.
2184 415 2257 444 Dat.

1254 460 1419 497 Laterani,
1439 463 1471 492 II
1488 471 1592 493 nonas
1608 463 1782 499 februarii,
1800 473 1886 495 anno
1903 466 2058 496 secundo.
2079 479 2091 493 »

1327 625 1444 652 1212

1293 685 1469 721 [Pi-andotae]
1487 709 1492 720 ‚
1524 689 1661 722 episcopo
1691 688 1895 721 Cracoviensi,
1929 692 2062 719 concedit
2095 693 2258 721 facultatem

1252 735 1435 768 poenitentes
1457 736 1484 761 in
1508 735 1612 762 diebus
1632 737 1822 764 festivitatum
1845 746 1868 764 s.
1890 740 2043 766 Stanislavi
2060 745 2087 767 et
2103 741 2131 767 in
2148 744 2259 769 octavis

1252 790 1349 808 earum
1367 782 1568 810 introducendi
1585 785 1612 810 in
1631 785 1723 819 ipsam
1745 786 1896 813 ecclesiam
1912 796 2019 822 eosque
2043 789 2257 817 reconciliandi.

1255 830 1336 863 (Rso.
1350 831 1395 863 ⁶24,
1413 833 1432 859 f.
1452 833 1524 865 152',
1540 842 1607 859 ann.
1625 833 1663 866 II,
1680 842 1705 861 c.
1725 835 1790 866 175;
1810 835 1956 863 ΡοΤτΗΑεΤ
1973 837 2080 870 16265.)

1809 628 1923 661 Latran,
1939 629 1972 656 ‘26
1988 630 2091 657 fcvrier
2108 631 2185 658 1256.

1294 943 1306 957 ι(
1379 933 1512 970 episcopo
1528 934 1733 964 cracoviensi.
1755 935 1839 965 Cum
1860 936 1945 965 sicut
1964 940 2019 966 tua
2036 954 2084 965 ——.
2104 938 2177 967 Dat.
2196 939 2259 967 La-

1252 984 1371 1019 terani,
1389 985 1417 1014 V
1433 984 1592 1015 kalendas
1610 987 1734 1022 martii,
1753 997 1839 1018 anno
1856 989 2011 1019 secundo.
2032 1002 2044 1015 »

1326 1149 1443 1177 1213

1288 1209 1414 1236 Plebano
1432 1211 1461 1237 S.
1478 1211 1622 1239 «Iohannis
1637 1212 1841 1247 Campileonis,
1857 1214 1994 1241 Aretinae
2010 1216 2150 1248 diocesiS,
2175 1226 2259 1244 man-

1251 1257 1308 1289 dat,
1326 1260 1462 1292 quatinus
1479 1259 1607 1294 Hugoni,
1629 1261 1831 1288 archidiacono
1853 1264 1984 1294 Aretino.
2006 1265 2084 1291 fratri
2108 1265 2258 1293 Vulterani

1251 1307 1346 1340 electi,
1363 1312 1480 1334 centum
1497 1309 1633 1336 librarum
1645 1310 1859 1338 Turonensium
1875 1313 2070 1346 provisionem
2086 1315 2169 1340 faciat
2183 1316 2257 1342 assi-

1250 1357 1332 1391 gnari
1347 1357 1382 1382 ab
1399 1357 1532 1384 ecclesiis
1548 1358 1686 1389 Tusciae,
1707 1368 1761 1385 non
1780 1360 1912 1386 obstante
1926 1362 2082 1388 amissione
2099 1363 2258 1391 litterarum

1250 1404 1409 1432 Innocentii
1423 1414 1512 1440 papae
1525 1407 1600 1441 apud
1613 1406 1751 1442 Foggiam
1764 1409 1847 1436 facta.
1861 1409 1944 1442 (Rae.
1957 1410 2001 1443 24,
2014 1411 2032 1436 f.
2050 1411 2121 1444 1525
2138 1420 2204 1439 ann.
2219 1412 2256 1446 II⁷

1249 1461 1274 1479 c.
1294 1453 1365 1486 176.)

1853 1151 1966 1187 Latran,
1984 1153 1998 1179 8
2015 1161 2091 1179 mars
2109 1154 2186 1181 1256.

1292 1567 1304 1581 «
1324 1578 1358 1591 ..,
1374 1556 1502 1593 plebano
1519 1557 1624 1586 Sancti
1638 1558 1790 1587 Iohannis
1810 1559 2028 1597 Campileonis,
2049 1562 2172 1591 Aretine
2190 1563 2257 1592 dio-

1248 1609 1330 1637 cesis.
1349 1608 1498 1639 Dilectus
1515 1609 1604 1639 filius
1622 1611 1727 1648 Hugo,
1747 1611 2002 1643 archidiaconus
2021 1614 2190 1651 Aretinus,
2207 1625 2257 1646 ca-

1249 1660 1400 1698 pellanus
1420 1665 1542 1697 noster,
1561 1662 1664 1692 frater
1685 1663 1797 1693 dilecti
1814 1664 1876 1693 filii
1897 1688 1929 1700 ..,
1953 1665 2048 1695 electi
2068 1667 2253 1705 Vulterani,

1249 1722 1310 1743 sua
1326 1714 1422 1744 nobis
1440 1715 1600 1752 petitione
1616 1716 1762 1751 monuit,
1784 1717 1870 1755 quod
1892 1717 2001 1748 felicis
2018 1720 2256 1751 recordationis

1249 1767 1275 1796 Ι.
1295 1776 1378 1804 papa
1394 1767 1607 1804 predecessor
1625 1791 1658 1801 ..,
1677 1768 1967 1808 archipresbytero
1984 1771 2176 1808 VuHerano,
2195 1774 2256 1804 sub

1249 1823 1337 1849 certa
1351 1820 1457 1849 forma
1475 1821 1546 1850 suis
1563 1821 1652 1851 dedit
1667 1821 1789 1852 litteris
1805 1822 1840 1851 in
1851 1824 2027 1860 mandatis,
2046 1829 2082 1854 ut
2096 1826 2202 1856 eidem
2216 1827 2256 1856 ab

1249 1872 1400 1902 ecclesiis
1424 1873 1542 1903 Tuscie
1567 1874 1726 1912 exemptis
1750 1879 1781 1904 et
1805 1884 1870 1905 non
1895 1878 2054 1915 exemptis
2070 1878 2105 1908 in
2124 1883 2257 1909 centum

1247 1925 1344 1955 libris
1370 1927 1615 1956 Turonensium
1640 1927 1763 1957 faceret
1785 1929 1883 1959 annis
1913 1930 2055 1967 singulis
2077 1933 2256 1970 provideri.

1249 1979 1344 2009 Unde
1361 1988 1435 2009 cum
1452 1979 1560 2009 dictus
1577 1980 1779 2018 capellanus,
1798 1982 1851 2011 cui
1868 1982 2059 2021 hujusmodi
2077 1986 2222 2022 provisio
2238 1996 2257 2016 a

1249 2032 1448 2070 quibusdam
1478 2032 1695 2063 ecclesiarum
1722 2034 1870 2072 ipsarum
1902 2038 2054 2074 personis
2087 2039 2257 2076 assignata

1248 2085 1357 2114 suerat
1371 2089 1402 2114 et
1416 2085 1473 2123 qui
1486 2090 1613 2123 partem
1628 2096 1684 2124 per
1698 2087 1823 2125 aliquot
1836 2097 1940 2118 annos
1954 2098 1990 2119 ex
2002 2099 2039 2119 ea
2052 2097 2254 2129 perceperat,

1249 2138 1382 2167 easdem
1407 2137 1547 2173 litteras,
1574 2139 1651 2168 dum
1677 2144 1747 2169 erat
1772 2141 1858 2178 apud
1880 2142 2014 2179 Fogiam
2040 2152 2114 2172 cum
2142 2145 2256 2175 eodem

1249 2190 1352 2220 electo
1367 2191 1400 2220 in
1418 2191 1564 2221 Ecclesia
1585 2193 1732 2227 servitio,
1754 2202 1827 2222 cum
1843 2194 1957 2224 multis
1976 2195 2074 2225 rebus
2094 2197 2163 2227 suis
2180 2198 2255 2228 aliis

1249 2244 1428 2279 amisisset,
1448 2253 1488 2274 ne
1504 2245 1591 2274 facta
1608 2245 1671 2274 sibi
1688 2254 1787 2283 super
1800 2246 1861 2275 hoc
1878 2247 2056 2278 frustretur
2070 2251 2186 2287 gratia.
2205 2251 2256 2289 ip-

1249 2306 1360 2327 sarum
1374 2297 1562 2327 litterarum
1574 2298 1754 2328 aminiculo
1769 2299 1958 2336 destitutus,
1977 2301 2072 2331 nobis
2085 2302 2257 2334 humiliter

1249 2349 1458 2388 supplicavit,
1476 2354 1512 2380 ut
1531 2351 1561 2380 ei
1578 2355 1714 2389 paterna
1730 2353 1902 2390 providere
1918 2353 2143 2386 sollicitudine
2160 2365 2256 2387 cura-

1248 2411 1371 2432 remus.
1391 2403 1553 2438 Quocirca
1576 2404 1772 2434 mandamus
1789 2406 1958 2444 quatinus,
1977 2407 2005 2437 si
2022 2408 2082 2437 tibi
2099 2410 2257 2440 constite-

1249 2456 1292 2484 rit
1309 2465 1366 2493 per
1382 2455 1622 2493 tidedignorum
1646 2458 1874 2488 testimonium
1898 2459 1936 2489 de
1960 2460 2108 2497 ipsarum
2128 2462 2256 2493 littera-

1248 2517 1321 2537 rum
1351 2512 1474 2543 tenore,
1505 2518 1569 2539 non
1600 2509 1751 2540 obstante
1777 2512 1957 2542 amissione
1989 2513 2138 2544 illarum.
2162 2515 2256 2553 juxta

1249 2569 1362 2590 earum
1388 2561 1645 2597 continentiam,
1679 2563 1806 2600 prefato
1836 2564 2005 2602 capellano
2032 2567 2256 2604 provisionem

1247 2614 1353 2651 ipsam
1369 2614 1471 2643 facias
1487 2615 1662 2652 assignari,
1678 2617 1751 2645 Dat.
1768 2617 1934 2652 Laterani,
1946 2618 2027 2648 VIII
2039 2619 2113 2649 idus
2130 2621 2253 2653 martii.

1249 2675 1335 2696 anno
1349 2667 1504 2697 secundo.
1526 2680 1537 2693 »

1323 2831 1440 2858 1214

1287 2893 1452 2927 Praeposito
1476 2897 1503 2920 et
1525 2894 1659 2920 fratribus
1677 2895 1712 2920 de
1737 2895 1869 2927 Rubono,
1889 2897 1998 2923 ordinis
2019 2897 2252 2931 Humiliatorunl,

1850 2834 1963 2869 Latran,
1981 2836 1993 2861 4
2012 2845 2087 2862 mars
2108 2837 2180 2864 1256.
