2441 3330
197 214 233 243 52
922 211 1163 242 REGISTRES
1184 211 1492 245 D’ALEXANDRE
1514 216 1568 246 IV.

198 278 296 308 nibus
327 277 491 315 superiori
518 277 623 316 priori
654 281 780 313 vestro,
813 278 870 317 qui
898 283 1009 317 preest
1036 277 1205 309 universis

197 329 510 368 congregationibus
532 329 659 360 ordinis
683 330 723 361 de
744 331 983 370 Sempingham
1006 332 1205 362 inconcussa

198 386 400 421 permaneat.

198 434 204 443 ’
236 435 432 466 Inhibemus
449 435 560 475 itaque
577 445 618 467 ne
635 441 740 468 terras
756 437 806 468 vel
828 438 985 468 ecclesias
1003 438 1054 468 vel
1071 438 1205 478 aliquod

196 488 287 518 aliud
300 488 537 519 beneficiorum
549 489 708 528 predictis
721 491 1035 529 congregationibus
1049 491 1203 522 collatum

194 540 291 571 liceat
310 540 410 571 alicui
433 541 654 580 personaliter
669 542 756 577 dari,
775 543 841 573 nisi
864 544 1031 573 communi
1051 548 1081 574 et
1104 553 1204 582 gene-

194 593 256 623 rali
284 602 424 623 assensu
449 594 599 624 omnium
621 595 693 625 sine
719 596 855 635 majoris
877 600 908 626 et
933 596 1077 626 sanioris
1100 597 1204 635 partis

194 645 320 684 prefate
340 646 560 684 professionis
581 648 815 678 canonicorum
835 653 867 679 et
885 649 1202 680 sanctimonialium.

232 699 318 729 Sane
334 699 487 729 laborum
503 695 689 731 vestrorum
712 701 751 731 de
775 702 1044 740 possessionibus
1065 703 1201 739 vestris,

193 760 230 781 ac
253 751 355 781 etiarn
377 752 547 783 novalium
569 763 632 793 que
654 755 797 793 propriis
816 755 970 785 manibus
989 760 1045 785 aut
1063 755 1204 794 sumpti-

193 805 254 835 bus
270 805 395 842 colitis‚
414 806 452 836 de
470 807 591 845 quibus
617 807 791 838 novalibus
812 808 934 847 aliquis
957 809 1118 840 hactenus
1137 819 1202 840 non

192 858 354 897 percepit,
375 858 445 889 sive
464 859 502 890 de
522 861 737 891 nutrimentis
760 861 955 891 animalium
976 866 1162 893 vestrorum
1185 872 1203 893 a

193 910 286 941 vobis
311 911 381 942 sive
408 911 448 941 ab
476 912 552 943 aliis
578 922 636 952 pro
663 922 700 944 eo
727 914 813 952 quod
835 914 891 943 illa
917 915 952 944 in
979 915 1129 945 custodia
1151 915 1202 946 vel

193 968 329 1002 pastura
351 973 411 994 sua
432 964 572 1001 habent,
596 966 797 1005 ubicumque
823 967 906 1003 sint,
933 967 1044 998 nullus
1066 969 1202 999 omnino

193 1015 338 1046 decimas
354 1017 485 1055 exigere
501 1018 553 1048 vel
569 1022 763 1058 extorquere
779 1024 959 1058 presumat.

231 1069 417 1100 Libertates
433 1079 510 1100 vero
527 1075 558 1101 et
574 1071 802 1102 immunitates
819 1081 901 1111 quas
917 1072 1059 1103 illustris
1077 1082 1202 1104 memo-

191 1122 240 1152 rie
269 1132 326 1152 rex
351 1122 536 1161 Anglorum
566 1124 731 1154 Henricus
764 1125 930 1155 secundus
959 1130 990 1155 et
1018 1126 1200 1157 Riccardus

189 1184 261 1210 rex,
285 1174 375 1205 filius
398 1175 485 1215 ejus,
506 1176 645 1206 ecclesie
671 1181 778 1207 vestre
804 1178 904 1207 cartis
930 1178 1000 1208 suis
1025 1179 1200 1209 confirma-

191 1231 320 1263 verunt,
338 1232 427 1258 ratas
445 1233 603 1267 perpetuo
619 1229 829 1260 decernimus
846 1239 1051 1268 permanere.

229 1280 450 1311 Prohibemus
473 1285 599 1311 autem.
619 1286 653 1310 ut
679 1282 762 1311 nulli
783 1287 968 1313 vestrorum
987 1288 1060 1322 post
1078 1284 1200 1315 factam

188 1332 224 1362 in
251 1333 365 1363 eodem
391 1333 462 1363 loco
489 1334 747 1372 professionem,
769 1335 867 1366 liceat
892 1345 930 1366 ex
952 1336 1067 1367 eodem
1090 1337 1200 1368 claus-

189 1389 238 1415 tro
268 1385 448 1416 discedere.
479 1386 712 1417 Discedentem
741 1396 818 1418 vero
847 1388 972 1428 absque
997 1389 1117 1428 prelati
1147 1391 1200 1420 sui

188 1438 324 1469 licentia
350 1438 463 1469 nullus
491 1440 609 1470 audeat
636 1441 798 1477 retinere,
826 1441 883 1471 sed
910 1451 971 1472 nec
999 1442 1100 1473 alicui
1125 1443 1199 1475 Cis-

188 1491 358 1522 tertiensis
383 1492 510 1522 ordinis
536 1493 635 1523 liceat
662 1493 808 1532 aliquem
831 1494 1048 1533 fugitivorum
1072 1500 1199 1526 vestro-

188 1553 261 1574 rum
292 1545 456 1581 retinere,
488 1545 540 1576 vel
569 1546 663 1577 vobis
696 1546 831 1576 illorum
862 1547 1022 1586 fugitivos
1051 1549 1198 1587 recipere

187 1602 300 1627 contra
327 1599 533 1629 autenticum
563 1599 724 1638 scriptum
751 1600 840 1630 inter
867 1609 925 1631 vos
954 1601 1199 1633 rationabiliter

188 1650 325 1680 factum.

227 1703 384 1733 Preterea
404 1703 528 1734 auxilia
550 1709 581 1734 et
598 1705 773 1735 universas
790 1706 956 1737 indebitas
973 1711 1004 1737 et
1019 1707 1198 1739 inconsue-

188 1760 237 1786 tas
263 1757 452 1787 exactiones
478 1757 517 1787 ab
545 1758 805 1798 archiepiscopis
830 1763 862 1789 et
889 1760 1066 1799 episcopis,
1088 1761 1198 1792 archi-

187 1809 336 1840 diaconis
353 1819 412 1840 seu
429 1810 578 1847 decanis,
598 1811 714 1842 aliisve
733 1812 939 1851 quibuslibet
961 1813 1197 1846 ecclesiasticis

187 1861 338 1899 personis
358 1862 393 1891 in
414 1863 534 1893 vestris
557 1864 707 1894 ecclesiis
727 1865 863 1894 omnino
879 1866 952 1896 fieri
968 1866 1194 1904 prohibemus,

187 1918 218 1944 et
242 1915 384 1945 maxime
408 1925 466 1954 pro
494 1916 606 1955 aliquo
634 1917 859 1948 ecclesiastico
886 1923 1092 1950 sacramento
1121 1930 1196 1959 per—

186 1966 355 2005 cipiendo,
380 1968 446 1997 nisi
474 1969 649 2008 synodalia
677 1974 805 2000 tantum
832 1975 863 2001 et
890 1972 1104 2011 episcopalia,
1132 1983 1195 2012 que

185 2019 223 2049 de
244 2028 406 2050 canonum
424 2021 498 2060 jure
521 2022 698 2058 ‹leheman-3
720 2024 841 2062 quibus
863 2028 972 2055 tamen
993 2030 1196 2057 conventua-

184 2072 233 2102 les
263 2073 420 2103 ecclesias
450 2079 577 2105 vestras
607 2081 719 2105 contra
750 2076 783 2105 id
813 2077 900 2115 quod
927 2078 965 2107 (le
996 2078 1194 2110 ducentibus

185 2133 393 2155 communem
420 2126 522 2156 vitam
548 2127 582 2156 in
613 2129 716 2158 sacris
744 2129 927 2159 canonibus
955 2135 1004 2160 est
1034 2135 1194 2161 statutum

185 2178 311 2207 nullius
330 2178 482 2209 volumus
505 2180 714 2218 improbitate
744 2182 886 2219 gravari.

224 2231 303 2260 Paci
331 2240 461 2270 quoque
485 2236 516 2262 et
544 2233 780 2272 tranquillitati
815 2239 922 2265 vestre
954 2240 1092 2275 paterna
1121 2238 1193 2268 dili-

185 2284 296 2322 gentia
317 2285 547 2323 providentes,
568 2286 760 2317 inhibemus
783 2297 823 2318 ne
847 2289 1118 2329 archiepiscopus
1142 2291 1193 2322 vel

184 2338 368 2375 episcopus,
394 2347 452 2368 seu
475 2339 729 2370 archidiaconus
752 2345 805 2370 aut
831 2341 896 2371 alia
920 2342 1066 2380 quelibet
1087 2344 1193 2375 eccle-

184 2390 319 2419 siastica
336 2398 477 2428 persona
496 2391 641 2430 hospitia
660 2392 712 2422 vel
731 2394 980 2431 procurationes
1001 2404 1060 2425 seu
1082 2396 1192 2427 tallias

185 2442 224 2472 ab
250 2443 400 2473 ecclesiis
426 2444 547 2474 vestris
571 2449 684 2475 contra
709 2446 880 2485 antiquam
903 2452 934 2478 et
958 2449 1192 2480 rationabilem

184 2496 459 2526 consuetudinem
482 2497 611 2535 exigere
635 2498 770 2533 audeat3
794 2499 851 2529 sed
874 2509 933 2530 nec
954 2501 1097 2539 priorem
1117 2512 1191 2534 ves-

184 2552 271 2578 trum
295 2548 348 2578 vel
370 2550 546 2580 canonicos
563 2560 621 2580 seu
642 2551 803 2582 moniales
823 2557 878 2582 aut
895 2553 1041 2593 aliquem
1059 2556 1097 2586 de
1115 2565 1191 2594 pro-

184 2601 282 2631 fessis
302 2601 423 2632 vestris
440 2603 656 2640 suspendere,
679 2603 877 2635 interdicere
893 2606 945 2636 vel
966 2609 1191 2639 excommuni-

184 2662 258 2684 care
278 2658 458 2692 presumat.

223 2706 419 2737 Inhibemus
441 2708 551 2744 etiam,
578 2713 613 2738 ut
633 2709 716 2739 nulli
741 2710 965 2743 ecclesiastice
988 2714 1189 2746 secularisve

184 2768 323 2798 persone
346 2760 434 2790 infra
455 2761 647 2799 parrochias
673 2762 889 2793 ecclesiarum
912 2770 1096 2796 vestrarum
1119 2777 1189 2799 mo-

185 2812 323 2842 nasterii
339 2813 587 2849 monachorum,
606 2815 851 2851 canonicorum,
870 2818 1186 2855 sanctimonialium,

185 2864 421 2896 heremitarum
437 2876 496 2897 seu
511 2867 717 2897 inclusorum
735 2869 894 2907 capellas,
913 2870 1030 2901 altaria
1047 2877 1077 2902 et
1093 2873 1188 2903 cimi-

1288 279 1371 309 teria
1399 279 1498 310 liceat
1531 283 1778 321 quomodolibet
1813 284 1887 316 sine
1920 290 2030 316 vestro
2061 291 2093 317 et
2125 287 2296 319 diocesani

1287 333 1433 372 episcopi
1455 343 1595 365 assensu
1618 340 1822 368 construere.
1844 337 1953 369 Salvis
1975 343 2085 370 tamen
2109 341 2296 380 privilegiis

1287 385 1466 424 apostolice
1482 387 1588 424 Sedis,
1607 397 1667 420 nec
1683 390 1861 429 quisquam
1875 391 2013 423 clericos
2031 401 2092 424 scu
2107 393 2295 432 capellanos

1287 438 1345 477 qui
1359 438 1454 470 vobis
1465 439 1518 470 vel
1531 441 1682 472 eeclesiis
1692 443 1813 474 vestris
1824 444 2091 482 parrochialibus
2105 445 2296 477 deserviant

1287 491 1348 521 sub
1362 491 1538 524 interdicto
1553 503 1676 532 ponere
1690 495 1755 525 nisi
1769 496 1885 527 ordine
1897 497 2076 536 judiciario
2088 502 2294 538 presumant.

1327 544 1483 575 Preterea
1509 546 1583 584 paci
1610 551 1641 577 et
1665 547 1771 586 quieti
1798 553 1908 580 vestre
1936 550 2096 581 attentius
2121 551 2295 590 providere

1287 595 1451 631 volentes,
1477 599 1673 630 auctoritate
1699 600 1880 639 apostolica
1909 601 2118 639 inhibemus,
2143 607 2181 634 ut
2206 603 2296 634 infra

1286 649 1459 680 clausuras
1480 650 1628 682 locorum
1654 657 1842 683 vestrorum
1861 653 1913 684 vel
1940 654 2198 686 elemosinarum
2220 664 2296 687 ves-

1286 706 1412 733 trarum
1437 703 1550 734 nullus
1578 704 1772 736 violentiam
1805 706 1859 737 vel
1891 707 2045 746 rapinam
2077 716 2136 739 seu
2167 708 2297 740 furtum

1286 755 1413 791 facere,
1435 755 1605 787 hominem
1628 766 1764 796 capere.
1790 763 1847 789 aut
1868 759 2077 797 interficere,
2101 769 2161 792 seu
2182 760 2296 800 ignem

1286 818 1450 847 apponere
1469 810 1603 846 audeat,
1627 815 1658 841 et
1676 811 1705 842 si
1725 812 1801 851 quis
1818 813 1995 843 temerario
2018 822 2102 844 ausu
2120 822 2296 853 presump-

1285 862 1383 898 serit,
1401 871 1543 893 censura
1561 863 1787 895 ecclesiastica
1801 865 2013 904 percellatur.
2047 878 2054 882 ·

1324 915 1496 946 Adicimus
1511 916 1659 955 insuper,
1674 921 1710 947 ut
1725 918 1907 958 unicuique
1922 919 2035 949 domui
2047 920 2150 950 vestri
2165 919 2294 950 ordinis

1284 969 1590 1000 sanctimonialium
1605 971 1645 1000 ad
1658 979 1771 1001 earum
1783 975 1814 1001 et
1826 972 1967 1002 fratrum
1982 971 2144 1003 laicorum
2156 972 2295 1012 integri-

1283 1025 1383 1051 tatem
1400 1026 1431 1052 et
1447 1022 1659 1061 disciplinam
1675 1023 1871 1054 servandam
1890 1024 2072 1054 secundum
2085 1024 2193 1064 ipsius
2207 1024 2294 1055 ordi-

1283 1075 1336 1105 nis
1360 1075 1530 1111 instituta,
1552 1077 1704 1106 canonici
1729 1076 1796 1107 vita
1823 1081 1854 1107 et
1873 1077 2023 1107 moribus
2045 1077 2183 1112 maturi,
2205 1077 2293 1108 sicut

1283 1128 1510 1159 necessarium
1537 1129 1647 1159 visum
1676 1130 1794 1163 fuerit,
1828 1134 2075 1169 preponantur;
2108 1130 2231 1170 quibus
2259 1133 2292 1161 et

1283 1181 1471 1212 animarum
1495 1191 1573 1212 cura
1595 1192 1653 1221 pro
1678 1183 1896 1222 dispositione
1918 1183 2040 1222 prioris
2063 1183 2238 1214 immineat
2259 1187 2293 1214 et

1282 1234 1384 1264 totius
1400 1234 1516 1264 domus
1532 1243 1611 1265 cura
1626 1235 1662 1264 in
1678 1236 1899 1266 exterioribus
1915 1236 2136 1272 commitatur,
2153 1240 2190 1266 ut
2204 1236 2293 1267 bona

1282 1286 1471 1325 spiritualia
1495 1287 1623 1325 possint
1652 1296 1710 1326 per
1735 1297 1791 1318 eos
1820 1288 1861 1318 ad
1885 1288 2074 1319 subsidium
2094 1288 2293 1319 monialium

1281 1338 1424 1370 fideliter
1444 1339 1619 1375 custodiri,
1645 1344 1676 1370 et
1696 1349 1737 1370 ne
1760 1340 1883 1380 aliquis
1901 1341 2131 1380 possessiones
2149 1341 2203 1372 vel
2225 1341 2292 1372 alia

1282 1401 1345 1423 ona
1371 1392 1561 1423 inconsulto
1587 1397 1619 1424 et
1643 1394 1890 1424 contradicente
1916 1395 2026 1433 priore
2051 1398 2208 1434 usurpet,
2233 1394 2291 1426 de-

1281 1446 1357 1477 beat
1381 1446 1542 1476 attentius
1559 1447 1738 1485 provideri.
1998 1490 2001 1491 γ

1322 1500 1414 1530 Laici
1438 1509 1515 1530 vero
1542 1499 1694 1530 conversi
1714 1500 1748 1529 in
1768 1500 1923 1530 omnibus
1944 1500 2047 1538 priori
2067 1504 2098 1531 et
2119 1500 2290 1532 canonicis

1281 1554 1407 1584 subditi
1427 1557 1457 1584 et
1473 1553 1666 1584 obedientes
1683 1553 1840 1589 existant,
1856 1562 1916 1584 nec
1933 1553 2079 1593 aliquam
2093 1557 2292 1593 potestatem

1281 1607 1396 1637 domus
1418 1606 1471 1637 vel
1494 1607 1634 1646 pecunie
1657 1607 1722 1637 sibi
1741 1616 1902 1645 usurpare
1922 1610 2126 1645 presumant,
2143 1607 2291 1647 nisique

1281 1669 1299 1690 a
1320 1659 1429 1699 priore
1447 1659 1598 1690 ordinate
1615 1663 1645 1690 et
1661 1659 1906 1689 rationabiliter
1922 1659 1962 1689 ad
1979 1663 2108 1698 tempus
2123 1659 2225 1690 fuerit
2240 1658 2290 1690 eis

1279 1713 1440 1753 injuncta.

1318 1765 1517 1796 Habitat-ula
1539 1774 1670 1804 quoque
1693 1765 1928 1795 canonicorum
1944 1769 1975 1795 et
1990 1774 2226 1796 conversorum
2241 1765 2290 1796 ita

1280 1820 1347 1850 sint.
1369 1828 1387 1848 a
1409 1818 1561 1849 domibus
1581 1818 1764 1848 monalium
1786 1821 1877 1848 extra
1896 1817 2031 1848 illorum
2050 1822 2143 1857 septa
2162 1821 2288 1849 remota

1277 1873 1402 1912 pariter
1424 1876 1455 1903 et
1477 1872 1643 1912 disjuncta
1664 1881 1705 1902 ne
1726 1871 1767 1901 ad
1788 1871 1932 1902 invicem
1954 1880 1989 1902 se
2010 1871 2122 1902 videre
2142 1871 2286 1908 valeant,
2303 1872 2306 1873 ⁷

1279 1929 1335 1956 aut
1356 1925 1435 1955 hinc
1456 1925 1534 1955 inde
1554 1924 1664 1955 audiri
1685 1924 1751 1954 nisi
1773 1925 1814 1955 ad
1832 1924 1983 1954 divinum
1998 1927 2127 1955 tantum
2142 1924 2289 1955 officium

1278 1978 1524 2017 complendum,
1542 1987 1617 2008 cum
1636 1978 1815 2008 manifesta
1834 1977 2017 2008 necessitas
2039 1981 2071 2008 et
2091 1982 2181 2008 certa
2201 1977 2288 2009 ratio

1277 2029 1311 2058 id
1332 2029 1405 2059 fieri
1424 2028 1658 2068 postulaverit,
1679 2028 1737 2058 sed
1755 2036 1862 2067 neque
1883 2027 1945 2058 hoc
1965 2028 2022 2058 fiat
2042 2027 2109 2058 nisi
2131 2027 2192 2058 suh
2210 2036 2287 2067 pre-

1278 2082 1385 2112 sentia
1403 2082 1635 2120 plurimorum.

1317 2134 1429 2165 Altare
1451 2144 1528 2165 vero
1550 2135 1585 2164 in
1611 2143 1674 2174 quo
1697 2134 1848 2164 divinum
1871 2133 2075 2164 monialibus
2099 2133 2286 2165 celebretur

1276 2187 1422 2217 officium
1445 2187 1574 2226 lapideo
1598 2187 1723 2225 pariete
1747 2186 1990 2216 intercludatur
2011 2190 2067 2216 aut
2088 2185 2216 2224 ligneo,
2237 2185 2285 2217 ita

1277 2241 1364 2280 quod
1380 2245 1497 2270 neuter
1513 2249 1610 2270 sexus
1626 2240 1754 2270 visione
1771 2239 1908 2269 alterius
1924 2240 2127 2278 perfruatur.

1315 2293 1475 2324 Canonici
1499 2297 1608 2322 autem
1630 2292 1665 2322 in
1689 2292 1813 2321 divinis
1835 2292 1953 2322 officiis
1975 2292 2099 2331 ubique
2121 2292 2194 2323 sine
2214 2291 2284 2322 ulla

1275 2346 1465 2384 exceptione
1497 2355 1570 2376 eum
1600 2346 1720 2375 missas
1752 2345 1852 2375 etiam
1881 2345 2084 2376 monialibus
2113 2345 2284 2376 celebrant

1275 2399 1450 2430 servitium
1466 2399 1609 2429 habeant
1625 2399 1832 2429 clericorum.

1314 2451 1476 2482 Moniales
1504 2461 1633 2491 quoque
1660 2451 1695 2480 in
1724 2451 1879 2482 omnibus
1904 2451 2000 2481 illum
2024 2451 2159 2482 modum
2182 2451 2284 2482 officii

1274 2505 1327 2536 sui
1342 2505 1377 2534 iu
1394 2504 1534 2535 ecclesia
1549 2505 1736 2540 observent,
1752 2504 1828 2543 quia
1847 2504 2036 2542 supradicto
2061 2507 2175 2534 sancto
2191 2503 2283 2536 Gile-

1273 2558 1366 2588 herto
1384 2558 1491 2596 primo
1506 2558 1615 2596 priore
1631 2557 1758 2587 ordinis
1782 2557 1821 2587 dc
1844 2557 2083 2595 Sempingham
2103 2557 2281 2588 institutus

1273 2614 1305 2641 et
1332 2620 1350 2640 a
1376 2610 1471 2640 beato
1498 2611 1668 2642 Bernardo
1697 2610 1863 2650 quondam
1893 2609 2133 2640 Clarevallensi
2162 2609 2281 2641 abbate

1273 2672 1401 2694 necnon
1415 2668 1445 2693 et
1460 2663 1536 2693 aliis
1552 2663 1719 2702 plerisque
1735 2662 1902 2701 religiosis
1917 2663 2069 2701 personis
2083 2663 2191 2702 primo
2205 2663 2281 2694 fue-

1272 2722 1323 2747 rat
1342 2717 1555 2755 approbatus.
1576 2716 1703 2747 scilicet
1723 2725 1788 2746 non
1811 2716 1937 2746 musice
1958 2715 2120 2746 cantando
2143 2715 2201 2746 sed
2219 2715 2280 2746 ho-

1272 2774 1380 2804 neste,
1399 2770 1565 2800 moderate
1587 2769 1627 2799 ad
1646 2769 1802 2799 distincte
1821 2768 1992 2807 psallendo
2012 2772 2111 2807 atque
2126 2767 2275 2806 legendo.

1311 2822 1422 2853 Liceat
1450 2831 1580 2862 quoque
1604 2822 1699 2852 vobis
1725 2822 2000 2861 quandocumque
2023 2821 2058 2851 in
2083 2821 2195 2861 aliquo
2218 2830 2277 2853 vos

1271 2875 1460 2913 pregravari
1473 2875 1648 2906 senseritis
1664 2875 1705 2904 ad
1719 2875 1904 2906 remedium
1920 2873 2151 2913 appellationis
2164 2875 2276 2906 confu-
