2441 3330
122 261 135 276 n

123 313 137 328 7)

123 365 137 381 D

124 417 137 432 7)

124 469 138 484 Ἰ)

125 521 138 536 ))

125 574 138 588 ἕ

126 1047 139 1062 ὃ
126 995 139 1009 ³5
126 942 139 957 υ
125 889 139 903 ὅ
125 837 139 852 S
125 784 139 799 ὅ
126 732 139 746 U
127 679 140 693 δ
126 627 139 641 ὃ

128 2363 141 2378 δ
127 2311 140 2326 ἕ
127 2259 140 2273 δ
126 2206 140 2221 ὅ

129 2416 141 2430 ὅ

130 2837 143 2851 :5
129 2784 142 2799 ὅ
127 2731 141 2746 S
128 2678 141 2693 ὃ
128 2625 142 2640 ὅ
129 2573 142 2588 8
129 2520 142 2535 :1
129 2468 142 2482 t!

966 176 1190 213 PREMIERE
1212 178 1370 215 ANNEE.

161 248 366 286 contingeret
382 247 560 277 declinare.
579 248 728 287 Cumque
746 257 844 286 super
860 248 1048 286 provisione
1068 248 1131 277 hu-

159 300 304 340 jusmodi
319 299 536 329 dubitationis
549 300 726 338 scrupulus
738 300 915 332 emisisset,
932 300 1130 338 quibusdam

163 352 390 382 asserentibus
418 352 673 389 intelligendum
701 352 804 381 dictos
836 353 860 381 L
890 352 960 381 dies
987 352 1033 381 ita
1062 352 1131 381 fore

163 404 337 434 continuos
350 408 397 439 ut,
413 403 442 433 si
459 413 495 433 ex
512 403 624 442 aliqua
638 412 737 433 causa
754 404 953 435 necessaria,
969 403 1132 441 probabili

163 456 215 486 vel
233 455 420 485 voluntaria
440 455 564 485 dictum
584 455 870 493 archiepiscopum
888 455 1132 484 Bituricensem

164 518 229 538 non
252 509 459 543 visitantem,
478 516 543 537 non
559 508 808 546 procurationes
824 507 1054 544 recipientem,
1074 516 1133 537 nec

160 561 429 600 jurisdictionem
447 560 593 599 aliquam
610 564 815 590 exercentem
832 568 890 597 per
906 559 1040 597 aliquod
1056 564 1133 589 tem-

164 614 254 653 poris
269 614 411 652 spatium
428 614 463 642 in
479 614 606 651 prefata
622 613 791 651 provincia
809 612 931 641 morari
944 612 1131 649 contigerit,

166 666 249 696 illud
271 671 399 704 tempus
422 666 510 696 inter
535 666 638 695 dictos
662 665 906 704 quinquaginta
926 665 996 694 dies
1017 665 1134 694 debeat

165 719 360 757 computari,
380 719 490 749 felicis
511 718 750 749 recordationis
771 719 797 747 Ι.
817 726 900 755 papa
918 718 986 746 IIII
1009 717 1133 746 dictum

164 771 446 809 Burdegalensem
459 772 595 810 ejusque
611 770 838 808 suffraganeos
852 769 947 799 citari
964 769 1133 798 mandavit

165 825 205 854 ad
223 824 480 854 declarationem
497 822 689 862 hujusmodi
705 822 885 852 dubietatis
902 831 1000 859 super
1015 821 1083 851 hiis
1102 825 1133 851 et

165 876 241 906 aliis
265 877 474 906 audiendam.
500 876 670 909 Ceterum,
695 875 916 912 suffraganeis
940 873 1132 904 memoratis

164 930 274 960 citatis
288 929 447 967 legitime,
458 928 741 967 Burdegalensem
755 927 1040 966 archiepiscopum
1053 930 1084 957 et
1098 950 1130 963 ..,

165 983 354 1021 episcopum
367 983 684 1019 Petragoricensem,
696 980 901 1019 repperimus
914 981 1026 1010 minus
1041 980 1133 1010 suffi-

165 1035 290 1065 cienter
310 1035 415 1065 fuisse
437 1035 553 1065 citatos
572 1045 577 1064 :
597 1033 863 1072 comparentibus
880 1037 989 1062 autem
1006 1033 1133 1063 Burde-

166 1087 293 1125 galensi
310 1087 568 1126 archiepiscopo,
589 1110 621 1122 ..‚
636 1086 840 1124 Agennensi.
859 1109 891 1120 ...
903 1086 1133 1116 Xanctonensi

166 1144 197 1170 et
228 1163 263 1175 ..,
293 1140 539 1177 Engolismensi
567 1139 729 1178 episcopis
757 1139 863 1176 ipsius
892 1138 1134 1176 archiepiscopi

167 1193 387 1230 suffraganeis
417 1202 474 1231 per
503 1196 732 1231 procuratores
763 1192 803 1221 ad
831 1191 1076 1230 impetrandum
1103 1195 1134 1222 et

168 1245 460 1275 contradicendum
478 1249 604 1275 tantum
621 1245 814 1274 mandatum
830 1244 1002 1279 habentes,
1072 1245 1134 1274 Pe-

167 1298 402 1335 tragoricensis
420 1303 450 1327 et
466 1321 498 1333 ..,
515 1297 722 1328 pietavensis
739 1297 967 1335 episcoporum
984 1306 1134 1335 procura-

168 1351 293 1380 toribus
311 1351 351 1380 ad
365 1350 621 1381 declarationem
634 1350 816 1389 predictam
832 1350 1030 1379 audiendam
1047 1350 1134 1379 suffi-

166 1403 258 1433 ciens
270 1403 462 1433 mandatum
471 1403 684 1435 habentibus,
694 1407 816 1432 statuto
828 1403 968 1432 termino
977 1403 1011 1431 in
1022 1408 1135 1433 nostra

165 1455 334 1493 presentia
355 1465 453 1493 quem
474 1456 628 1485 dominus
646 1464 730 1493 papa
748 1455 916 1493 deputavit
932 1455 971 1484 ad
988 1455 1135 1485 declara-

166 1508 288 1537 tionem
308 1508 499 1547 hujusmodi
515 1508 718 1543 faciendam,
736 1507 850 1537 habito
864 1508 1134 1546 jurisperitorum

166 1561 305 1591 consilio
326 1565 356 1591 et
376 1561 474 1599 plena
492 1560 730 1591 deliberatione
748 1560 920 1590 nobiscum
939 1561 1134 1591 auctoritate

166 1618 198 1644 et
213 1614 367 1643 mandato
381 1614 507 1643 domini
518 1613 698 1643 Alexandri
714 1622 796 1651 pape
811 1614 878 1642 IIII
893 1613 1134 1643 dubitationem

165 1666 362 1704 predictam,
385 1671 538 1704 presente
568 1666 727 1704 magistro
750 1665 892 1696 Rodulfo
923 1670 1134 1704 procuratore

165 1719 387 1749 Bituricensis
413 1719 654 1757 archiepiscopi
676 1723 706 1749 et
732 1719 772 1748 ad
797 1718 858 1748 hoc
883 1718 1051 1748 sufficiens
1074 1719 1135 1748 ha-

166 1773 263 1803 bente
280 1773 472 1802 mandatum
492 1777 522 1802 et
538 1772 696 1810 magistro
714 1772 883 1802 Bernardo
899 1772 937 1801 de
957 1772 1043 1801 Pinu
1059 1782 1135 1810 pro-

164 1829 313 1855 curatore
330 1825 589 1863 Burdegalensis
609 1824 849 1862 archiepiscopi
866 1825 1001 1854 nonnisi
1021 1825 1060 1854 ad
1076 1825 1134 1853 im—

164 1878 360 1916 petrandum
375 1882 405 1908 et
419 1878 712 1908 contradicendum
726 1877 916 1906 mandatum
934 1877 1087 1911 habente,
1099 1882 1134 1907 ut

165 1931 319 1969 superius
343 1935 392 1961 est
413 1940 620 1969 expressum.
640 1934 670 1960 et
686 1930 955 1968 procuratoribus
972 1930 1134 1960 dictorum

165 1984 451 2022 suffraganeorum
468 1984 545 2014 licet
562 1984 602 2013 ad
618 1984 679 2013 hoc
699 1983 734 2012 in
754 1983 924 2013 audientia
940 1983 1071 2021 publica
1088 1983 1135 2012 ci-

166 2037 244 2066 tatis
266 2036 413 2074 legitime
434 2036 569 2066 minime
591 2036 874 2074 comparentibus,
896 2035 1006 2065 taliter
1026 2036 1134 2066 decla-
1175 2054 1178 2063 .

165 2097 289 2119 ramus.

167 2154 179 2168 »
198 2141 361 2171 Videlicet
378 2146 423 2176 ut,
438 2150 512 2171 cum
529 2141 752 2170 Bituricensis
770 2141 1039 2178 archiepiscopus
1054 2142 1134 2171 Bur-

165 2182 375 2232 degalensem
404 2194 507 2223 adibit
534 2193 738 2231 provinciam
764 2193 967 2223 visitationis
990 2194 1135 2223 officium

166 2246 397 2285 impensurus,
427 2246 515 2280 dies,
548 2246 670 2284 quibus
711 2245 850 2275 eundem
890 2245 1135 2275 Bituricensem

165 2298 329 2328 infirmari
352 2298 403 2328 vel
426 2298 643 2328 minationem
668 2297 708 2326 ob
734 2297 967 2327 necessitatem
990 2298 1135 2336 corporis

166 2351 217 2381 vel
234 2351 328 2380 modo
345 2350 442 2381 solito
459 2350 625 2381 celebrare
642 2350 693 2380 vel
710 2350 831 2389 quibus
848 2350 1011 2380 infirmari
1031 2351 1136 2380 conti-

167 2403 261 2441 gerit.
284 2403 359 2433 illos
383 2403 421 2433 de
442 2403 597 2433 comitiva
618 2412 677 2432 sua
698 2403 769 2432 sine
792 2403 913 2441 quibus
933 2403 1136 2433 visitationis

167 2456 310 2486 officium
340 2455 506 2485 commode
534 2464 650 2485 vacare
678 2464 743 2484 non
768 2459 872 2493 potest
899 2455 1040 2485 dicimus
1070 2464 1135 2485 non

167 2517 239 2539 esse
263 2508 498 2546 computandos
520 2508 554 2537 in
578 2516 716 2537 numero
736 2508 759 2537 L
777 2508 905 2537 dierum
927 2508 1063 2545 quibus,
1085 2517 1136 2537 se-

167 2562 311 2591 cundum
333 2561 556 2599 provisionem
580 2561 719 2598 predicti
742 2560 867 2590 domini
887 2560 924 2589 G.
945 2570 1042 2598 pape.
1061 2560 1137 2589 licet

167 2614 273 2644 eidem
290 2613 538 2651 archiepiscopo
560 2613 587 2641 si
604 2612 743 2642 voluerit
765 2612 1045 2650 Burdegalcusem
1063 2622 1137 2650 pro-

166 2666 309 2696 vinciam
327 2666 479 2695 visitare:
495 2665 718 2703 predictorum
733 2665 763 2694 ei
778 2665 1089 2702 impedimentorum
1107 2669 1137 2694 et

167 2719 329 2749 similium
355 2728 390 2747 ac
418 2718 636 2747 humanitatis
661 2717 802 2747 dicimus
827 2718 989 2747 rationem
1016 2718 1136 2746 liaben-

167 2773 250 2801 dam.
278 2771 349 2801 Illis
375 2775 482 2799 tamen
505 2770 620 2799 diebus
644 2778 725 2807 quos
750 2774 881 2807 propter
901 2770 1137 2807 i111p‹=di11ic1ita

168 2824 356 2863 hujusmodi
385 2824 416 2851 in
443 2823 661 2861 predictorum
688 2823 711 2851 L
735 2822 861 2851 dierum
886 2831 1022 2851 numero
1043 2822 1136 2850 :luxi-

1216 260 1228 274 ))

1216 313 1229 326 ))

1217 365 1229 379 ))

1216 416 1229 430 t)

1217 468 1229 482 ))

1217 519 1229 533 ))

1217 572 1229 585 >)

1217 625 1229 639 )>

1217 677 1229 691 ))

1217 729 1230 743 ))

1217 781 1230 795 ))

1217 833 1230 847 ))

1218 887 1230 900 ))

1217 939 1229 953 ))

1217 992 1230 1006 ))

1218 1045 1231 1059 ))

1218 1097 1231 1111 ))

1219 1151 1231 1165 D

1219 1204 1232 1218 ))

1219 1256 1232 1270 ))

1220 1309 1232 1323 ))

1220 1362 1232 1375 ))

1220 1416 1233 1428 D

1220 1468 1233 1481 ))

1220 1521 1233 1535 ))

1220 1574 1233 1588 ))

1220 1627 1233 1641 ))

1220 1680 1233 1694 ))

1220 1732 1233 1747 ))

1221 1785 1233 1799 ))

1219 1837 1233 1852 ))

1219 1889 1232 1904 J)

1219 1942 1232 1957 ))

1220 1995 1232 2009 ))

1219 2048 1231 2062 ))

1220 2100 1232 2114 ))

1219 2153 1232 2167 ))

1219 2206 1231 2220 D

2165 193 2217 224 123

1253 258 1326 279 mus
1347 251 1483 282 minime
1501 254 1752 291 computandos.
1774 254 1881 284 nullas
1897 257 2144 293 procurationes
2164 268 2217 288 ar-

1254 301 1483 341 chiepiscopus
1513 305 1734 336 Bituricensis
1764 307 1902 345 recipiat
1931 318 2004 338 cum
2032 319 2090 340 nec
2118 312 2216 341 etiam

1254 353 1398 383 officium
1420 356 1621 387 visitationis
1644 358 1821 396 impendat,
1841 364 1870 389 et
1889 362 2069 391 secundum
2089 364 2218 400 predic-

1255 409 1320 433 tam
1350 407 1592 437 ordinationem
1624 418 1682 439 seu
1711 411 1934 447 provisionem
1970 415 2217 450 procurationes

1255 457 1496 496 quinquaginta
1521 460 1636 490 diebus
1660 461 1780 498 quibus
1805 463 1916 492 visitat
1938 465 2217 503 Burdegalensem

1254 509 1458 545 provinciam
1473 511 1655 541 deliueantur
1669 513 1786 542 eidem.
1802 515 1847 543 De
1864 516 2020 552 predictis
2037 522 2144 547 autem
2160 519 2217 547 im-

1254 561 1463 598 pedimentis,
1489 563 1629 593 dicimus
1653 565 1851 594 credendum
1869 567 2070 598 Bituricensi
2091 570 2219 600 archie-

1254 614 1399 651 piscopo.
1420 624 1492 644 cum
1515 625 1572 653 per
1594 625 1719 645 moram
1741 622 1872 656 propter
1891 619 2123 656 impedimenta
2142 622 2218 651 talia

1255 665 1289 694 in
1320 666 1560 704 Bul-(legalensi
1589 669 1756 705 provincia
1787 670 1987 700 faciendam.
2017 681 2076 701 nec
2105 673 2154 701 illi
2181 674 2219 703 de

1254 718 1424 755 provincia
1447 725 1637 755 onerentur,
1659 730 1718 750 uec
1741 721 1827 751 idem
1850 722 2070 752 Bituricensis
2092 725 2220 755 archie-

1255 770 1408 808 piscopus
1430 772 1597 801 commode
1624 777 1830 810 assequatur.
1858 775 1950 803 Hanc
1976 775 2139 813 siquidem
2165 778 2220 807 de-

1256 821 1471 852 clarationem
1512 824 1653 854 facimus
1694 830 1854 862 quantum
1889 826 1929 854 ad
1966 827 2218 864 Agenneusem,

1254 875 1536 911 Xanctonensem,
1556 877 1852 914 Engolismensem,
1869 880 2173 917 Petragoricensem
2191 886 2221 911 et

1255 927 1484 957 Pictavensem
1502 929 1672 967 episcopos
1690 930 1911 967 supradictos;
1933 936 2091 969 quantum
2111 933 2148 961 ad
2171 933 2221 970 ip-

1256 989 1329 1009 sum
1343 989 1419 1010 vero
1431 981 1712 1018 Burdegalensem
1729 982 2013 1021 archiepiscopum
2027 984 2167 1013 dicimus
2186 989 2221 1014 ut.

1255 1033 1320 1063 ista
1333 1033 1510 1062 declaratio
1522 1034 1741 1064 denuncietur
1751 1035 1857 1064 eidem
1869 1039 1899 1064 et
1910 1036 2084 1065 mandetur
2097 1037 2125 1066 ei
2137 1038 2222 1075 quod

1256 1085 1307 1115 vel
1342 1090 1486 1123 acceptet
1517 1095 1589 1116 eam
1616 1095 1673 1124 per
1701 1096 1777 1116 suas
1802 1091 1951 1125 patentes
1978 1088 2104 1118 litteras
2134 1090 2222 1119 infra

1257 1148 1405 1169 mensem
1426 1143 1497 1177 post
1519 1139 1809 1169 denunciationem
1825 1140 1931 1178 ipsam
1947 1145 1978 1170 et
1993 1142 2091 1171 etiam
2110 1142 2222 1172 obscr-

1256 1197 1309 1222 vet
1326 1192 1364 1221 de
1377 1196 1495 1222 cetero.
1510 1192 1560 1221 vel
1576 1192 1665 1221 infra
1681 1192 1761 1222 duos
1775 1202 1906 1222 menses
1918 1193 1958 1222 ab
1970 1194 2082 1224 eadem
2095 1195 2221 1224 111-111111-

1258 1244 1399 1273 ciatione
1423 1244 1463 1273 ad
1482 1245 1598 1274 Sedem
1624 1245 1837 1282 apostolicam
1860 1246 1970 1275 veniat
1992 1256 2093 1284 quare
2117 1248 2221 1285 ipsam

1258 1297 1433 1326 observare
1450 1306 1513 1326 non
1532 1297 1647 1326 debeat
1661 1297 1904 1327 rationabiliter
1918 1302 2122 1328 ostensurus.
2140 1300 2220 1329 Cou-

1259 1354 1443 1379 servatores
1471 1350 1569 1379 etiam
1600 1354 1665 1379 tam
1693 1359 1791 1387 super
1817 1350 2004 1387 provisione
2032 1351 2156 1380 domini
2181 1353 2216 1381 G.

1257 1412 1339 1441 pape
1358 1403 1496 1440 predicti
1514 1411 1612 1440 quam
1631 1412 1729 1440 super
1745 1403 1973 1432 observatione
1990 1403 2220 1433 declarationis

1257 1456 1480 1494 predictorum
1499 1456 1568 1485 fore
1589 1455 1730 1485 dicimus
1750 1456 1984 1485 concedendos.
2005 1458 2043 1485 Iu
2064 1457 2156 1495 cujus
2174 1458 2221 1487 rei

1259 1508 1496 1541 testimonium,
1519 1511 1689 1545 presentes
1706 1507 1833 1537 litteras
1849 1517 1906 1546 per
1926 1508 2111 1538 ‚Iohannem
2130 1514 2221 1538 uota—

1258 1562 1344 1591 rium
1368 1561 1656 1598 infrascriptorum
1682 1561 1753 1590 fieri
1777 1561 1915 1590 fecimus
1939 1565 1969 1590 et
1992 1561 2094 1590 nostri
2120 1562 2221 1597 sig-silli

1259 1615 1460 1653 appensione
1486 1614 1622 1643 muniri.
1650 1614 1766 1643 Actum
1790 1614 1851 1642 hoc
1873 1613 2022 1651 Neapoli,
2050 1622 2135 1643 anno
2158 1615 2222 1643 Do-

1258 1668 1341 1697 mini
1362 1667 1553 1701 M⁰CC⁰LY0,
1572 1667 1753 1696 indictione
1769 1667 1864 1701 XIII,
1881 1667 1979 1696 XIIIa
1995 1667 2046 1696 die
2065 1666 2222 1695 kat-udas

1259 1720 1390 1758 aprilis,
1408 1720 1619 1757 pontificatus
1640 1719 1765 1748 domini
1783 1719 1961 1748 Alexandri
1976 1728 2057 1757 pape
2077 1721 2121 1749 IV
2138 1728 2222 1749 anno

1258 1773 1375 1811 primo.
1401 1772 1618 1802 Presentibus
1641 1772 1773 1800 1101111110
1798 1772 1915 1800 Ottone
1935 1771 2146 1801 vicecomite.
2169 1782 2223 1800 ca-

1257 1825 1388 1864 pellano
1401 1829 1523 1854 nostro.
1538 1828 1568 1854 et
1580 1824 1711 1853 domino
1726 1824 1865 1853 Girardo
1878 1824 1961 1853 Filio
1978 1832 2063 1858 caro,
2077 1824 2146 1853 cive
2160 1824 2223 1853 Bo-

1258 1877 1424 1907 noniensi.
1454 1881 1484 1905 et
1513 1876 1654 1906 Roberto
1681 1876 1886 1905 abreviatore
1915 1875 2064 1913 magistri
2085 1876 2221 1905 Jordaui

1257 1930 1382 1959 domini
1404 1938 1484 1967 pape
1506 1929 1637 1958 notarii.
1659 1933 1689 1957 et
1714 1929 1848 1957 Stet'ano
1870 1928 2039 1964 Rigoneti,
2065 1928 2221 1957 canonico

1258 1983 1364 2013 sancti
1394 1981 1602 2019 Austrigisili
1628 1981 1665 2010 de
1693 1981 1808 2011 Castro
1836 1980 2068 2015 Bituricensis,
2098 1980 2220 2017 rogatis

1257 2035 1409 2065 testibus.
1435 2035 1471 2064 Et
1494 2043 1552 2069 ego
1572 2034 1741 2063 Johannes
1759 2033 1907 2062 notarius
1924 2033 2009 2062 sacri
2025 2032 2137 2070 palatii
2156 2032 2221 2060 hiis

1258 2087 1412 2117 omnibus
1433 2086 1571 2115 intertui
1593 2090 1622 2115 ct
1639 2085 1676 2115 de
1693 2085 1846 2114 mandato
1863 2084 2000 2122 predicti
2017 2084 2140 2113 domini
2160 2086 2221 2113 Oc-

1258 2141 1382 2170 taviani
1412 2139 1590 2169 cardinalis
1621 2147 1756 2175 presens
1794 2137 1951 2175 scriptum
1988 2136 2153 2174 publicavi
2191 2141 2220 2165 et

1257 2193 1375 2231 scripsi
1393 2197 1423 2222 et
1440 2192 1473 2221 111
1490 2191 1657 2229 publicum
1675 2191 1796 2228 redegi.

1256 2246 1349 2276 Nulli
1372 2254 1447 2281 crgo
1469 2249 1529 2273 etc.
1551 2247 1660 2273 nostre
1679 2243 1938 2272 confirmationis
1960 2246 2019 2271 etc.
2040 2242 2112 2271 Dat.
2134 2242 2220 2270 Nea-

1217 2300 1294 2338 poli,
1312 2300 1339 2329 V
1356 2299 1430 2327 idus
1448 2297 1574 2335 aprilis,
1591 2305 1676 2325 anno
1693 2296 1809 2333 primo.
1828 2308 1839 2321 υ

1288 2431 1375 2459 406

1802 2429 1919 2462 Naples,
1937 2428 1969 2454 Qu
1985 2428 2052 2453 avril
2074 2427 2149 2453 12:35.

1253 2493 1386 2522 Johnnni,
1406 2492 1491 2526 priori
1507 2492 1646 2517 ecclcsiae
1663 2499 1685 2517 s.
1698 2490 1846 2516 'l'riuitatis
1864 2489 2071 2515 Londoniensis
2087 2489 2177 2514 clccto
2194 2492 2219 2513 et

1218 2542 1398 2573 confirmato,
1418 2544 1481 2574 post
1498 2540 1642 2566 biennium
1665 2547 1759 2564 vcrova
1778 2539 1922 2570 magistris
1941 2537 2065 2563 ttoberto
2082 2544 2219 2570 praet-cu-

1219 2594 1293 2623 (οι-0,
1310 2589 1441 2614 ,1011110110
1462 2589 1495 2613 de
1511 2588 1636 2613 'stit-ham
1659 2587 1803 2621 capellano
1825 2595 1857 2612 ac
1872 2586 2004 2611 Jobanue
2025 2585 2058 2610 dc
2077 2584 2218 2617 liuugt'urd

1218 2639 1331 2669 clerico,
1350 2637 1556 2671 metropohtani
1573 2635 1802 2669 inquisitoribus,
1818 2634 1968 2660 occasi-mc
1980 2634 2134 2666 juramenti
2150 2640 2215 2657 sus·-

1219 2694 1324 2721 pcnso,
1347 2686 1478 2711 com-edit
1501 2689 1529 2710 ut
1552 2684 1672 2709 cundem
1696 2684 1848 2717 prioratum
1875 2682 1949 2708 licite
1975 2683 2096 2706 retinere
2120 2682 2217 2705 valcat.

1220 2735 1300 2766 (Heu.
1320 2735 1363 2766 231,
1380 2742 1404 2759 c.
1423 2734 1482 2765 3323,
1501 2733 1517 2758 f.
1536 2733 1590 2764 50.)

1262 2834 1273 2845 «
1291 2822 1436 2851 dolamini.
1455 2821 1554 2857 priori
1568 2820 1684 2847 estc-lesit
1700 2823 1799 2846 saur-lv
1816 2818 1975 2845 'l'rfnimzss
1994 2816 2215 2844 l.011«l‹›=11s‹=msss,
