2498 3325
206 237 261 267 190
931 242 1171 272 REGISTRES
1193 241 1500 273 D'ALEXANDRE
1523 244 1580 274 IV.

204 306 367 332 facultatem
386 309 416 332 ut
430 306 519 332 libere
536 309 658 333 testetur
673 306 708 332 de
726 306 812 334 bonis
827 306 982 334 mobilibus
1000 307 1166 334 monasterii
1181 307 1216 334 ad

206 362 333 381 mensam
346 354 457 381 abbatis
469 355 669 389 spectantibus
681 355 843 382 confirmat.
855 355 937 388 (Rau.
949 355 994 390 24,
1006 364 1032 383 c.
1045 356 1106 388 523,
1119 356 1137 382 t'.
1149 356 1217 389 74¹.)

246 468 259 482 α
280 456 434 491 Riccardo,
450 457 606 494 capellano
622 462 734 491 nostro,
751 457 853 486 abbati
873 458 1151 494 Weseimonasterii,
1170 468 1216 488 or-

205 510 288 538 dinis
300 511 400 538 sancti
413 510 576 545 Benedicti,
591 510 808 539 Londoniensis
819 510 954 540 diocesis.
968 511 1056 541 Solet
1068 520 1215 542 annuere

206 566 266 591 etc.
284 561 460 600 impertiri.
480 562 565 591 Sane
583 562 700 600 petitio
718 567 772 592 tua
790 562 885 592 nobis
902 563 1049 602 exposita
1065 564 1215 594 contine-

204 614 257 643 bat
275 614 377 653 quod,
396 624 469 644 eum
488 615 573 644 bona
594 615 722 645 abbatis
740 624 758 644 a
774 615 870 645 bonis
887 620 1068 646 conventus
1087 617 1214 647 Westi-

205 667 398 697 monasterii
427 668 560 705 penitus
588 668 654 697 sint
684 668 790 698 divisa
813 672 843 698 et
871 669 910 698 ad
938 669 1149 699 carissimum
1179 670 1213 699 in

204 719 337 750 Christo
356 719 461 749 filium
483 724 631 750 nostrum
651 743 688 756 ..,
709 730 819 758 regem
836 721 1019 759 Anglorum
1035 721 1211 758 illustrem,

205 772 291 802 bona
306 772 440 802 mobilia
458 772 613 802 abbatum
630 773 700 810 regi
716 773 836 811 Anglie
853 773 1082 804 decedentium
1099 775 1138 805 de
1154 784 1214 805 an-

205 825 297 863 tiqua
314 828 345 854 et
367 825 545 863 approbata
561 829 592 855 et
607 825 769 855 hactenus
784 826 921 864 pacifice
941 826 1115 857 observata
1136 836 1221 857 con-

205 877 381 907 suetudine
404 878 577 915 pervenire
601 882 781 908 noscantur
802 879 945 918 propriis
965 880 1083 910 usibus
1108 880 1214 919 appli-

205 931 324 966 canda,
349 931 436 960 idem
463 940 528 961 rex.
556 931 642 969 quod
668 931 706 961 de
736 931 832 962 bonis
859 932 1040 963 mobilibus
1065 933 1213 973 ejusdem

205 984 399 1014 monasterii
412 984 451 1013 ad
460 988 549 1014 tuam
559 984 872 1015 ‹luntaxatmensam
882 986 1119 1024 spectantibus,
1129 996 1213 1026 quae

206 1040 236 1067 tc
253 1036 431 1067 decedente
453 1037 635 1067 secundum
657 1037 795 1067 eandem
817 1038 1091 1069 consuetudinem
1110 1039 1214 1078 perti-

206 1098 284 1119 nere
298 1090 338 1119 ad
354 1090 469 1119 fiscum
483 1090 611 1127 regium
624 1090 834 1125 videbuntur,
849 1090 953 1121 libere
969 1092 1088 1121 testariv
1101 1096 1131 1122 et
1145 1092 1214 1122 dis-

205 1151 327 1181 ponere
346 1142 472 1177 valeas,
491 1142 730 1172 consuetudine
746 1142 938 1181 hujusmodi
961 1152 1026 1173 non
1049 1144 1212 1181 obstante,

206 1195 369 1225 concessit
389 1205 446 1233 per
463 1204 540 1225 suas
560 1194 688 1225 litteras
708 1195 912 1225 facultate-111.
930 1196 998 1226 Nos
1018 1196 1129 1236 itaque
1148 1198 1214 1228 tuis

204 1248 359 1286 precibus
373 1247 543 1282 inclinati,
562 1247 811 1277 concessionem
831 1247 1021 1287 hujusmodi
1038 1249 1123 1279 sieut
1139 1259 1215 1288 pro-

205 1301 279 1331 vide
295 1301 381 1330 facta
400 1304 449 1330 est
465 1304 569 1330 ratam
586 1300 746 1330 habentes
763 1303 794 1330 et
811 1300 849 1339 (1)
867 1304 1010 1338 gratam,
1028 1302 1121 1331 illam
1137 1312 1215 1333 auc-

205 1353 337 1383 toritate
361 1353 540 1391 apostolis-a
559 1353 794 1382 confirmamus
817 1357 878 1382 etc.
903 1362 1007 1392 usque
1032 1364 1038 1383 1
1062 1356 1215 1386 concedi-

204 1415 290 1436 mus.
306 1406 398 1436 Nulli
411 1411 472 1436 etc.
485 1410 597 1436 nostre
611 1406 874 1436 confirmationis
888 1410 949 1436 etc.
961 1407 1034 1436 Dat.
1050 1409 1213 1447 Anagnie‚

205 1459 316 1489 idibus
329 1459 418 1498 julii,
441 1468 527 1489 anno
544 1459 660 1498 primo.
682 1471 694 1485 »

267 1658 360 1696 ,631

241 1720 429 1747 Universitati
453 1720 646 1747 Salamantine
671 1721 811 1755 indulget,
835 1725 865 1747 ut
883 1721 978 1747 nullus
998 1721 1147 1763 del-egatus
1170 1723 1215 1748 vel

205 1769 411 1803 subdelegatus
434 1773 571 1795 executor
591 1777 642 1796 seu
664 1772 692 1795 et
713 1773 898 1796 conservator
922 1770 1027 1804 possit,
1044 1771 1215 1797 auctoritate

205 1817 290 1845 Sedis
305 1818 462 1852 apostolice
479 1818 522 1844 vel
538 1818 696 1851 legatorum
713 1818 818 1852 ipsius,
831 1818 858 1844 in
872 1817 1096 1845 Universitatem
1108 1818 1212 1845 dictam

204 1866 524 1898 excommunicationis,
543 1866 747 1900 suspensionis
763 1866 806 1892 vel
818 1867 961 1893 interdicti
973 1868 1132 1894 sententias
1149 1876 1214 1902 pro-

203 1915 348 1949 mulgare,
366 1915 475 1949 absque
491 1915 610 1949 speciali
633 1914 766 1941 mandato
787 1914 872 1941 Sedis
888 1915 1019 1949 ejusdem
1041 1916 1163 1942 faciente
1178 1916 1213 1942 de

203 1964 382 1998 indulgentia
397 1963 564 1998 hujusmodi
582 1963 766 1991 mentionem.
783 1963 866 1996 (Res.
885 1963 928 1995 2²4,
945 1972 970 1990 c.
985 1964 1046 1996 524,
1064 1965 1083 1991 f.
1102 1965 1157 1997 75.)

759 1658 889 1693 Anagni,
908 1659 940 1686 15
952 1660 1047 1693 J'uillet
1064 1659 1142 1687 1255.

243 2085 256 2099 «
280 2073 479 2102 Universitati
496 2073 732 2109 magistrorum,
751 2076 905 2100 rectorum
928 2076 954 2100 et
969 2073 1138 2102 scolarium
1154 2073 1212 2103 Sa-

201 2127 384 2156 [amantiae.
403 2125 481 2155 Illos
498 2124 556 2163 qui
571 2124 606 2153 in
621 2141 670 2153 —.
689 2125 760 2154 Dat.
778 2127 813 2153 ut
829 2133 938 2162 supra.
960 2136 972 2150 »

270 2324 356 2353 632

233 2385 349 2412 Eisdem
379 2385 531 2416 concedit,
558 2388 589 2411 ut
612 2392 765 2411 commune
793 2384 919 2418 sigillum
951 2384 1056 2410 habere
1087 2385 1208 2411 valeant.

200 2435 284 2469 (Rea.
301 2434 345 2469 ⁵24,
363 2442 388 2461 c.
406 2435 480 2468 5242,
494 2434 513 2460 f.
531 2435 586 2463 75.)

751 2322 882 2356 Anagni‚
902 2323 933 2349 15
947 2322 1042 2357 juillet
1061 2323 1137 2349 1255.

239 2555 252 2570 «
272 2543 401 2572 Eisdem.
422 2541 645 2572 petitionibus
662 2541 781 2571 vestris
803 2540 986 2579 benignum
1005 2558 1051 2570 —.
1075 2542 1149 2571 Dat.
1174 2545 1209 2570 ut

199 2604 308 2634 supra.
330 2606 343 2621 »

227 2735 260 2765 (1)
279 2734 321 2758 Au
340 2735 387 2757 bas
406 2733 442 2757 du
466 2733 571 2756 feuillet
588 2732 618 2756 74
638 2737 674 2762 νο,
691 2738 726 2755 on
747 2732 778 2755 lit
797 2732 823 2755 la
842 2732 965 2756 mention
985 2740 996 2754 «
1017 2734 1120 2762 gratam
1137 2740 1148 2754 »
1165 2734 1206 2761 et,

195 2779 365 2803 au-dessous
381 2785 386 2801 :
407 2786 417 2799 a
444 2777 495 2801 Hic
518 2776 636 2800 cessavit
653 2776 773 2800 scribere
789 2776 930 2800 Jobannes
950 2776 984 2800 de
998 2776 1132 2804 Novaria,
1149 2777 1205 2800 cle-

196 2824 269 2847 ricus
288 2823 321 2846 dc
338 2822 460 2846 Gabella.
479 2828 492 2844 »
510 2821 549 2845 La
565 2827 656 2851 marge
672 2820 833 2850 superieure
854 2820 889 2843 du
913 2821 1019 2844 feuillet
1033 2821 1064 2844 75
1081 2821 1205 2844 contient

195 2870 266 2893 cette
280 2870 358 2890 autre
374 2865 497 2889 mention
514 2875 519 2888 :
538 2874 549 2886 ιι
566 2864 661 2894 Usque
681 2864 724 2887 hic
740 2865 850 2894 scripsit
867 2864 1007 2888 ,Iohannes
1028 2864 1062 2888 de
1083 2864 1204 2889 Novaria

194 2913 227 2936 de
244 2911 364 2936 Gabella.
380 2909 486 2940 Incepit
501 2909 538 2932 ibi
553 2909 704 2933 scribere...
722 2916 732 2930 υ

1369 308 1457 337 633
1858 310 1986 345 Anagni,
2002 310 2037 338 ‘23
2049 311 2145 345 juillet
2159 311 2236 340 ¹255.

1335 369 1439 396 Abbati
1456 374 1485 396 et
1500 372 1656 398 conventui
1673 371 1842 399 monasterii
1859 372 2059 399 Malleacensis
2076 374 2207 401 concedit
2223 374 2310 401 tacut-

1299 421 1385 444 tatem
1403 418 1519 445 unit-ndi
1536 419 1622 446 simul
1638 420 1721 447 binos
1741 424 1769 446 et
1793 420 1878 448 binos
1901 421 2077 456 prioratuum
2094 422 2308 457 subjectorum,

1299 474 1421 500 quorum
1443 471 1601 501 proventus
1624 476 1680 495 non
1703 468 1850 496 sufficiunt
1871 468 1904 496 ad
1925 471 2164 497 sustentationem
2185 470 2308 498 duorum

1299 515 1516 542 monachorum.
1534 515 1618 550 (Rau.
1632 516 1676 549 Ἡ,
1694 524 1720 543 c.
1740 517 1800 548 5‘25,
1819 517 1838 544 f.
1856 517 1912 550 75.)

1340 628 1352 642 «
1374 639 1406 652 ..,
1423 617 1525 646 abbati
1537 622 1563 646 et
1581 619 1745 647 conventui
1760 620 1941 648 monasterii
1956 620 2172 654 illalleacensis,
2188 620 2308 649 ordinis

1296 670 1398 698 sancti
1411 670 1579 704 Benedicti,
1599 671 1800 700 pictaviensis
1815 671 1950 701 diocesis.
1968 671 2029 701 Illa
2046 671 2190 702 libenter
2208 672 2308 702 devo-

1297 721 1379 751 tioni
1391 725 1499 752 vestre
1511 723 1734 758 concedimus
1749 732 1807 762 per
1818 732 1902 763 quae
1916 728 2022 754 status
2034 724 2136 754 vestri
2148 723 2307 764 tranquil-

1296 774 1372 804 litas
1386 779 1593 812 procuretur.
1610 775 1695 805 Sane
1710 776 1825 814 petitio
1836 781 1946 806 vestra
1961 776 2056 806 nobis
2069 776 2216 815 exposita
2229 785 2308 807 con-

1297 827 1434 861 tinebat,
1449 827 1535 866 quod
1548 836 1604 858 vos
1617 828 1830 867 quamplures
1842 828 2008 866 prioratus
2023 828 2154 859 habetis
2167 837 2309 868 quorum

1295 884 1474 917 proventus
1487 884 1563 909 sunt
1576 880 1656 910 adeo
1667 885 1784 911 tenues
1793 885 1824 911 et
1833 881 1947 914 exiles,
1962 881 2049 920 quod
2061 890 2126 912 non
2138 881 2309 912 sufficiunt

1296 932 1336 961 ad
1369 933 1647 963 sustentationem
1679 933 1818 964 duorum
1846 934 2084 964 monachorum
2117 938 2148 964 et
2179 933 2308 964 familie

1296 986 1524 1024 competentis.
1543 987 1610 1016 Nos
1628 986 1740 1025 itaque
1758 987 1877 1016 vestris
1894 986 2194 1025 supplicationibus
2210 986 2309 1017 incli-

1296 1038 1380 1071 nati,
1402 1038 1541 1067 uniendi
1559 1038 1658 1067 simul
1677 1038 1773 1069 binos
1797 1042 1829 1069 et
1850 1039 1947 1069 binos
1967 1039 2158 1078 hujusmodi
2179 1039 2309 1078 priora-

1296 1094 1400 1120 tuum.
1419 1090 1585 1122 devoti'oui
1602 1095 1711 1121 vestre
1725 1091 1864 1121 liberam
1882 1092 2094 1121 concedimus
2112 1092 2308 1122 auctoritate

1294 1144 1501 1182 presentium
1519 1145 1722 1174 facultatem.
1739 1146 1788 1175 Ita
1807 1149 1916 1175 tamon
1935 1145 2022 1184 quod
2035 1145 2203 1176 diocesani
2219 1145 2309 1176 loco-

1297 1206 1371 1226 rum
1384 1197 1419 1226 in
1432 1197 1557 1227 eisdem
1570 1197 1773 1236 prioratibus
1788 1198 1835 1227 sic
1850 1198 1955 1227 unitis
1970 1198 2110 1237 illajura
2124 1197 2308 1237 percipiant

1297 1259 1360 1288 que
1385 1254 1626 1280 consueverant
1650 1251 1819 1289 percipere
1839 1250 2001 1281 hactenus
2019 1255 2094 1281 ante
2115 1250 2308 1291 hujusmodi

1296 1302 1467 1332 unionem.
1484 1302 1578 1332 Nulli
1596 1306 1656 1332 etc.
1676 1307 1787 1332 nostre
1806 1303 2032 1333 concessionis
2049 1307 2110 1333 etc.
2130 1304 2204 1333 Dat.
2222 1304 2308 1334 Ana-

1298 1355 1385 1393 gnie,
1399 1356 1430 1385 X
1449 1355 1608 1386 kalendas
1625 1355 1769 1394 augusti,
1788 1364 1874 1386 anno
1889 1356 2007 1394 primo.
2028 1368 2040 1382 n

1369 1548 1457 1576 (334
1850 1548 1982 1582 Anagni,
2001 1548 2032 1573 17
2045 1547 2141 1582 juillet
2157 1547 2234 1576 1255.

1332 1609 1447 1636 Eisdem
1465 1610 1605 1644 indulget,
1624 1614 1654 1636 ut
1669 1613 1749 1636 extra
1769 1609 1902 1636 dioceses
1917 1617 2017 1636 eorum
2035 1609 2108 1636 trahi
2125 1617 2180 1636 non
2197 1610 2310 1645 possint

1296 1658 1324 1685 in
1341 1666 1468 1685 eausam.
1487 1658 1571 1692 (Rea.
1588 1658 1636 1690 24,
1655 1666 1681 1685 c.
1699 1659 1773 1692 525²,
1788 1659 1808 1686 f.
1825 1659 1881 1691 75.)

1338 1772 1351 1786 «
1369 1760 1499 1788 Eisdem.
1525 1759 1690 1789 Inducunt
1713 1768 1773 1789 nos
1795 1763 1903 1789 vestre
1924 1759 2109 1789 devotionis
2125 1759 2254 1795 merita,
2271 1763 2308 1789 ut

1297 1821 1356 1843 nos
1376 1822 1618 1851 prosequamur
1633 1812 1860 1843 benivolentia
1875 1801 2031 1849 gratiosa.
2051 1813 2137 1843 Hinc
2155 1816 2204 1843 est
2220 1812 2308 1851 quod

1296 1875 1356 1895 nos
1373 1865 1494 1896 vestris
1507 1865 1806 1903 supplicationibus
1823 1865 1987 1901 inclinati,
2005 1865 2200 1896 auctoritate
2213 1865 2307 1896 vobis

1295 1917 1500 1955 presentium
1517 1917 1740 1955 indulgemus,
1755 1921 1790 1947 ut
1806 1926 1862 1947 vos
1879 1926 1938 1947 seu
1957 1918 2083 1955 priores
2100 1917 2307 1956 prioratuum

1295 1974 1404 1999 vestro
1425 1970 1627 1999 monasterio
1649 1970 1872 2009 subjectorum
1895 1974 1986 1999 ext-ra
2010 1974 2136 2000 vestras
2157 1970 2307 2000 dioceses

1296 2022 1383 2052 trahi
1399 2031 1464 2052 non
1485 2023 1621 2061 possitis
1639 2022 1673 2052 in
1692 2031 1825 2052 causam
1845 2031 1903 2060 per
1919 2022 2047 2052 litteras
2064 2022 2159 2053 Sedis
2175 2026 2307 2061 aposto-

1293 2075 1356 2105 lice
1372 2075 1424 2105 vel
1442 2075 1627 2113 legatorum
1642 2075 1760 2113 ipsius,
1779 2075 1847 2105 nisi
1863 2075 1958 2106 Sedis
1974 2075 2122 2114 ejusdem
2141 2074 2250 2106 littere
2266 2075 2305 2105 de

1293 2127 1514 2165 indulgentiis
1531 2127 1724 2166 hujusmodi
1744 2127 1875 2166 plenam
1901 2131 1932 2157 et
1955 2136 2145 2165 expressam
2164 2127 2306 2158 fecerint

1293 2180 1509 2210 mentionem.
1531 2180 1748 2211 Presentibus
1765 2184 1837 2219 post
1854 2180 2123 2218 quinquennium
2137 2184 2198 2210 etc.
2211 2179 2305 2210 Nulli

1294 2237 1355 2263 etc.
1373 2237 1485 2263 nostre
1499 2233 1725 2263 concessionis
1744 2237 1804 2263 etc.
1823 2233 1896 2262 Dat..
1916 2233 2080 2270 Anagnie,
2094 2233 2173 2263 XVI
2187 2232 2305 2263 kalen-

1293 2287 1351 2316 das
1368 2286 1513 2323 augusti,
1532 2295 1618 2316 anno
1635 2286 1752 2324 primo.
1773 2298 1785 2312 ›>

1361 2477 1450 2508 ⁴335
1850 2477 1976 2511 Anagni,
1996 2476 2135 2510 18jui11et
2151 2476 2230 2504 1255.

1325 2538 1440 2564 Eisdem
1458 2538 1588 2573 indulget
1604 2539 1765 2578 facultatem
1782 2539 1925 2565 novalium
1939 2538 2066 2565 decimas
2081 2535 2256 2574 percipiendi
2271 2538 2300 2565 in

1289 2587 1449 2622 parrochiis
1465 2595 1575 2614 eorum.
1592 2587 1676 2620 (Rea.
1693 2588 1737 2621 24,
1754 2595 1780 2614 c.
1799 2587 1873 2619 525³,
1891 2587 1910 2614 s.
1925 2588 1980 2620 75.)

1331 2701 1344 2715 «
1374 2689 1505 2717 Eisdem.
1539 2689 1668 2718 Meritis
1695 2693 1803 2719 vestre
1834 2688 2008 2726 religionis
2034 2687 2236 2723 inducimur,
2262 2691 2300 2717 ut

1288 2741 1488 2780 quamdigne
1505 2750 1680 2780 possumus
1696 2742 1790 2772 vobis
1803 2741 1947 2772 libenter
1963 2741 2104 2779 gratiam
2120 2740 2295 2771 faciamus.

1287 2794 1375 2824 Hinc
1398 2798 1448 2824 est
1471 2794 1558 2832 quod
1582 2803 1642 2824 nos
1662 2794 1782 2824 vestris
1803 2793 2103 2832 supplicationibus
2123 2792 2294 2828 inclinati,

1286 2847 1482 2877 auctoritate
1498 2847 1591 2877 vobis
1607 2847 1814 2885 presentium
1833 2846 2045 2883 indulgemus
2055 2842 2066 2881 ,¹
2080 2849 2114 2875 ut
2129 2845 2164 2874 in
2180 2852 2296 2883 parro-

1286 2899 1372 2930 chiis
1384 2899 1464 2935 illis,
1477 2899 1512 2928 in
1527 2899 1648 2938 quibus
1660 2903 1788 2930 veteres
1800 2899 1944 2930 decimas
1959 2898 2120 2928 hactenus
2131 2896 2295 2936 percepis-
