2498 3325
242 226 301 255 448
968 220 1208 250 REGISTRES
1230 219 1537 249 D'ALEXANDRE
1560 219 1616 248 IV.

244 289 486 329 episcopalibus
497 288 643 327 plenarie
654 287 891 326 respondeatis,
903 287 1009 316 eidem
1020 286 1058 316 110
1071 286 1249 315 subtractis

243 343 506 373 satisfactionem
524 342 588 371 sibi
609 342 752 370 debitam
771 340 955 378 impensuri
975 350 980 368 :
999 348 1112 378 preces
1130 343 1160 369 et
1177 348 1251 377 pre-

244 399 373 434 ceptum
400 398 548 424 nostrum
577 393 685 423 taliter
710 392 896 430 impleturi,
926 392 1012 430 qnod
1042 392 1250 421 devotionem

244 452 387 478 vestram
411 446 545 484 provide
574 455 638 475 non
663 445 830 475 immerito
857 445 1136 475 commendemus.
1159 444 1251 474 Alio-

244 500 325 538 quin
343 499 542 528 sententiam
559 507 657 536 quam
674 498 761 527 idem
780 498 842 527 rite
854 497 967 527 tulerit
984 497 1017 526 in
1036 497 1185 534 rebelles,
1202 507 1250 527 ra-

249 556 314 582 tani
335 551 531 581 habebimus
555 555 585 579 et
606 550 778 585 faciemus,
806 554 938 579 auctore
961 550 1117 585 Domino,
1145 559 1251 588 nsque

245 604 285 634 ad
305 614 311 633 ε
327 604 589 633 satisfactionem
603 603 801 639 condignam
816 602 1055 632 inviolabiliter
1068 603 1250 632 observari.

244 659 316 687 Dat.
336 657 504 694 Anagnie,
522 657 567 686 VI
584 656 658 686 idus
671 656 759 695 julii,
778 665 864 685 anno
880 655 1036 685 secundo.
1056 668 1068 682 n

316 837 334 864 Ι
343 837 432 864 454

277 897 435 924 Confirmat
447 898 619 924 sententiam
632 897 780 932 Stephani,
791 898 821 923 S.
836 897 942 924 Mariae
952 898 1160 924 Transtiberim
1171 906 1253 932 pres-

738 835 864 869 Anagni,
879 834 913 861 3υ
928 835 1082 861 novembre
1102 835 1178 862 1256.

241 947 337 981 byteri
347 946 510 976 cardinalis,
524 947 551 972 in
564 955 651 972 causa
660 955 732 980 quae
744 947 907 973 vertebatur
917 948 990 973 inter
1001 947 1251 981 archiepiscopum

242 995 489 1028 Burdegalensem
507 998 534 1020 et
548 995 704 1029 capitulum
720 995 749 1021 S.
763 995 897 1021 Andreae
914 995 1143 1029 Burdogalense3
1160 999 1252 1021 statu-

244 1047 400 1078 torumque
422 1044 653 1070 reformationem
671 1043 804 1077 ejusdem
824 1044 964 1070 ecclesiae
979 1044 1192 1075 confirmando,
1208 1053 1253 1071 re-

241 1092 298 1118 t‘ert
312 1092 346 1118 de
360 1092 446 1118 verbo
463 1092 496 1118 ad
510 1092 627 1118 verbum
641 1092 751 1118 litteras
767 1092 905 1126 Stephani
921 1093 1084 1127 cardinalis,
1102 1093 1253 1127 Anagniae

244 1139 332 1166 ΧΙΙΙο
354 1140 400 1166 1110
422 1140 487 1174 julii
514 1139 655 1166 MCCLVl
677 1140 769 1171 datas,
793 1144 821 1166 et
844 1141 997 1167 nonnullas
1016 1140 1178 1168 innocentii
1200 1141 1252 1175 IV,

244 1188 375 1222 Lugduni
390 1188 417 1214 ll
429 1196 520 1214 nonas
531 1188 630 1222 aprilis
642 1187 1196 1222 MCCXLVH,(ltm.‘24,f.103v,ann.
1213 1190 1252 1223 11,

239 1245 267 1264 c.
284 1236 360 1270 372.)

281 1350 296 1364 ιι
324 1361 357 1373 ..,
373 1339 600 1375 archiepiscopo
619 1338 847 1375 thrdeqalensi.
869 1338 951 1369 Cum
976 1348 994 1368 a
1013 1339 1108 1369 nobis
1131 1339 1255 1377 petitur

242 1390 465 1430 quodjustnm
477 1395 526 1420 est
544 1395 719 1429 etc.usque
733 1390 791 1420 ad:
807 1391 970 1421 effectum.
986 1392 1030 1421 Ex
1043 1396 1134 1430 parte
1148 1392 1254 1431 siqui-

242 1443 317 1474 dem
334 1448 405 1477 tua,
424 1443 487 1472 snit
504 1443 709 1481 propositum
725 1452 835 1473 corani
852 1444 963 1479 nobis,
982 1445 1084 1483 quod,
1103 1454 1178 1475 cum
1194 1446 1254 1475 du—

244 1496 322 1526 dum
338 1496 540 1526 venerabilis
556 1496 658 1526 frater
676 1500 788 1526 noster
808 1519 840 1531 ..,
859 1496 1130 1536 archiepiscopus
1150 1498 1254 1527 Auxi-

245 1552 341 1578 tanus
372 1549 509 1588 ejusque
541 1549 682 1586 college,
712 1549 907 1579 auctoritate
934 1550 1028 1580 Sedis
1059 1551 1253 1589 apostolice,

243 1601 498 1640 inquisitionem
515 1601 674 1631 fecissent
690 1601 725 1630 in
743 1602 996 1632 SanctiAndree
1014 1603 1255 1641 Bnrdegalensi

245 1653 387 1684 ccclesia
405 1653 605 1691 generalem,
624 1659 655 1684 et
673 1654 845 1684 nonnullis
864 1663 902 1684 ex
918 1656 1088 1686 canonicis
1111 1661 1141 1686 et
1158 1656 1256 1687 cleri-

248 1706 296 1736 cis
328 1706 475 1746 ejusdem
501 1706 640 1737 ecclesie
674 1716 776 1745 penas
808 1707 1064 1744 diversimodas,
1090 1713 1187 1748 prout
1218 1719 1256 1740 ex

244 1759 423 1788 commissa
437 1758 485 1788 eis
498 1759 694 1789 auctoritate
710 1763 872 1798 poterant,
886 1760 1098 1797 inflixi-ssent,
1115 1763 1255 1801 quedam

246 1814 370 1840 statuta
396 1811 432 1840 in
461 1811 534 1849 ipsa
559 1811 699 1841 ecelesia
724 1812 887 1848 faciendo,
917 1813 1048 1843 demum
1073 1815 1255 1853 capitulum

244 1864 352 1903 ipsius
369 1864 524 1900 ecclesie,
546 1869 733 1895 asserentes
750 1865 941 1904 hujusmodi
960 1875 1062 1904 penas
1082 1871 1112 1897 et
1132 1872 1256 1898 statuta

247 1925 321 1947 esse
343 1917 457 1955 gravia
475 1921 506 1946 et
525 1917 751 1956 importabilia
771 1922 802 1947 et
822 1918 909 1956 quod
931 1919 966 1948 in
990 1928 1104 1949 eorum
1122 1920 1257 1959 dispen-

246 1969 339 1999 dium
357 1969 593 2005 redundarent,
613 1970 797 2000 venerabili
813 1970 908 2000 fratri
924 1976 1036 2002 nostro
1052 1995 1085 2008 ..,
1104 1973 1255 2012 episcopo

247 2022 481 2057 Lascurrensi,
509 2022 549 2052 ab
575 2022 689 2052 eadem
714 2023 797 2053 Sede
819 2023 994 2054 obtinuere
1021 2025 1196 2062 committi,
1220 2031 1257 2057 ut

247 2073 353 2104 dictas
369 2083 471 2112 penas
488 2078 518 2104 et
537 2078 674 2111 statuta,
696 2079 793 2113 prout
809 2076 962 2114 expedire
982 2077 1119 2113 videret,
1143 2079 1256 2109 mode-

246 2127 315 2156 rari
330 2127 382 2157 vel
397 2127 552 2165 mitigare
567 2132 708 2158 curaret.

253 2221 258 2224 .
287 2179 327 2208 Ε1
343 2179 422 2218 quia
437 2179 525 2209 idem
545 2180 718 2219 episcopus
734 2181 846 2211 minus
864 2182 999 2220 provide
1022 2183 1056 2212 in
1078 2183 1139 2214 hac
1164 2189 1256 2223 parte

247 2232 421 2270 processit,
439 2236 485 2267 tu,
505 2233 654 2263 sentiens
671 2238 793 2263 statum
810 2234 916 2272 ipsius
931 2235 1070 2266 ecclesie
1086 2246 1143 2275 per
1157 2238 1256 2268 talem

248 2293 442 2322 processum
460 2285 608 2324 eJ'usdem
625 2286 770 2325 episcopi
786 2288 974 2326 perturbari
994 2298 1030 2319 ac
1048 2290 1088 2319 ob
1104 2290 1165 2321 1100
1186 2301 1256 2330 pre-

244 2337 368 2366 dictam
380 2338 498 2367 Sedem
511 2338 691 2376 appellans,
704 2339 789 2370 hone
802 2341 961 2371 memorie
973 2343 1139 2380 Egidium,
1154 2344 1256 2375 Sanc-

250 2393 359 2418 torum
375 2390 494 2420 Cosme
516 2395 547 2420 et
564 2392 718 2421 Damiani
740 2392 917 2422 diaconum
934 2395 1152 2431 cardinalem,
1171 2398 1257 2428 obti-

252 2442 357 2472 nuisti
388 2442 460 2472 dari
489 2443 529 2472 ab
562 2444 676 2474 eadem
711 2445 795 2475 Sede
829 2446 863 2475 in
897 2447 1089 2487 hujusmodi
1125 2452 1258 2489 negotio

252 2496 404 2534 partibus
424 2497 608 2527 auditorem
629 2508 635 2526 :
657 2499 729 2536 qui,
748 2499 896 2537 legitime
913 2501 948 2530 in
974 2502 1045 2541 ipso
1062 2505 1255 2542 procedens,

247 2548 415 2586 quandam
436 2549 679 2580 ordinationem
695 2552 815 2582 fecisse
832 2553 1018 2585 dinoscitur
1034 2556 1121 2587 inter
1133 2563 1256 2596 partes,

255 2610 319 2640 que
335 2602 544 2640 postmodum
560 2612 617 2641 per
633 2604 751 2634 Sedem
768 2607 904 2636 eandem
922 2609 1030 2640 extitit
1051 2617 1257 2643 consumata.

290 2653 365 2689 Sed,
384 2654 470 2684 dicto
487 2655 630 2692 capitulo
649 2662 818 2688 asserente
835 2668 869 2688 se
886 2669 943 2697 per
963 2661 1060 2691 talem
1076 2664 1259 2695 ordinatio-

253 2713 330 2735 nem
346 2706 491 2743 graviter
510 2716 582 2737 esse
600 2707 707 2738 lesum
724 2719 760 2740 ac
775 2714 906 2748 petente
926 2713 991 2743 sibi
1014 2715 1186 2746 subveniri
1202 2727 1260 2756 per

251 2757 452 2788 heneficium
465 2760 689 2791 restitutionis
701 2762 736 2791 in
752 2763 917 2801 integrum
933 2771 1046 2797 contra
1058 2768 1161 2805 illam,
1174 2770 1259 2801 bone

255 2811 415 2841 memorie
435 2812 480 2847 S„
501 2812 589 2842 tituli
608 2813 727 2844 Sancte
748 2815 852 2846 Mal-ie
872 2818 1112 2850 Transtiberim
1130 2823 1259 2860 presbi-

255 2866 306 2892 ter
329 2863 525 2900 cardinalis,
547 2865 678 2896 auditor
703 2876 801 2906 snper
829 2868 890 2900 hoc
922 2880 939 2900 a
970 2872 1053 2903 Sede
1081 2882 1259 2907 concessus

1333 284 1441 314 extitit
1458 288 1637 314 memorata
1658 294 1664 313 :
1683 285 1751 323 qui,
1763 284 1821 314 lite
1837 294 1946 314 coram
1964 294 2010 320 se,
2022 294 2080 323 per
2096 289 2342 323 procuratorem

1334 341 1426 366 tuum
1444 345 1542 374 super
1555 336 1667 366 libello
1685 345 1720 366 ex
1739 337 1845 375 ipsius
1861 337 1999 375 capituli
2015 342 2106 375 parte
2118 342 2278 376 porrecto,
2295 337 2341 368 le-

1334 389 1448 426 gitime
1467 393 1664 424 contestata,
1684 393 1713 419 et
1732 390 1771 420 de
1788 389 1926 420 veritate
1943 390 2081 420 dicenda
2104 390 2144 419 ab
2166 390 2343 429 utriusque

1334 441 1437 478 partis
1456 441 1726 478 procuratoribus
1747 441 1885 479 prestito
1902 442 2106 480 juramento,
2126 441 2223 472 factis
2242 441 2343 472 etiam

1334 493 1556 531 positionibus
1571 498 1601 523 et
1617 494 1891 531 responsionibus
1906 494 1946 523 ad
1962 494 2104 530 easdem,
2124 494 2248 524 auditis
2265 502 2343 533 quo-

1334 556 1397 585 que
1416 546 1666 583 gravaminibus
1685 556 1748 585 que
1767 551 1959 584 procurator
1975 547 2055 576 dicti
2071 547 2208 586 capituli
2226 555 2344 586 propo-

1335 600 1402 629 suit
1422 608 1520 637 snper
1537 599 1688 629 articulis
1710 600 1744 628 111
1763 599 1902 637 predicti
1919 600 2029 637 Egidii
2051 599 2231 630 cardinalis
2253 599 2344 630 ordi-

1334 652 1469 682 natione
1488 653 1664 687 contentis,
1679 653 1809 682 eosdem
1825 652 1982 682 articulos
1996 652 2174 690 diligenter
2185 652 2341 690 inspexit,

1335 715 1371 735 ac
1388 705 1531 739 demum,
1550 704 1663 734 habito
1680 705 1820 745 consilio
1836 705 1948 735 dilecti
1964 705 2026 734 filii
2043 705 2148 735 nostri
2162 706 2215 740 R.,
2231 703 2346 735 Sancti

1334 758 1465 795 Angeli,
1480 762 1511 787 et
1527 758 1610 788 bone
1626 758 1784 788 memorie
1801 758 1852 793 G.‚
1866 758 1979 788 Sancti
1996 757 2169 788 Eustachii
2187 757 2345 788 diacono-

1335 820 1408 841 rum
1431 810 1669 846 cardinalium,
1689 811 1745 849 qui
1768 820 1834 840 una
1855 820 1930 840 cum
1947 820 1984 841 eo
2003 805 2168 849 predictos
2185 809 2345 840 articulos

1335 869 1365 894 et
1391 865 1565 902 utriusque
1592 864 1694 902 partis
1720 864 1866 894 rationes
1889 864 2116 902 inspexerunt,
2137 868 2168 894 et
2191 873 2209 894 a
2233 863 2343 894 felicis

1334 917 1574 947 recordationis
1592 918 1617 947 Ι.
1636 926 1729 955 papa,
1748 917 1980 955 predecessore
1998 921 2122 951 nostro,
2141 916 2180 946 de
2197 924 2346 954 pronun-

1335 970 1452 999 ciando
1471 979 1569 1008 super
1585 969 1651 999 hiis
1668 973 1798 1008 recepto
1814 969 1979 1004 mandato,
1999 978 2073 999 cum
2084 969 2273 999 intenderet
2293 977 2346 999 su-

1334 1031 1392 1061 per
1406 1022 1562 1060 predictis
1579 1022 1733 1052 omnibus
1751 1022 2173 1056 sententialiterordinare,
2187 1021 2343 1057 diffinire,

1336 1075 1500 1105 moderari
1518 1084 1554 1105 ac
1576 1074 1754 1110 declarare,
1774 1079 1948 1113 postquam
1967 1083 2061 1104 suam
2083 1084 2182 1112 super
2207 1073 2270 1104 hoc
2291 1073 2346 1104 in-

1336 1128 1517 1158 tentionem
1537 1128 1642 1165 redigi
1660 1127 1738 1157 fecit
1754 1128 1788 1156 in
1806 1128 1951 1166 scriptis,
1969 1131 2148 1166 antequam
2162 1136 2262 1165 super
2276 1125 2346 1157 hiis

1336 1181 1584 1221 pronunciaret,
1601 1181 1748 1211 debitum
1765 1181 1875 1210 carnis
1892 1181 2042 1210 exsolvit.

1376 1236 1444 1265 Nos
1472 1239 1594 1269 autem,
1618 1234 1717 1264 finem
1742 1234 1868 1272 imponi
1886 1233 2002 1263 litibus
2027 1233 2208 1272 cupientes,
2229 1241 2270 1264 ne
2292 1241 2347 1264 re-

1336 1292 1485 1318 maneret
1504 1287 1695 1326 liujusmodi
1715 1287 1884 1324 negotium
1901 1286 2099 1321 indecisum,
2113 1287 2278 1324 prefatum
2290 1286 2344 1321 R„

1337 1340 1559 1376 cardinalem,
1586 1340 1673 1370 dicto
1699 1340 1749 1376 G„
1778 1339 1957 1374 cardinali,
1982 1339 2137 1369 duximus
2163 1339 2199 1368 in
2231 1338 2348 1369 eodem

1338 1394 1470 1431 negotio
1489 1393 1752 1430 subrogandum,
1770 1392 1966 1422 mandantes
1983 1391 2107 1427 eidem,
2129 1395 2165 1422 ut
2180 1391 2264 1421 illud
2279 1390 2348 1421 fine

1337 1447 1447 1477 debito
1465 1446 1669 1476 terminaret.
1692 1444 1968 1475 Procuratoribus
1984 1444 2086 1482 igitur
2103 1444 2168 1474 tuis
2188 1443 2348 1474 instanti-

1337 1500 1399 1530 bus
1425 1500 1510 1538 apud
1533 1508 1624 1534 eum,
1647 1503 1681 1528 nt
1703 1499 1738 1528 in
1762 1498 1894 1536 negotio
1917 1498 1989 1536 ipso
2013 1497 2220 1536 procederet,
2238 1497 2347 1528 dictus

1338 1555 1378 1584 R.
1396 1552 1576 1583 cardinalis
1592 1551 1731 1590 proponi
1747 1551 1825 1581 fecit
1840 1551 1876 1580 in
1893 1550 2064 1580 audientia
2080 1549 2224 1588 publica,
2244 1553 2281 1580 ut
2297 1552 2349 1580 est.

1338 1607 1452 1642 moris,
1466 1605 1564 1646 quod,
1581 1605 1609 1634 si
1626 1608 1714 1635 esset
1729 1604 1852 1643 aliquis
1869 1603 2018 1642 ejusdem
2035 1602 2173 1641 capituli
2190 1611 2348 1641 procura-

1339 1665 1388 1690 tor
1406 1659 1492 1698 apud
1509 1659 1626 1689 Sedem
1643 1657 1781 1688 eandem
1797 1656 1838 1686 ad
1855 1655 2122 1695 prosequendum
2142 1655 2267 1685 dictum
2287 1663 2347 1686 ne-

1339 1714 1476 1751 gotium,
1498 1712 1569 1751 ejus
1587 1720 1621 1741 se
1640 1710 1831 1748 conspectui
1849 1713 2056 1748 presentaret
2074 1719 2080 1737 z
2104 1712 2237 1747 propter
2259 1707 2348 1747 quod

1337 1766 1520 1800 Johannes,
1545 1765 1654 1794 dictus
1676 1763 1901 1796 Christianus,
1927 1762 2129 1792 substitutus
2153 1763 2348 1800 procurator

1338 1820 1373 1849 in
1395 1819 1466 1857 ipso
1490 1818 1621 1855 negotio
1643 1817 1682 1846 ab
1699 1818 1739 1846 R.
1758 1816 1797 1846 de
1813 1815 1923 1845 Trenh
1942 1819 1973 1844 et
1992 1814 2152 1852 magistro
2172 1815 2208 1844 P.
2225 1813 2264 1844 de
2283 1814 2348 1844 Po-

1338 1873 1401 1908 dio,
1430 1870 1700 1910 procuratoribus
1724 1868 1860 1907 capituli
1883 1867 2075 1906 supradicti,
2102 1867 2160 1906 qui
2182 1875 2250 1897 una
2271 1874 2348 1897 cum

1338 1926 1405 1955 tuis
1427 1923 1698 1963 procuratoribus
1723 1922 1757 1951 in
1781 1921 1838 1951 illo
1858 1919 2089 1951 concluserant
2114 1923 2146 1950 et
2166 1919 2344 1958 petierant,

1339 1988 1413 2009 011111
1432 1979 1501 2017 J‘am
1524 1977 1562 2006 de
1582 1977 1657 2016 jure
1676 1975 1854 2013 allegatum
1876 1978 1974 2009 esset,
1999 1972 2172 2003 hincinde
2194 1971 2348 2002 diffiniti-

1338 2041 1413 2062 vam
1430 2031 1631 2062 sententiam
1649 2028 1863 2068 promulgari,
1882 2027 2067 2066 comparuit
2082 2035 2193 2056 coram
2209 2035 2258 2056 eo.

1380 2083 1655 2116 Procuratoribus
1667 2083 1779 2121 itaque
1793 2081 1858 2111 tuis
1873 2085 1903 2111 et
1916 2080 2062 2119 predicto
2071 2079 2225 2110 Johanne
2235 2078 2348 2110 Chris-

1338 2139 1429 2169 tiano
1446 2138 1480 2167 in
1496 2137 1603 2175 ipsius
1619 2135 1787 2174 presentia
1802 2133 2006 2168 constitutis,
2023 2132 2112 2163 idem
2125 2133 2176 2168 R„
2193 2131 2349 2162 cardina-

1338 2192 1392 2227 lis,
1413 2190 1574 2220 discussis
1597 2188 1751 2218 omnibns
1774 2187 1952 2224 diligenter
1973 2194 2036 2224 que
2058 2194 2167 2215 coram
2188 2183 2348 2223 predictis

1339 2245 1378 2275 G.
1399 2248 1429 2274 et
1446 2244 1477 2273 S.
1497 2241 1722 2272 cardinalibus
1739 2243 1811 2270 acta
1827 2240 1970 2273 fuerant,
1989 2247 2026 2268 ac
2040 2237 2137 2276 plene
2155 2237 2301 2276 perlecta
2315 2240 2349 2267 et.

1338 2295 1451 2334 agnita
1467 2293 1652 2324 intentione
1669 2302 1768 2330 super
1783 2291 1850 2321 hiis
1866 2291 1972 2329 ipsius
1989 2290 2021 2320 S.
2040 2288 2231 2324 cardinalis,
2247 2296 2348 2327 quam

1337 2349 1405 2388 jam
1436 2350 1641 2385 expresserat
1669 2354 1726 2384 per
1763 2344 1976 2382 scripturam,
2017 2342 2201 2372 secundum
2238 2340 2348 2380 ipsius

1340 2402 1503 2439 scripture
1525 2404 1687 2433 tenorem,
1709 2407 1807 2436 super
1830 2396 2003 2435 premissis
2027 2393 2272 2424 sententialiter
2292 2401 2348 2423 or-

1340 2454 1478 2489 dinavit,
1490 2457 1639 2483 statuens
1656 2455 1686 2481 et
1703 2451 1884 2480 decernens
1896 2447 2141 2478 ordinationem
2156 2444 2348 2485 hujusmodi

1339 2511 1497 2546 perpetuo
1514 2503 1754 2535 inviolabiliter
1769 2501 2025 2536 observandam,
2046 2503 2142 2538 prout
2163 2499 2198 2528 in
2219 2498 2346 2528 instru-

1340 2564 1450 2590 mento
1471 2558 1603 2597 publico
1625 2557 1771 2596 ejusdem
1794 2557 1834 2586 R.
1858 2553 2038 2585 cardinalis
2063 2552 2174 2590 sigillo
2196 2551 2342 2589 signato,

1341 2614 1490 2644 confecto
1516 2611 1644 2646 exinde,
1668 2609 1799 2648 plenius
1818 2608 2019 2638 continetur.
2044 2606 2113 2636 Nos
2135 2605 2249 2643 igitur,
2278 2603 2345 2634 tuis

1340 2664 1639 2704 supplicationibus
1656 2661 1820 2696 inclinati,
1839 2660 1926 2699 quod
1940 2659 1980 2689 ab
1997 2658 2111 2688 eodem
2127 2658 2166 2687 R.
2183 2655 2347 2686 cardinali

1341 2727 1440 2756 super
1457 2716 1525 2746 hiis
1541 2717 1665 2746 sactum
1682 2718 1742 2750 est,
1755 2718 1863 2744 ratum
1880 2712 2051 2745 habent-es,
2066 2710 2111 2745 id,
2125 2708 2346 2740 nonobstante

1342 2771 1561 2810 appellatione
1578 2779 1595 2799 a
1613 2773 1824 2807 procuratore
1841 2765 1979 2805 predicti
1997 2763 2135 2802 capituli
2154 2762 2196 2792 ad
2216 2770 2275 2791 nos
2291 2760 2346 2790 in-

1343 2824 1511 2863 terposita,
1534 2822 1730 2853 auctoritate
1751 2819 1931 2858 apostolica
1957 2817 2191 2848 confirmamus
2216 2818 2248 2844 et
2267 2821 2344 2852 pre-

1342 2877 1447 2908 sentis
1464 2875 1578 2914 scripti
1600 2873 1784 2913 patrocinio
1806 2870 2062 2902 communimus.
2085 2869 2246 2898 Tenorem
2269 2873 2346 2904 pre—
