2498 3325
256 243 314 272 214
982 240 1222 273 REGISTRES
1243 239 1550 270 D’ALEXANDRE
1573 241 1629 270 IV.

329 307 417 337 ‘2¹0

293 376 445 404 Universis
472 377 600 403 eremitis
627 377 738 404 ordinis
760 385 784 404 s.
810 377 970 412 Augustini
992 377 1136 411 indulget,
1163 380 1194 403 ut
1214 385 1266 403 ne-

256 429 363 462 queant
378 433 466 460 super
482 425 626 460 aliquibus
650 426 774 460 negotiis
797 434 848 461 per
865 426 1040 461 apostolicae
1056 425 1141 452 Sedis
1156 425 1266 452 litteras

257 474 404 502 conveniri
420 482 492 509 quae
506 474 541 500 de
561 474 660 500 ordine
676 482 776 501 eorum
794 474 950 510 specialem
969 482 1025 501 non
1045 474 1165 501 feceriut
1184 482 1266 500 men-

257 523 376 550 tionem.
396 522 477 553 (Rse.
495 522 526 550 24
537 545 543 555 ,
560 531 586 549 c.
603 523 653 550 567
665 545 672 557 ,
688 523 708 551 f.
725 522 782 556 85.)

841 308 966 343 Anagni,
985 307 1016 335 13
1030 309 1098 334 aout
1116 307 1194 335 1255.

299 650 313 664 ιι
332 637 472 667 Generali
486 643 512 666 et
530 638 684 667 universis
693 638 852 676 prioribus
868 643 958 675 atque
971 639 1123 675 fratribus
1139 639 1267 668 heremi-

259 695 378 724 tarum,
394 689 515 719 ordinis
529 691 630 719 sancti
644 691 821 727 Augustini.
847 689 944 720 Pacis
961 693 1070 720 vestre
1089 693 1266 729 querentes

258 759 306 771 —.
324 742 408 772 Cum
428 741 531 779 igitur
548 742 602 771 vix
621 742 775 772 credatur
791 743 831 772 ab
847 742 915 773 hiis
933 743 991 781 qui
1007 748 1121 773 contra
1136 752 1193 773 vos
1211 743 1267 773 lit-

259 799 345 825 teras
372 794 551 832 impetrant
582 795 703 825 vestris
739 795 867 825 ordinis
894 795 1002 826 titulis
1034 796 1107 826 sine
1133 795 1267 826 malicia

259 847 429 882 subticeri,
447 856 507 877 nos
526 851 557 877 et
572 847 706 878 illorum
730 848 864 878 obviare
884 848 1057 879 fraudibus
1074 853 1105 879 et
1123 853 1267 879 vestram

259 899 485 930 innocentiam
504 899 732 930 favorabiliter
748 901 923 931 confovere
939 900 1102 936 volentes,
1123 901 1268 931 auctori-

260 956 324 982 tate
348 952 443 981 vobis
459 952 666 990 presentium
689 952 920 991 indulgemus,
939 957 976 983 ut
998 954 1172 992 nequeatis
1191 954 1268 983 uni-

258 1005 433 1036 versaliter
451 1014 511 1035 seu
527 1005 745 1043 singulariter
761 1015 860 1044 super
870 1006 1039 1045 aliquibus
1050 1007 1199 1045 negociis
1209 1016 1268 1046 per

259 1057 436 1096 apostolice
453 1058 547 1088 Sedis
571 1058 700 1089 litteras
719 1059 906 1095 conveniri,
925 1068 988 1098 que
1004 1060 1043 1090 de
1062 1060 1178 1090 ordine
1194 1069 1268 1091 ves-

261 1115 308 1141 tro
325 1111 503 1149 specialem
519 1120 584 1142 non
598 1112 739 1142 fecerint
755 1112 970 1142 mentionem.
988 1112 1081 1142 Nulli
1105 1116 1166 1143 etc.
1190 1121 1268 1143 nos—

261 1168 308 1193 tre
335 1164 561 1194 concessionis
589 1169 650 1194 etc.
678 1165 752 1194 Dat.
779 1164 951 1202 Anagnie,
980 1164 1091 1195 idibus
1121 1165 1266 1202 augusti,

260 1224 346 1245 anno
361 1215 478 1254 primo.
501 1228 514 1242 n

330 1413 381 1441 ’21
394 1413 413 1440 Ι
816 1413 942 1448 Anagni‚
960 1413 993 1441 28
1005 1414 1100 1448 juillet
1116 1414 1195 1442 1255.

294 1482 446 1509 Dominico
463 1481 540 1508 Petri
555 1482 720 1518 dispensat,
739 1486 783 1517 ut,
802 1486 914 1515 praeter
933 1483 1120 1510 canonicatus
1141 1483 1268 1511 Bracha-

259 1539 372 1558 rensem
390 1534 418 1557 et
433 1530 677 1565 Ulixbonensem,
696 1531 753 1558 duo
769 1532 909 1559 beneficia
924 1541 1023 1559 curam
1039 1533 1198 1559 animarum
1215 1533 1268 1559 ha-

259 1580 354 1606 bentia
369 1579 457 1606 libere
474 1580 602 1614 recipere
617 1583 646 1607 et
662 1581 784 1607 retinere
800 1581 901 1612 valeat,
920 1589 976 1607 non
991 1581 1175 1608 obstantibus
1186 1590 1268 1609 cons-

258 1629 442 1656 titutionibus
463 1629 606 1663 generalis
626 1629 741 1656 concilii
762 1633 788 1656 et
812 1630 903 1656 bonae
927 1630 1081 1657 memoriae
1098 1630 1267 1658 Sabinensis

257 1677 400 1712 episcopi,
417 1681 486 1704 tunc
501 1678 529 1704 in
545 1678 675 1712 partibus
691 1678 748 1705 illis
764 1679 939 1713 apostolicae
955 1679 1040 1706 Sedis
1060 1680 1160 1714 legati,
1178 1688 1268 1715 super

257 1726 312 1753 hoc
326 1726 422 1753 editis.
439 1726 522 1759 (Rau.
543 1726 587 1757 24,
605 1734 631 1754 c.
649 1727 715 1758 568,
732 1727 752 1754 f.
769 1727 823 1761 85.)

298 1853 310 1867 «
328 1841 486 1872 Domi-nico
502 1842 599 1873 Petri,
620 1843 768 1872 canonico
786 1843 990 1872 Bracltarensi
1006 1849 1032 1873 et
1058 1844 1263 1880 Ulioeborzensi,

256 1895 356 1931 nepoti
369 1894 472 1924 dilecti
483 1894 545 1931 filii
557 1895 698 1930 Martini,
710 1896 828 1932 prioris
847 1896 1097 1930 Wimaranensis,
1113 1898 1266 1934 capellani

257 1947 363 1975 nostri.
382 1946 427 1976 Eo
443 1945 505 1975 tibi
523 1945 684 1977 libentius
706 1964 755 1976 —-.
778 1948 853 1977 Dat.
874 1948 1041 1986 Anagnie,
1062 1949 1090 1979 V
1105 1948 1265 1979 kalendas

255 1999 399 2036 augusti,
418 2007 504 2028 anno
521 1999 637 2037 primo.
659 2012 673 2026 »

325 2197 410 2227 '212
812 2199 940 2236 Anagni‚
956 2199 989 2226 ‘28
1004 2200 1097 2234 juillet
1115 2201 1191 2228 1‘255.

287 2264 413 2291 Johanni
431 2265 565 2292 Roderici
589 2266 754 2301 dispensat,
772 2270 818 2299 ut,
837 2271 950 2302 praeter
965 2269 1114 2295 canoniam
1137 2269 1263 2297 Bracha-

253 2321 366 2340 rensem
383 2318 411 2340 et
427 2314 579 2341 rectoriam
596 2315 736 2342 ecclesiae
751 2315 786 2342 de
801 2315 922 2347 Nautes,
936 2317 1053 2343 unicum
1065 2318 1141 2344 aliud
1156 2318 1264 2345 benefi-

253 2362 330 2388 cium
342 2370 439 2389 curam
452 2363 610 2390 animarum
623 2363 733 2390 habens
745 2364 872 2399 recipere
884 2365 985 2391 valeat.
998 2365 1081 2398 (Rae.
1094 2366 1138 2398 2³4,
1148 2375 1174 2394 c.
1187 2367 1260 2400 568²,

253 2410 273 2436 f.
289 2410 344 2444 85.)

294 2536 307 2551 (ι
327 2525 464 2554 Johamzi
479 2525 627 2561 Roderici,
645 2527 793 2556 canonico
810 2527 1024 2563 Brachmerzsi,
1043 2530 1154 2558 rectori
1171 2531 1262 2559 eccle-

251 2577 294 2606 sie
311 2577 344 2606 de
360 2578 482 2613 Names,
499 2579 718 2608 Bracharensis
736 2579 870 2608 diocesis.
888 2580 964 2610 Vite
980 2580 1159 2612 laudabilis
1178 2586 1209 2612 et
1224 2599 1263 2603 —

252 2629 363 2660 valeas
381 2634 441 2660 etc.
457 2634 494 2660 ut
509 2630 544 2659 in
561 2630 626 2661 alia
641 2639 748 2670 usque
764 2631 799 2660 in
817 2631 929 2662 finem.
948 2644 960 2659 »

322 2825 409 2854 ¹2¹3
799 2827 925 2862 Anagni,
946 2829 980 2856 28
995 2829 1090 2863 juillet
1109 2830 1187 2857 1255.

286 2894 432 2921 Gunsalvo
449 2893 574 2921 Gometii
590 2895 749 2930 dispensat,
768 2899 808 2930 ut,
826 2899 938 2931 praeter
954 2898 1104 2925 canoniam
1118 2898 1260 2934 Compos-

1349 305 1495 336 tellanam,
1521 305 1578 332 duo
1604 306 1742 333 beneficia
1764 315 1863 333 curam
1888 306 2050 333 animarum
2075 306 2208 333 babentia
2229 306 2356 342 recipere

1347 356 1448 382 valeat.
1467 356 1550 389 (Rau.
1567 356 1611 389 24,
1628 365 1654 383 c.
1672 357 1747 389 5680,
1764 357 1782 383 f.
1799 356 1854 391 85.)

1392 482 1404 495 <<
1424 470 1576 499 Gunsalvo
1593 470 1737 505 Gometii,
1760 472 1908 500 canonico
1926 471 2173 509 Compostellano.
2195 471 2259 508 Qui
2281 479 2356 510 pro-

1349 523 1420 561 prie
1446 522 1622 561 probitatis
1646 540 1685 545 -—
1705 523 1864 554 canonice
1891 528 1952 554 etc.
1978 528 2015 554 ut
2040 524 2076 554 in
2103 523 2170 554 alia
2192 533 2298 563 usque
2320 523 2355 554 in

1349 575 1461 605 finem.
1484 588 1496 602 n

1420 774 1510 802 ¹⁷¹4

1387 841 1517 869 Fratrum
1536 842 1571 869 de
1588 842 1766 869 Poenitentia
1780 842 1851 869 Jesu
1873 841 1980 868 Christi
1996 842 2024 868 in
2045 841 2195 869 Provincia
2213 842 2358 869 constitu-

1349 894 1441 917 torum
1459 894 1575 924 statuta,
1592 892 1795 926 possessiones
1812 891 2016 926 libertatesque
2031 890 2181 917 confirmat
2195 891 2356 926 privilegio.

1352 940 1435 972 (Rau.
1451 940 1500 972 ⁴24,
1515 948 1540 966 c.
1559 940 1620 974 569,
1638 940 1657 966 t’.
1674 940 1727 972 85.)

1931 773 2057 808 Anagni,
2074 773 2107 801 ‘20
2123 774 2191 800 aaut
2207 773 2285 802 1255,

1392 1067 1404 1080 α
1425 1054 1575 1089 θεηεναίί,
1591 1056 1700 1084 rectori
1711 1055 1896 1091 etfratribus
1909 1054 1942 1084 de
1957 1055 2131 1084 Pestilentia
2141 1055 2232 1084 Jhesu
2243 1054 2359 1084 Christi

1352 1109 1384 1137 in
1403 1108 1568 1137 Provincia
1581 1108 1764 1143 constitutis,
1784 1112 1846 1137 tam
1857 1108 2046 1146 presentibus
2062 1117 2155 1145 quam
2169 1108 2299 1144 futuris,
2314 1116 2358 1136 re-

1349 1161 1489 1198 yuiarem
1507 1161 1600 1189 vitam
1616 1161 1758 1197 professis
1774 1161 1808 1189 in
1824 1165 2016 1198 perpetuum.
2035 1159 2240 1198 Religiosam
2256 1159 2359 1190 vitam

1351 1216 1412 1242 etc.
1441 1221 1547 1250 usque
1574 1222 1579 1240 :
1607 1212 1778 1250 infringat.
1805 1213 1996 1250 Eapropter,
2019 1212 2131 1242 dilecti
2154 1212 2190 1242 in
2216 1212 2359 1243 Domino

1350 1264 1423 1300 filii,
1436 1265 1556 1294 vestris
1566 1265 1667 1303 justis
1680 1265 1958 1303 postulationibus
1972 1265 2152 1295 clementer
2164 1265 2356 1302 annuimus,

1351 1321 1381 1347 et
1397 1317 1510 1347 domos
1525 1322 1664 1352 vestras,
1682 1317 1851 1356 inquibus
1868 1317 1980 1347 divino
1996 1318 2077 1348 estis
2093 1317 2253 1356 obsequio
2268 1327 2359 1348 man-

1350 1369 1466 1408 cipati,
1492 1370 1552 1400 suh
1572 1370 1665 1400 Beati
1689 1370 1779 1400 Petri
1804 1374 1835 1400 et
1858 1374 1971 1400 nostra
1991 1370 2196 1408 protectione
2216 1370 2359 1409 suscipi-

1350 1431 1434 1458 mus,
1455 1426 1515 1452 etc.
1536 1431 1642 1461 usque
1669 1433 1675 1451 :
1702 1423 1956 1453 communimus.
1986 1424 2024 1452 In
2049 1423 2167 1461 primis
2193 1423 2360 1462 siquidem

1350 1479 1545 1510 statuentes,
1564 1479 1599 1504 ut
1614 1475 1692 1505 ordo
1713 1475 1909 1510 canonicus,
1932 1475 1990 1514 qui
2006 1476 2188 1506 secundum
2203 1476 2310 1506 Deum
2328 1479 2360 1506 et

1348 1528 1437 1558 beati
1456 1528 1638 1565 Augustini
1660 1527 1809 1566 regulam
1835 1528 1870 1557 in
1893 1528 2046 1558 domibus
2064 1528 2147 1566 ipsis
2163 1528 2359 1558 auctoritate

1350 1581 1529 1619 apostolica
1545 1581 1719 1611 institutus
1741 1590 1814 1611 esse
1830 1581 2025 1617 dinoscitur,
2051 1582 2220 1620 perpetuis
2234 1581 2360 1612 ibidem

1349 1634 1553 1672 temporibus
1580 1633 1821 1664 inviolabiliter
1846 1634 2052 1664 observetur.
2077 1635 2233 1665 Preterea
2259 1642 2360 1673 quase

1349 1696 1490 1725 cumque
1506 1687 1752 1725 possessiones,
1771 1696 1979 1726 quecumque
2000 1687 2086 1717 bona
2108 1687 2223 1718 eadem
2243 1687 2360 1717 domus

1348 1739 1631 1777 inpresentiarum
1643 1739 1732 1778 juste
1745 1748 1780 1769 ac
1797 1740 1955 1770 canonice
1968 1740 2139 1778 possident
2155 1739 2259 1770 autin
2271 1740 2359 1770 futu-

1350 1801 1423 1822 rum
1458 1792 1671 1822 concessione
1704 1792 1918 1830 pontificum,
1951 1792 2129 1830 largitione
2162 1801 2278 1830 regum
2306 1791 2359 1822 vel

1347 1844 1546 1882 principum,
1570 1844 1736 1874 oblatione
1758 1845 1907 1874 fidelium
1930 1854 1989 1875 seu
2011 1845 2087 1875 aliis
2106 1845 2208 1884 justis
2230 1844 2356 1879 modis,

1346 1901 1514 1935 prestante
1531 1897 1683 1932 Domino,
1699 1897 1818 1936 poterit
1835 1897 1985 1935 adipisci,
2003 1898 2099 1927 firma
2115 1897 2208 1928 vobis
2225 1897 2358 1928 vestris-

1348 1958 1411 1988 que
1423 1950 1672 1979 successorihus
1689 1954 1719 1979 et
1731 1949 1859 1979 illibata
1870 1954 2098 1988 permaneant.
2114 1951 2152 1980 In
2164 1950 2286 1989 quibus
2298 1950 2359 1980 hec

1346 2002 1489 2040 propriis
1515 2002 1669 2032 duximus
1693 2003 1906 2041 exprimenda
1931 2003 2101 2032 vocabulis
2128 2003 2200 2033 loca
2223 2003 2295 2041 ipsa
2322 2003 2358 2032 in

1346 2055 1468 2094 quibus
1484 2056 1610 2093 prefate
1626 2055 1742 2085 domus
1757 2055 1819 2085 site
1831 2060 1919 2089 sunt,
1938 2064 2011 2085 cum
2024 2055 2179 2085 omnibus
2191 2055 2358 2094 pertinen-

1346 2108 1402 2138 tiis
1419 2108 1500 2137 suis.
1520 2108 1632 2137 Liceat
1651 2117 1781 2146 quoque
1796 2108 1889 2137 vobis
1903 2108 2040 2138 clericos
2053 2108 2106 2138 vel
2119 2108 2221 2138 laicos
2234 2108 2358 2138 liberos

1305 2175 1307 2185 1
1347 2165 1377 2190 et
1396 2160 1575 2196 absolutos,
1597 2170 1613 2190 e
1629 2160 1740 2190 seculo
1759 2161 1926 2198 fugientes
1939 2162 1979 2191 ad
1991 2162 2253 2195 conversionem,
2269 2161 2355 2192 reci-

1345 2222 1422 2251 pere
1455 2219 1486 2244 et
1515 2222 1570 2243 eos
1602 2214 1726 2252 absque
1763 2214 2025 2244 contradictione
2056 2214 2169 2253 aliqua
2198 2214 2355 2244 retinere.

1346 2266 1567 2296 Prohibemus
1584 2266 1732 2304 insuper,
1750 2270 1785 2296 ut
1809 2266 1893 2296 nulli
1915 2267 2057 2296 fratrum
2079 2271 2263 2296 vestrorum
2284 2269 2357 2304 post

1345 2318 1467 2347 factam
1479 2318 1513 2347 in
1525 2318 1678 2348 domibus
1690 2319 1809 2348 vestris
1823 2319 2064 2357 professionem
2075 2320 2126 2349 ias
2138 2319 2192 2355 sit,
2206 2319 2279 2348 sine
2289 2326 2356 2348 rec-

1345 2370 1427 2400 toris
1446 2371 1498 2400 sui
1514 2370 1660 2405 licentia,
1675 2371 1713 2401 de
1728 2371 1853 2401 eisdem
1864 2371 1945 2401 locis
1958 2372 2024 2402 nisi
2037 2371 2170 2402 artioris
2182 2371 2356 2409 religionis

1345 2423 1482 2453 obtentu
1500 2423 1680 2453 discedere.
1704 2424 1937 2454 Discedentem
1961 2433 2048 2460 vero,
2067 2424 2192 2463 absque
2209 2433 2356 2454 commu-

1344 2475 1437 2505 nium
1454 2475 1641 2505 litterarum
1658 2480 1842 2506 vestrarum
1859 2477 2023 2512 cautione,
2042 2477 2155 2507 nullus
2169 2477 2287 2507 audeat
2302 2485 2356 2506 re-

1344 2528 1462 2558 tinere.
1485 2528 1568 2558 Cum
1591 2533 1702 2558 autem
1720 2529 1874 2566 generale
1897 2530 2114 2560 interdictum
2136 2534 2223 2560 terre
2238 2529 2352 2564 fuerit,

1342 2580 1441 2610 liceat
1457 2580 1567 2615 vobis,
1595 2580 1718 2611 clausis
1737 2582 1868 2620 januis,
1891 2582 2185 2612 excommunicatis
2201 2586 2232 2612 et
2248 2582 2354 2612 inter-

1343 2632 1440 2662 dictis
1455 2632 1609 2668 exclusis,
1628 2643 1692 2663 non
1710 2634 1850 2672 pulsatis
1867 2635 2049 2673 campanis,
2068 2643 2246 2673 suppressa
2262 2643 2351 2670 voce,

1343 2685 1457 2715 divina
1473 2686 1579 2716 officia
1597 2687 1774 2723 celebrare,
1793 2688 1969 2718 dummodo
1988 2696 2123 2718 causam
2139 2696 2204 2717 non
2221 2687 2353 2717 debere-

1342 2737 1386 2767 tis
1402 2738 1589 2769 interdicto.
1608 2740 1726 2770 Oleum
1742 2749 1818 2770 vero
1835 2745 2004 2775 sanctum,
2022 2739 2288 2770 consecrationes
2304 2738 2352 2769 al-

1342 2791 1465 2820 tarium
1482 2800 1539 2821 seu
1556 2791 1781 2829 basilicarum,
1795 2793 2022 2824 ordinationes
2034 2793 2229 2824 clericorum
2241 2792 2298 2831 qui
2311 2792 2352 2822 ad

1342 2843 1475 2874 ordines
1506 2845 1631 2874 fuerint
1658 2847 1883 2884 promovendi,
1915 2856 1931 2876 a
1958 2847 2133 2877 diocesano
2161 2845 2350 2884 suscipietis

1343 2896 1507 2935 episcopo,
1526 2897 1554 2927 si
1566 2898 1699 2936 quidem
1711 2899 1894 2930 catholicus
1907 2899 2010 2930 fuerit
2025 2903 2057 2930 et
2070 2899 2210 2937 gratiam
2224 2902 2255 2928 et
2266 2906 2351 2928 eom-
