2441 3330
198 191 237 222 48
925 189 1166 221 REGISTRES
1187 188 1495 219 D’ALEXANDRE
1517 189 1571 220 IV.

199 257 313 292 gentiae
343 255 511 290 huJ'usmodi
537 255 649 290 plenam
679 256 800 283 fecerint
829 256 1014 284 mentionem.
1044 255 1132 292 (Rae.
1160 255 1205 286 24,

199 312 226 332 c.
243 304 303 338 16¹,
320 304 339 330 f.
359 303 425 336 19¹.)

240 416 254 431 α
274 405 328 439 W.,
346 406 480 443 episcopo
494 405 723 435 Saresbiriensi.
739 405 807 436 Tue
817 405 947 436 meritis
957 405 1143 436 devotionis
1153 422 1204 434 —.

198 457 272 487 Dat.
289 456 440 494 Neapoli,
459 456 570 488 idibus
586 457 759 493 februarii,
775 466 861 488 anno
873 457 991 496 primo.
1010 470 1024 484 ι)

271 648 356 676 ¹82
753 649 872 684 Naples,
887 650 921 677 25
936 650 1040 677 sevrier
1055 649 1134 678 ¹255.

234 708 278 740 P„
302 710 482 744 patriarchae
503 710 832 746 Constantinopolitano,
854 711 1005 746 legationis
1026 712 1150 739 officium
1176 713 1205 739 in

198 755 325 792 Imperio
340 757 656 793 Constantinopolitano
667 759 827 786 confirmat.
839 759 923 793 (Rae.
934 759 979 793 24,
991 768 1017 787 c.
1033 760 1092 791 162,
1105 760 1124 786 f.
1139 761 1206 794 ΙΨ.)

241 870 254 885 «
279 859 326 894 P.‚
350 861 530 897 patriarche
556 860 909 898 Constantinopolitano,
938 863 1098 900 apostolice
1122 863 1207 892 Sedis

199 912 305 949 legato.
333 912 465 942 Inducti
496 913 700 943 sinceritatis
729 917 784 943 tue
810 914 940 944 meritis
969 918 1006 944 ut
1031 923 1208 952 personam

198 967 290 993 tuam
313 964 467 1002 specialis
486 965 623 995 honoris
644 970 673 995 et
695 966 801 1003 gratia
820 975 1071 1005 prosequamur,
1090 967 1151 996 tibi
1167 967 1208 997 ad

197 1016 305 1046 instar
317 1017 426 1047 felicis
443 1018 680 1048 recordationis
697 1019 723 1048 I.
743 1027 824 1057 pape
839 1019 1084 1056 predecessoris
1102 1020 1208 1049 nostri

197 1067 335 1107 plenum
353 1069 531 1107 legationis
549 1070 693 1100 officium
715 1071 750 1100 in
771 1072 914 1109 Imperio
933 1071 1208 1111 Constantinopo-

196 1119 303 1150 litano
325 1127 356 1152 et
378 1122 413 1151 in
436 1123 582 1152 exercitu
599 1122 790 1153 Christiano
809 1132 868 1161 pro
888 1123 1038 1153 subsidio
1060 1124 1208 1163 ejusdem

197 1173 332 1211 imperii
354 1174 555 1213 ubicumque
574 1175 609 1204 in
630 1175 745 1205 eodem
764 1175 904 1213 imperio
925 1176 1031 1206 fueris
1053 1176 1208 1207 duximus

198 1226 482 1256 committendum.
500 1228 667 1264 Rogamus
682 1227 794 1266 itaque
810 1228 1053 1259 fraternitatem
1071 1234 1162 1259 tuam
1178 1235 1210 1260 et

197 1277 370 1308 hortamur
401 1278 437 1308 in
470 1279 611 1309 Domino
640 1279 747 1310 Jhesu
775 1280 909 1311 Christo
937 1290 996 1319 per
1029 1282 1208 1320 apostolica

199 1331 321 1368 scripta
337 1331 549 1367 mandantes,
574 1332 732 1370 quatinus
754 1332 865 1371 ipsum
882 1333 976 1372 juxta
995 1334 1089 1364 illam
1109 1344 1209 1374 quam

198 1382 237 1413 de
254 1387 310 1413 tua
328 1384 474 1421 gerimus
491 1384 785 1423 circumspectione
801 1385 957 1416 fiduciam
973 1390 1003 1417 et
1025 1388 1209 1418 secundum

197 1437 304 1466 Deum
320 1437 534 1468 laudabiliter
549 1438 682 1468 studeas
695 1447 858 1469 exercere.
876 1440 925 1469 Ita
939 1444 1049 1470 tamen
1063 1441 1160 1479 quod,
1179 1442 1208 1471 si

199 1489 240 1519 ad
253 1494 364 1528 partes
379 1489 455 1520 illas
471 1490 615 1528 legatum
629 1491 668 1521 de
681 1491 784 1522 latere
800 1496 912 1522 nostro
927 1492 1088 1523 destinari
1102 1494 1209 1524 conti-

199 1543 300 1580 gerit,
319 1543 547 1574 executionem
564 1544 671 1582 ipsius
691 1544 791 1574 officii
809 1546 969 1584 quamdiu
989 1546 1119 1585 legatus
1136 1547 1208 1586 ipse

197 1595 246 1625 ibi
261 1596 363 1625 fuerit
378 1605 435 1634 pro
452 1597 546 1626 Sedis
560 1597 738 1635 apostolice
753 1599 941 1628 reverentia
953 1599 1089 1630 omnino
1100 1600 1208 1631 dimit-

199 1653 267 1685 tas,
287 1658 359 1679 eam
379 1649 415 1678 in
435 1649 589 1679 omnibus
605 1650 769 1680 cautelam
793 1655 824 1681 et
848 1651 1057 1689 diligentiam
1079 1653 1120 1682 ad
1141 1655 1208 1684 Re-

198 1701 378 1740 demptoris
394 1702 533 1739 gloriam
550 1702 726 1733 habiturus
741 1707 787 1739 ut,
808 1704 894 1734 sicut
911 1705 1084 1743 dignitatis
1101 1706 1208 1737 officio

199 1754 343 1784 crevisse
360 1754 559 1789 dinosceris,
583 1756 631 1785 sic
650 1756 773 1786 mentis
794 1757 848 1794 pie
868 1757 934 1787 vite
957 1761 988 1787 et
1010 1757 1098 1788 clare
1120 1759 1207 1789 same

196 1807 305 1837 titulis
317 1807 477 1845 proficere
493 1807 728 1846 comproberis.
745 1809 817 1838 Dat.
836 1810 987 1847 Neapoli,
1004 1811 1033 1840 V
1047 1811 1207 1842 kalendas

196 1860 321 1896 martii,
339 1869 425 1890 anno
439 1861 559 1899 primo.
577 1872 591 1888 n

269 2045 355 2073 183
751 2045 868 2081 Naptes,
887 2046 920 2073 95
935 2047 1039 2073 levrici·
1056 2048 1133 2074 1255.

231 2106 378 2134 Universo
399 2107 475 2133 clero
495 2107 806 2142 Constantinopolitani
821 2108 936 2143 Imperii
954 2109 1080 2136 notificat
1097 2109 1206 2144 praefa-

196 2158 256 2183 tam
269 2156 526 2182 confirmationem.
543 2155 623 2191 (am.
641 2156 686 2190 ⁵24,
703 2165 728 2183 c.
747 2157 807 2188 163,
825 2157 844 2184 f.
861 2157 917 2193 20.)

237 2268 250 2283 <s
272 2257 514 2295 Arcltiepiscopis
534 2262 561 2286 et
582 2259 727 2295 episcopis
750 2267 786 2287 ac
806 2259 923 2288 dilectis
941 2259 1017 2296 liliis
1036 2260 1202 2296 abbatibus,

191 2311 366 2347 prioribus,
384 2311 629 2346 archidiaconis,
648 2313 824 2349 prepositis,
843 2312 966 2342 decanis
985 2318 1011 2341 et
1025 2314 1099 2342 aliis
1113 2314 1205 2343 ecete-

194 2364 313 2392 siarum
338 2364 468 2400 prelatis
496 2372 611 2392 necnon
640 2365 785 2401 capitulis
809 2366 991 2402 quibuslibet
1016 2371 1042 2394 ct
1066 2367 1205 2404 personis

196 2416 405 2444 ecclesiasticis
420 2421 479 2443 tani
497 2417 686 2445 secularibus
701 2426 791 2454 quani
811 2419 1003 2454 regularibus
1018 2421 1163 2456 exemptis
1178 2424 1204 2448 et

195 2475 258 2496 non
278 2469 422 2505 exemptis
436 2477 492 2505 per
512 2469 885 2506 Constantitiopolitannni
905 2471 1071 2508 imperium
1089 2473 1204 2500 consti-

196 2521 281 2549 tutis.
306 2520 391 2556 Quia
418 2520 631 2550 commissum
654 2521 749 2551 nobis
771 2522 915 2552 officium
938 2523 1055 2562 exequi
1079 2523 1204 2562 ubique

193 2572 441 2611 presentialiter
454 2582 519 2602 non
533 2573 692 2609 valemus,
711 2573 751 2603 ad
767 2574 921 2604 absentes
937 2584 978 2604 ne
991 2575 1081 2614 ipsos
1096 2576 1204 2614 negli-

194 2625 306 2664 gentie
325 2624 553 2664 relinquamus
574 2626 744 2661 instructi,
769 2627 840 2666 ejus
861 2628 1007 2666 exemplo
1027 2629 1084 2667 qui
1102 2629 1204 2659 disci-

192 2678 289 2718 pulos
306 2687 387 2716 quos
404 2678 501 2715 elegit
518 2678 552 2707 in
568 2679 763 2709 universum
779 2680 891 2709 orbem
908 2681 1118 2718 evangelium
1132 2691 1203 2720 pre-

193 2731 305 2760 dicare
321 2730 524 2765 transmisit,
544 2740 702 2768 personas
723 2731 899 2770 dirigimus
923 2732 992 2762 vice
1011 2737 1123 2763 nostra
1139 2743 1202 2772 que

192 2783 268 2813 illos
283 2783 398 2821 lingua
417 2783 484 2813 oris
503 2788 533 2813 et
549 2784 657 2821 operis
674 2779 878 2815 instruentes
894 2785 1039 2814 fructum
1057 2790 1202 2824 accepta-

192 2835 295 2866 bilem
316 2836 384 2866 Deo
410 2835 560 2865 reddant.
587 2836 633 2866 De
658 2836 763 2866 salute
788 2837 900 2875 itaque
925 2842 1034 2867 vestra
1060 2837 1202 2868 sollicite

1290 254 1485 292 cogitantes,
1503 255 1688 286 venerabili
1700 255 1797 286 fratri
1810 259 1923 286 nostro
1935 256 1986 291 P.,
1998 255 2186 295 patriarche
2199 256 2301 288 Cons-

1291 307 1586 346 tantinopolitano,
1613 308 1684 338 viro
1703 307 1853 339 moribus
1875 312 1907 338 et
1931 308 2073 339 scientia
2091 308 2234 347 predito,
2258 308 2300 339 ad

1290 359 1398 390 instar
1412 360 1522 390 felicis
1538 361 1777 392 recordationis
1790 362 1816 391 Ι.
1832 369 1915 400 pape
1933 361 2178 400 predecessoris
2193 362 2299 393 nostri

1289 411 1425 451 plenum
1444 413 1621 452 legationis
1643 414 1788 444 officium
1807 414 1843 444 in
1858 414 2003 453 Imperio
2019 414 2301 454 Constantinopo-

1288 464 1393 495 litano
1409 470 1440 496 et
1455 465 1490 495 in
1504 466 1651 496 exercitu
1663 466 1856 497 Christiano
1871 475 1929 506 pro
1945 466 2095 498 subsidio
2110 467 2216 506 ipsius
2232 468 2301 498 Im-

1288 518 1374 556 perii
1389 518 1591 558 ubicumque
1609 518 1644 548 in
1662 519 1750 549 dicto
1766 519 1909 558 Imperio
1921 519 2024 549 suerit
2039 519 2194 550 duximus
2209 528 2300 550 com-

1289 570 1499 600 mittendum.
1517 572 1567 601 Ita
1585 575 1695 601 tamen
1713 571 1817 610 quod,
1835 571 1864 602 si
1881 571 1923 602 ad
1937 575 2047 610 partes
2063 571 2138 602 illas
2152 571 2301 610 legatum

1289 623 1328 653 de
1339 623 1441 654 latere
1453 628 1565 654 nostro
1575 624 1737 654 destinari
1750 624 1938 662 contigerit,
1951 624 2178 655 executionem
2190 624 2300 663 ipsius

1289 676 1389 707 officii
1407 677 1566 716 quamdiu
1581 677 1710 715 legatus
1725 677 1813 707 idem
1833 677 1882 707 ibi
1900 677 2003 708 fuerit
2017 686 2076 716 pro
2091 677 2187 708 Sedis
2203 685 2301 717 apos-
2335 699 2338 704 -

1288 729 1386 759 tolice
1402 730 1588 760 reverentia
1603 730 1739 760 omnino
1754 730 1910 760 dimittat.
1925 729 2086 766 Quocirca
2101 729 2302 761 universita-

1289 786 1356 812 tem
1367 786 1511 812 vestram
1522 791 1695 813 monemus
1711 786 1741 813 et
1761 782 1934 813 hortamur
1947 786 2083 817 attente,
2102 782 2300 814 mandantes

1290 835 1448 873 quatinus
1480 834 1604 865 dictum
1631 834 1857 874 patriarcham
1884 835 2000 866 devote
2037 834 2237 874 recipientes
2267 837 2302 866 et

1289 887 1471 918 honorifice
1502 892 1758 926 pertractantes,
1792 888 1900 918 eidem
1930 892 2090 927 tanquam
2120 887 2300 926 apostolice

1291 940 1386 970 Sedis
1401 940 1509 978 legato
1524 940 1697 971 humiliter
1711 941 1905 975 intendatis,
1923 941 1995 980 ejus
2011 941 2158 971 salubria
2173 940 2302 971 monita

1291 996 1321 1022 et
1335 993 1490 1022 mandata
1501 992 1679 1023 efficaciter
1690 993 1911 1032 adimplendo.
1925 993 2085 1033 Alioquin
2098 993 2303 1024 sententiam

1291 1054 1391 1084 quam
1406 1045 1477 1083 ipse
1501 1049 1634 1083 propter
1649 1045 1711 1076 hoc
1733 1045 1797 1076 rite
1817 1050 1879 1076 etc.
1902 1054 2008 1084 usque
2026 1046 2208 1076 observari.
2223 1046 2300 1076 Dat.

1290 1102 1325 1128 ut
1342 1107 1452 1136 supra.
1473 1109 1486 1124 »

1366 1288 1453 1316 ¹84
1731 1296 1743 1311 Δ
1862 1288 1979 1324 Naples,
1997 1288 2013 1316 9
2029 1289 2133 1316 tevi-ier
2148 1289 2228 1316 ¹255.

1326 1350 1465 1385 MagiStro
1487 1350 1614 1377 Gerardo
1635 1351 1671 1377 de
1694 1350 1804 1385 Parma,
1821 1351 1906 1386 longa
1924 1352 2145 1379 conversatione
2165 1352 2194 1379 in
2211 1350 2300 1379 Cur-ia

1291 1399 1422 1426 Romana
1439 1399 1510 1426 bene
1527 1401 1658 1434 merenti,
1673 1399 1813 1434 indulget,
1827 1404 1858 1426 ut
1873 1403 2031 1435 proventus
2045 1400 2174 1426 omnium
2190 1399 2300 1427 benefi-

1291 1448 1403 1474 ciorum
1418 1456 1549 1482 suorum,
1565 1448 1672 1482 quibus
1687 1456 1757 1474 cura
1772 1456 1830 1475 non
1840 1452 1886 1475 est
1899 1449 2060 1476 animarum
2070 1456 2192 1480 annexa.
2203 1448 2301 1483 quoti-

1290 1496 1384 1523 dianis
1402 1496 1658 1531 distributionibus
1679 1497 1827 1524 dumtaxat
1845 1497 1992 1532 exceptis,
2010 1496 2186 1532 ubicumque
2204 1497 2234 1524 in
2249 1497 2301 1524 ab-

1291 1545 1384 1572 sentia
1405 1547 1516 1580 integre
1539 1545 1686 1580 percipere
1707 1546 1799 1572 valeat
1817 1553 1850 1572 ac
1871 1546 1898 1572 si
1915 1545 2053 1572 resideret
2070 1545 2257 1580 personaliter
2270 1545 2301 1572 in

1290 1595 1410 1622 eisdem.
1426 1594 1510 1628 (Rau.
1526 1594 1570 1626 24,
1587 1602 1613 1622 c.
1632 1594 1706 1628 163¹,
1721 1594 1741 1622 f.
1757 1594 1813 1628 20)

1333 1708 1346 1722 α
1372 1696 1516 1733 Mayistro
1537 1695 1668 1725 Germ-do
1689 1695 1724 1724 de
1744 1696 1874 1730 Parma,
1895 1695 2080 1725 subdiacono
2098 1700 2125 1724 et
2143 1695 2301 1733 capellano

1290 1753 1401 1778 nostro.
1435 1748 1557 1777 Merita·
1584 1747 1682 1785 longe
1711 1751 1766 1778 tue
1797 1765 1846 1776 —.
1876 1748 1951 1777 Dat.
1983 1747 2135 1786 Neapoli,
2165 1747 2196 1778 V
2222 1746 2300 1777 idus

1290 1801 1463 1833 februarii,
1478 1809 1565 1830 anno
1580 1800 1697 1839 primo.
1717 1812 1730 1827 n

1363 1993 1448 2023 185
1839 1992 1957 2027 Napies,
1979 1992 2010 2019 ¹3
2026 1991 2130 2018 fevi-ier
2146 1991 2226 2019 1255.

1327 2054 1442 2081 Decano
1461 2059 1490 2081 et
1510 2054 1640 2089 Capitulo
1663 2054 1871 2081 Leodiensibus
1892 2054 2019 2081 notificat
2034 2053 2188 2089 praefatam
2204 2052 2300 2080 indul-

1289 2103 1424 2138 gentiam.
1442 2103 1525 2136 (Rso.
1540 2103 1586 2138 24,
1603 2111 1629 2131 c.
1649 2103 1721 2136 163⁸,
1739 2104 1757 2130 f.
1774 2103 1831 2135 20.)

1330 2217 1343 2230 «
1364 2227 1396 2239 ..,
1420 2205 1543 2239 decano,
1563 2227 1596 2239 ..,
1611 2205 1763 2242 preposito
1787 2210 1813 2233 et
1834 2204 1969 2242 capitulo
1991 2203 2157 2232 Leodiensi.
2185 2203 2299 2241 Longe

1287 2257 1550 2286 conversationis
1570 2257 1605 2285 in
1627 2257 1777 2286 Romana
1800 2256 1902 2286 Curia
1923 2254 2036 2285 dilecti
2059 2254 2122 2284 filii
2143 2254 2298 2293 magistri

1287 2309 1426 2340 Gerardi
1441 2309 1481 2339 de
1497 2310 1632 2344 Parma,
1651 2308 1846 2338 subdiaconi
1862 2312 1893 2338 et
1909 2307 2073 2346 capellani
2088 2307 2210 2343 nostri,
2226 2315 2298 2338 me-

1286 2362 1351 2391 rita
1372 2366 1603 2400 promerentur
1623 2367 1659 2392 ut
1680 2361 1767 2391 idem
1782 2361 1818 2390 in
1835 2360 1905 2390 suis
1924 2359 2206 2398 postulationibus
2221 2367 2298 2397 gra-

1287 2414 1367 2444 tiam
1383 2414 1448 2444 sibi
1466 2414 1572 2444 nostri
1587 2414 1790 2453 apostolatus
1811 2413 1927 2443 adesse
1946 2412 2069 2442 sentiat
2084 2416 2116 2442 et
2134 2412 2294 2442 favorem.

1286 2467 1374 2497 Hinc
1399 2471 1447 2497 est
1473 2466 1560 2506 quod
1584 2475 1643 2496 nos
1668 2466 1775 2504 ipsius
1798 2464 2098 2504 supplicationibus
2121 2463 2293 2500 inclinati,

1287 2519 1352 2549 sibi
1368 2520 1562 2550 auctoritate
1577 2519 1764 2549 litterarum
1778 2523 1967 2548 nostrarum
1982 2525 2088 2556 usque
2103 2517 2146 2547 ad
2162 2521 2296 2556 septen-

1286 2575 1381 2604 nium
1404 2575 1558 2605 duximus
1583 2574 1841 2612 indulgendum,
1872 2577 1908 2603 ut
1934 2576 2114 2611 proventus
2144 2571 2295 2602 omnium

1286 2627 1523 2657 beneficiorum
1542 2636 1679 2657 suorum
1703 2626 1825 2665 quibus
1847 2634 1926 2656 cura
1945 2633 2012 2655 non
2035 2629 2084 2655 est
2105 2625 2295 2655 animarum

1286 2688 1431 2715 annexa,
1448 2680 1624 2710 cotidianis
1641 2684 1702 2709 etc.
1721 2684 1755 2709 ut
1775 2679 1810 2708 in
1831 2678 1896 2709 alia
1911 2686 2018 2717 usque
2037 2676 2178 2707 vallatis.
2203 2677 2294 2714 Quo-

1285 2732 1371 2762 circa
1401 2732 1654 2762 universitatem
1683 2736 1827 2762 vestram
1852 2739 2026 2768 rogamus,
2057 2738 2231 2760 monemus
2259 2733 2292 2760 et

1284 2784 1457 2815 hortamur
1481 2789 1604 2815 attente
1630 2793 1688 2822 per
1713 2783 1891 2822 apostolica
1919 2782 2014 2812 vobis
2035 2781 2158 2820 scripta
2182 2780 2293 2820 preci-

1283 2837 1404 2877 piendo
1419 2837 1632 2872 mandantes,
1650 2837 1808 2876 quatinus
1830 2835 1939 2866 eidem
1953 2834 2123 2873 capellano
2137 2833 2293 2864 ubicum-
