2498 3325
236 240 294 268 424
957 237 1197 268 REGISTRES
1219 237 1526 269 D'ALEXANDRE
1550 240 1603 269 IV.

312 305 426 334 1388
817 305 943 338 Anagni,
965 305 992 330 lT
1006 304 1070 337 juin
1090 303 1167 330 1256.

271 365 415 400 Episcopo
431 365 599 392 Ehroiccusi
622 365 828 399 indulgentiam
850 365 992 391 Gandulfo
1014 365 1048 390 de
1066 364 1158 399 Regio
1171 373 1241 391 eon-

236 423 349 442 cessam
363 414 507 448 significat
519 414 602 448 eique
619 415 745 447 mandat,
759 419 787 440 ut
805 414 896 440 tradat
908 414 1050 440 Gandullo
1062 414 1238 448 corporalem

235 463 453 498 possessionem
470 466 497 488 et
513 462 652 488 concedat
672 462 949 488 administrationem
966 462 1083 488 liberam
1100 462 1239 489 ecelesiae

236 511 426 546 supradictae.
447 520 460 535 α
476 511 611 545 Alioquin
629 511 741 537 dilectis
752 511 818 537 liliis
831 532 862 544 ..,
875 511 1050 545 succentori,
1063 515 1090 538 et
1103 512 1241 546 magistro

238 560 377 595 phylippo
393 560 427 585 de
451 559 535 585 Porta
552 559 686 589 Morardi,
705 559 843 585 canonico
858 559 1038 591 Carnotensi,
1053 559 1156 586 damus
1173 568 1241 586 nos-

234 608 287 634 tris
305 608 408 634 litteris
424 609 450 634 in
467 608 618 639 mandatis,
642 612 672 634 ut
689 616 777 642 super
793 608 847 634 lioc
865 608 1028 634 mandatum
1050 609 1238 644 apostolicum

233 661 422 690 exequantur.
440 666 453 681 r·
468 657 550 689 (Hac.
568 657 612 687 ⁸24,
630 657 648 682 t'.
669 656 728 688 178,
743 666 807 683 ann.
830 656 863 687 ll.
882 665 907 683 c.
926 657 1012 689 3152.)

274 771 287 785 α
307 781 341 793 ..,
358 760 492 796 episcopo
509 759 690 788 Ebroicensi.
710 759 829 788 Petilio
845 758 957 788 dilecti
974 759 1034 788 filii
1052 777 1099 788 —.
1116 761 1187 790 Dat.
1203 764 1239 789 ut

232 819 343 849 supra.
364 822 376 837 »

272 863 345 894 Illis
361 864 536 894 scribatur.

306 1062 325 1088 Ι
335 1062 421 1089 389

795 1061 908 1093 Lati-au,
928 1062 959 1089 18
976 1063 1081 1089 levrici·
1098 1063 1166 1090 1256

265 1123 421 1149 Confirmat
436 1124 608 1150 seutentiam
625 1124 771 1155 ottoboni,
789 1124 819 1151 S.
838 1124 957 1151 Adriani
974 1125 1086 1152 diaconi
1105 1126 1237 1153 cardina-

230 1172 276 1203 lis,
299 1171 409 1197 Romae
431 1171 504 1205 apud
526 1172 678 1198 ecclesiam
703 1172 733 1198 S.
758 1172 915 1200 Clementis
940 1173 968 1200 11
989 1182 1080 1201 nonas
1101 1175 1238 1202 februarii

229 1219 373 1246 MCCLVI
390 1220 609 1254 promulgatam.
627 1220 654 1246 in
667 1222 836 1255 quaestione
847 1223 966 1248 suborta
980 1223 1054 1249 inter
1066 1224 1236 1257 magistrum

228 1268 391 1295 Johannem
408 1269 443 1294 de
458 1268 554 1294 Monte
570 1268 710 1303 Caprello,
729 1270 898 1304 scriptorem
917 1279 1013 1302 suum,
1031 1277 1057 1298 ct
1074 1272 1236 1306 archipres-

230 1317 360 1352 byterum
387 1316 589 1352 Ray-mnndum
613 1317 647 1343 de
673 1317 793 1344 Laturre
818 1327 905 1352 super
928 1319 1049 1354 quadam
1075 1320 1235 1354 praebenda

231 1365 424 1392 Vercellensis
445 1366 593 1392 ccclesiae.
611 1366 694 1399 (Ιίιῑῡ.
711 1366 755 1399 24,
774 1367 791 1393 f.
814 1367 872 1401 178,
886 1376 953 1394 ann.
970 1367 1007 1398 ΙΙ,
1025 1376 1051 1394 ς.
1069 1368 1153 1397 315³.)

269 1478 282 1492 α
306 1467 450 1503 Mayislro
464 1468 601 1496 ,Iohanni
617 1468 650 1497 tle
667 1469 761 1497 Monte
778 1470 930 1506 Cuprcllo,
949 1471 1095 1507 scriptori
1116 1476 1233 1507 nostro,

227 1520 375 1548 canonico
391 1521 509 1549 ecclesie
525 1521 725 1550 Vercellensis.
746 1521 791 1550 Ea
808 1531 870 1559 quc
884 1522 1010 1561 judicio
1027 1527 1087 1552 etc.
1106 1533 1210 1562 usque
1227 1535 1233 1554 ;

227 1572 438 1601 communiri.
459 1574 544 1602 Sane
565 1577 620 1602 tua
636 1573 751 1611 petitio
769 1574 863 1603 nobis
881 1575 1028 1613 exposita
1045 1576 1235 1607 continebat

229 1624 329 1663 quod,
351 1634 425 1654 cum
448 1625 482 1654 in
506 1634 605 1655 causa
627 1635 689 1664 que
716 1626 803 1655 inter
829 1631 858 1656 tc
885 1637 921 1657 ac
947 1627 1102 1657 dilectum
1129 1629 1235 1659 filium

228 1677 463 1716 Raymundum
490 1678 528 1707 de
552 1679 687 1713 Lature,
709 1679 914 1717 capt‘fllatuttii
939 1685 1103 1716 nostrum,
1125 1682 1236 1712 archi-

227 1729 448 1768 presbiterum
464 1730 720 1763 Modocienseiu,
734 1732 930 1761 cztuonicum
943 1734 1167 1764 Yet-cellensis
1182 1744 1235 1765 ec-

228 1781 340 1816 clesie,
360 1791 457 1820 super
474 1783 615 1820 quadam
634 1783 799 1821 prebenda
816 1785 900 1814 ‹lictc
921 1786 1069 1822 ecclesie,
1090 1796 1153 1825 quc
1172 1788 1236 1817 fuit

228 1834 1235 1878 quondamMainardi.ejusdcmecclesie‹tanouici,supet-qua

228 1891 263 1916 tu
280 1891 311 1916 et
326 1886 412 1917 idem
432 1887 623 1925 capellanus
642 1889 875 1926 proponebatis
899 1889 1020 1920 habere
1039 1891 1108 1929 jus,
1127 1897 1234 1923 verte-

226 1939 334 1974 batur,
352 1939 509 1969 dilectum
526 1940 630 1969 filium
649 1945 796 1970 nostrum
814 1942 864 1972 O..
881 1943 993 1972 Sancti
1007 1943 1147 1973 Adriani
1163 1945 1234 1975 dia-

226 1999 346 2021 conum
368 1991 585 2027 cardinalem,
604 1993 755 2023 dedimus
774 1994 972 2031 auditorem,
994 2004 1150 2027 concessa
1169 1998 1234 2028 sibi

226 2043 466 2074 nichilominus
489 2044 681 2079 ordinandi,
702 2045 904 2082 diffiniendi,
924 2049 1106 2084 statuendi,
1125 2051 1233 2088 preci-

224 2095 337 2134 piendi
354 2100 384 2126 et
401 2096 594 2134 providendi
612 2097 650 2127 de
667 2097 753 2127 dicta
769 2098 935 2136 prebenda
957 2104 987 2129 ct
1008 2110 1079 2130 eam
1103 2103 1233 2133 contin-

226 2148 381 2186 gentibus
395 2149 482 2178 inter
494 2153 523 2179 te
537 2153 567 2178 et
579 2149 702 2179 dictum
715 2150 934 2188 capellanum,
949 2162 1011 2190 quc
1025 2155 1233 2192 expedientia

225 2205 257 2231 et
271 2200 368 2230 utilia
386 2201 522 2233 videret,
542 2202 691 2240 plenaria
708 2207 878 2240 potestate.

267 2265 280 2279 n
301 2253 391 2283 Idem
408 2254 599 2289 cardinali&
618 2256 759 2293 cognitis
775 2266 873 2286 cause
890 2258 1018 2288 meritis
1037 2264 1066 2289 et
1079 2260 1166 2299 juris
1183 2270 1231 2292 or-

225 2305 302 2335 dine
316 2306 498 2342 observato,
512 2307 711 2345 prebendam
725 2308 830 2346 ipsam
845 2318 918 2339 cum
933 2311 1231 2352 omnibusjuribus

226 2361 257 2388 et
278 2358 489 2395 pertinentiis
512 2359 597 2394 suis,
616 2364 754 2399 utraque
775 2366 865 2399 parte
885 2368 1052 2400 presente.
1071 2365 1157 2395 dicto
1177 2376 1232 2396 ca-

224 2409 355 2448 pellano
372 2410 576 2449 adjudicans,
589 2421 659 2441 eam
677 2412 716 2441 ad
731 2413 839 2450 ipsum
856 2415 1023 2452 pertinere
1040 2417 1184 2448 decrevit
1201 2425 1231 2449 et

225 2462 469 2492 sententialiter
483 2463 670 2499 declararit,
687 2473 833 2503 superea
849 2467 908 2496 tibi
923 2473 1117 2506 perpetuum
1132 2471 1230 2502 silen-

224 2514 1231 2562 tiumimponendo.Verumidemcardinalis,attendensquod

223 2565 332 2596 felicis
350 2567 588 2597 recordationis
605 2569 643 2603 1.,
664 2578 755 2607 papa,
773 2571 985 2608 p1··=‹te‹-esso1·
1002 2579 1124 2611 noster,
1142 2576 1230 2607 inter

224 2622 255 2648 te
277 2627 313 2648 ac
335 2618 490 2649 dilectum
510 2619 615 2649 filium
634 2622 847 2653 Jacobinum.
869 2626 1063 2655 canonicum
1083 2628 1229 2665 predicte

224 2670 377 2706 ecclesie,
399 2676 549 2709 nepotem
572 2672 655 2703 bone
679 2675 835 2703 memorie
855 2676 904 2710 0.,
925 2677 1118 2709 Portuensis
1142 2681 1229 2719 epis-

224 2723 306 2760 copi,
325 2732 424 2761 super
440 2724 581 2761 quadam
598 2725 763 2762 prebenda
780 2729 904 2764 prelati¹
923 2730 1071 2766 ecclesie,
1087 2741 1149 2771 que
1166 2734 1230 2764 fuit

223 2775 388 2813 quondam
414 2776 538 2805 Mathei
563 2777 695 2813 Carosi,
717 2779 862 2817 ejusdem
891 2782 1028 2813 ecclesie
1057 2786 1226 2823 canonici,

223 2830 294 2856 orta
315 2827 500 2865 questionis
523 2830 676 2865 materia,
696 2831 862 2861 ordinarat
884 2835 985 2871 quod.
1008 2840 1036 2865 te
1060 2841 1090 2866 et
1114 2839 1227 2868 eodem

222 2879 381 2909 Jacobino
396 2880 431 2909 in
448 2881 657 2918 possessione
676 2883 761 2921 juris
779 2886 993 2916 ratmnicatus
1012 2890 1156 2926 predicte
1174 2901 1227 2922 ec—

1322 303 1422 333 clesie
1438 305 1712 342 persistentibus,
1730 306 1898 344 predictus
1913 307 2096 338 Jacobinus
2112 308 2240 338 fructus
2256 318 2332 347 pre-

1322 356 1407 386 dicte
1426 357 1591 394 prebende
1609 358 1791 397 perciperet
1809 359 1995 395 universos,
2015 364 2044 390 te
2059 361 2089 390 X
2106 360 2210 392 libras
2224 362 2331 401 impe-

1322 408 1456 438 rialium
1471 411 1644 440 annuatim
1657 411 1695 441 de
1708 412 1922 450 proventibus
1937 414 2168 445 communibus
2183 415 2332 454 ejusdem

1321 461 1460 492 ecclesie
1482 472 1541 492 nec
1566 472 1632 493 non
1655 464 1839 494 cotidianas
1860 464 2115 496 distributiones
2134 471 2165 497 et
2182 467 2248 498 alia
2266 476 2333 507 que

1322 515 1491 544 canonicis
1505 515 1730 546 residentibus
1745 517 1953 553 exhibentur,
1969 518 2072 548 donec
2088 519 2225 558 adeptus
2241 520 2332 550 fores

1321 567 1520 605 prebendam
1545 569 1579 597 in
1606 570 1733 607 prefata
1759 569 1914 605 ecclesia,
1933 575 2142 610 percepturo,
2161 581 2220 611 pro
2243 572 2330 603 bono

1321 621 1411 659 pacis
1424 625 1453 650 et
1466 621 1650 655 concordie,
1664 622 1702 652 de
1715 622 1852 660 speciali
1866 623 2019 654 mandato
2032 628 2156 659 nostro,
2169 625 2286 654 statuit
2299 628 2331 656 et

1320 673 1486 702 ordinavit
1502 674 1589 712 quod
1611 674 1698 704 idem
1721 674 1911 713 capellanus
1933 675 2047 706 tandiu
2069 676 2206 714 triginta
2226 676 2330 707 libras

1322 735 1530 756 mezanorum
1558 736 1615 757 seu
1640 728 1850 758 medietatem
1878 734 2098 767 proventuum
2120 730 2228 768 ipsius
2253 739 2330 768 pre-

1321 779 1442 813 bende,
1462 784 1555 817 prout
1571 781 1809 818 acceptaveris,
1828 785 1916 811 certo
1934 782 2076 812 termino
2095 782 2248 813 exhibeat
2269 791 2332 812 an-

1322 832 1464 867 nuatim7
1492 833 1531 862 ad
1561 833 1649 872 quod
1677 834 1800 863 dictum
1831 834 2039 873 capellanum
2069 839 2100 865 et
2128 835 2330 874 prebendam

1321 885 1427 923 ipsam
1445 885 1504 915 tibi
1521 885 1690 924 obligavit,
1710 886 1811 916 donec
1829 895 1893 916 non
1911 886 2018 917 solum
2034 887 2202 926 prehende.
2221 887 2257 918 in
2275 896 2330 918 ec-

1319 937 1421 968 clesia
1449 942 1629 968 memorata
1655 938 1835 974 vacaverit,
1864 942 1894 968 et
1921 938 2050 968 fructus
2076 939 2264 977 perceperis
2291 947 2330 969 ex

1320 991 1449 1026 eadem,
1478 991 1535 1021 sed
1562 991 1661 1021 etiam
1689 991 1791 1021 donec
1820 991 1927 1030 ipsam
1951 991 2138 1030 possederis
2164 1000 2201 1021 ac
2229 991 2330 1022 etiam

1320 1043 1392 1073 sine
1409 1043 1477 1073 lite.

1362 1109 1374 1122 »
1394 1097 1534 1134 Insuper
1550 1096 1657 1127 dictus
1675 1097 1854 1127 cardinalis
1868 1097 2091 1135 receptionem
2105 1102 2193 1127 tuam
2208 1097 2331 1128 factam

1319 1149 1353 1178 in
1371 1149 1484 1179 eadem
1501 1149 1641 1179 ecclesia
1655 1154 1685 1180 et
1701 1159 1797 1180 omne
1811 1151 1865 1189 J'us
1883 1150 1944 1179 tibi
1960 1150 2161 1189 acquisitum
2179 1150 2213 1179 in
2230 1159 2333 1180 cano·

1320 1202 1431 1231 nicatu
1445 1207 1475 1232 et
1489 1202 1666 1233 cotidianis
1680 1203 1973 1233 distributionibus
1988 1212 2025 1233 ac
2038 1203 2205 1241 prebenda
2222 1203 2328 1242 ipsius

1319 1255 1469 1290 ecclesie,
1489 1260 1519 1285 et
1536 1255 1618 1284 illud
1635 1256 1776 1286 maxime
1793 1256 1880 1295 quod
1896 1256 2004 1286 dictus
2022 1256 2235 1294 predecessor
2251 1265 2330 1287 nos-

1320 1313 1378 1342 ter,
1395 1317 1431 1338 ex
1453 1309 1599 1346 predicta
1617 1309 1827 1339 ordinatione
1848 1317 1919 1344 sua,
1933 1313 1964 1339 et
1980 1308 2135 1339 omnihus
2151 1309 2256 1339 voluit
2269 1317 2330 1339 an-

1319 1361 1448 1395 teferri,
1473 1365 1580 1391 ratum
1605 1365 1635 1391 et
1657 1362 1805 1396 firmum,
1829 1370 1894 1391 non
1917 1361 2068 1392 obstante
2091 1361 2329 1392 constitutione

1318 1423 1417 1453 quam
1435 1423 1533 1452 super
1549 1415 1793 1445 revocationem
1808 1415 2036 1453 receptionum
2052 1415 2086 1444 in
2104 1414 2259 1445 omnibus
2275 1423 2331 1446 ec-

1318 1467 1430 1497 clesiis
1441 1467 1641 1504 generaliter
1650 1467 1826 1502 edidimus,
1842 1476 2048 1506 permanere,
2061 1467 2218 1503 decrevit,
2230 1471 2329 1507 teque

1318 1521 1452 1559 assequi
1470 1520 1589 1551 dehere
1607 1521 1809 1559 prebendam
1830 1521 1864 1550 in
1883 1521 1997 1552 eadem
2018 1521 2159 1552 ecclesia
2180 1521 2329 1560 proximo

1318 1578 1524 1609 vacaturam,
1543 1583 1643 1604 unam
1666 1574 1792 1604 scilieet
1809 1574 1847 1604 de
1866 1575 2025 1604 xxt111⁰¹
2039 1574 2124 1604 inibi
2142 1574 2329 1614 antiquitus

1318 1627 1525 1662 constitutis,
1553 1631 1583 1657 et
1607 1627 1713 1666 quoad
1735 1627 1828 1657 illam
1850 1631 1882 1657 te
1907 1627 2026 1658 debere
2051 1627 2206 1658 omnibus
2231 1626 2329 1658 Sedis

1318 1680 1496 1719 apostolice
1515 1680 1564 1710 vel
1580 1680 1767 1719 legatorum
1785 1680 1892 1719 ipsius
1915 1689 1974 1711 scu
1993 1680 2111 1720 quavis
2131 1680 2327 1710 auctoritate

1318 1734 1458 1772 receptis
1478 1734 1511 1762 in
1525 1733 1665 1763 ecclesia
1681 1738 1861 1764 memorata
1872 1733 2014 1771 preferri
2030 1743 2035 1762 :
2054 1742 2154 1772 quam
2170 1732 2231 1762 tibi
2248 1741 2328 1763 con-

1319 1787 1499 1817 serendam.
1523 1787 1718 1816 auctoritate
1743 1791 1870 1821 nostra,
1894 1786 2064 1816 donationi
2079 1785 2258 1824 apostolice
2274 1794 2327 1816 re-

1318 1848 1469 1869 servans.
1497 1839 1641 1868 irritavit
1669 1839 1829 1877 quicquid
1856 1838 1895 1868 de
1926 1838 1997 1876 ipsa
2027 1838 2061 1867 in
2094 1842 2186 1868 tuum
2215 1838 2328 1877 preJu-

1317 1891 1441 1921 dicium
1471 1896 1501 1921 et
1531 1896 1640 1929 preter
1669 1891 1860 1921 mandatum
1897 1891 2113 1930 apostolicum
2149 1890 2328 1929 contigerit

1317 1945 1516 1983 attemptari,
1534 1945 1580 1975 ita
1597 1944 1684 1984 quod
1699 1953 1756 1983 pro
1774 1953 1811 1975 eo
1828 1944 1915 1983 quod
1930 1943 2067 1974 interim
2083 1943 2148 1974 alie
2163 1943 2199 1973 in
2217 1943 2329 1974 nomi-

1317 2002 1393 2027 nata
1410 1997 1550 2028 ecclesia
1568 2001 1767 2028 vacaverunt
1782 1997 1959 2036 prebende,
1978 2001 2009 2027 et
2025 1996 2112 2036 quod
2127 2005 2227 2035 super
2241 1996 2327 2036 ipsis

1314 2051 1368 2089 jus
1392 2055 1484 2080 tuum
1502 2059 1567 2080 non
1584 2050 1679 2080 fuisti
1696 2051 1730 2079 in
1750 2050 1875 2089 judicio
1892 2053 2098 2088 prosecutus,
2117 2049 2248 2080 nullum
2263 2048 2326 2079 tibi

1315 2103 1536 2142 prejudicium
1561 2107 1747 2141 generetur,
1772 2111 1833 2133 nec
1858 2102 1967 2141 quoad
1991 2101 2236 2132 assecutionem
2260 2101 2327 2132 hu-

1311 2156 1457 2195 jusmodi
1474 2155 1620 2194 proxime
1637 2160 1791 2185 vacature
1808 2154 1973 2193 prebende
1991 2154 2051 2184 tibi
2068 2153 2188 2193 opponi
2204 2153 2323 2189 valeat,

1316 2208 1402 2247 quod
1418 2208 1452 2237 in
1469 2207 1553 2241 illis,
1571 2213 1728 2246 tanquam
1752 2207 1812 2237 tibi
1828 2207 1965 2242 debitis,
1979 2207 2034 2246 jus
2051 2211 2145 2236 tuum
2166 2206 2325 2245 prosequi

1315 2261 1468 2290 omiseris
1481 2259 1699 2298 negligenter.
1713 2259 1868 2290 Ceterum
1880 2268 1954 2289 cum
1965 2268 2023 2298 pro
2036 2267 2073 2289 eo
2084 2258 2171 2298 quod
2182 2257 2324 2297 preben-

1315 2313 1390 2343 dam
1401 2313 1604 2352 hujusmodi,
1618 2321 1675 2351 per
1687 2312 1828 2342 eundem
1841 2311 2043 2342 cardinalem
2056 2311 2142 2341 dicto
2152 2310 2324 2350 capellano

1315 2365 1547 2405 adjudicatam,
1574 2365 1741 2396 videbaris
1767 2365 1921 2403 adeptus,
1947 2364 2194 2403 perceptionem
2218 2363 2326 2394 dicta-

1313 2427 1387 2449 rum
1398 2419 1429 2448 X
1442 2418 1604 2448 librarum
1620 2418 1654 2447 in
1672 2417 1826 2447 manibus
1843 2416 1981 2455 capituli
1998 2416 2137 2447 ecclesie
2153 2415 2323 2446 nominate

1314 2471 1447 2501 duxeris
1464 2470 1658 2505 liberaliter,
1672 2474 1817 2500 attamen
1833 2470 1967 2500 incaute
1984 2478 2043 2499 seu
2060 2468 2258 2507 simpliciter
2272 2477 2323 2499 re-

1313 2523 1525 2561 signandam,
1550 2523 1698 2562 prefatus
1719 2522 1916 2558 cardinalis,
1941 2521 1980 2551 de
2006 2521 2144 2560 speciali
2166 2520 2326 2550 mandato

1313 2581 1441 2612 nostro⁷
1460 2577 1521 2605 tibi
1540 2576 1712 2606 annuatim
1730 2577 1759 2606 V
1775 2575 1879 2605 libras
1900 2573 2125 2613 imperialium
2147 2573 2187 2603 ab
2207 2572 2322 2603 eodem

1312 2629 1456 2667 capitulo
1478 2628 1629 2659 exhiberi
1651 2628 1806 2667 precepit,
1824 2627 1938 2663 donec,
1960 2627 2053 2666 juxta
2077 2625 2323 2656 ordinationem

1311 2682 1513 2721 hujusmodi,
1544 2682 1745 2720 prebendam
1768 2682 1803 2711 in
1826 2684 2007 2711 memorata
2035 2679 2176 2710 ecclesia
2203 2687 2322 2709 conse-

1311 2735 1440 2774 quaris,
1462 2739 1493 2765 et
1516 2744 1587 2764 eam
1612 2734 1800 2773 possederis
1823 2734 1896 2764 sine
1919 2733 1988 2763 lite.
2012 2733 2086 2762 Non
2109 2731 2326 2762 obstantibus

1309 2788 1535 2825 resignatione
1550 2787 1704 2826 predicta,
1715 2796 1775 2817 seu
1785 2786 1907 2816 litteris
1922 2785 1973 2815 vel
1989 2784 2225 2815 instrumentis
2240 2783 2319 2814 inde

1309 2841 1479 2874 consectis
1491 2846 1545 2870 aut
1560 2841 1726 2871 contraria
1739 2839 1990 2874 consuetudine,
2003 2837 2053 2868 vel
2069 2841 2192 2868 statuto
2208 2836 2320 2875 ipsius

1309 2893 1458 2929 ecclesie,
1473 2894 1673 2933 juramento,
1692 2892 1942 2923 confirmatione
1959 2890 2054 2921 Sedis
2070 2889 2231 2929 ejusdem,
2246 2888 2321 2919 sive

2462 3016 2488 3325 “v-Md*
2468 2948 2490 2997 ‘N
2467 2764 2490 2930 *gp-o
2477 2675 2488 2743 00-
