2498 3325
1022 252 1246 290 PREMIERE
1269 251 1429 289 ANNEE.
2219 261 2277 291 259

244 330 332 358 862

215 391 326 425 [Lup01,
350 390 488 425 episcopo
512 390 741 420 Mat-rochitano,
764 389 939 425 apostolicae
965 387 1049 414 Sedis
1076 387 1184 420 legato,

175 431 367 476 praedicatori
383 440 480 466 crucis
497 447 546 474 per
561 438 730 474 Hispaniam
747 447 797 474 pro
813 439 928 472 negotio
945 437 1070 467 Africae,
1088 444 1188 462 conce-

176 488 218 515 dit
241 488 405 515 facultatem
429 489 598 515 absolvendi
623 497 760 515 manuum
784 488 940 522 injectores
965 487 999 512 de
1025 489 1099 512 terra
1128 485 1187 518 [Al-

176 537 304 572 phonsil,
320 538 398 571 regis
415 536 555 563 Castellae
571 541 599 564 et
614 536 761 572 Legionis,
777 545 810 563 ac
825 535 1029 569 incendiarios,
1042 534 1189 560 dumtaxat

179 586 399 620 crucesignatos
413 589 442 612 et
458 589 641 612 assumentes
658 586 743 612 etiam
759 585 874 619 signum
891 584 997 615 crucis,
1014 586 1042 609 et
1057 591 1188 609 commu-

707 329 835 363 Anagni,
852 328 883 354 17
900 326 1017 353 octobre
1036 325 1114 352 1‘255.

178 635 256 662 tandi
272 636 301 661 in
318 635 393 661 dicta
408 638 484 661 terra
497 635 688 661 abstinentiae
703 643 736 661 ac
753 633 992 669 peregrinationis
1008 635 1072 658 vota
1083 632 1111 658 in
1122 635 1189 658 voto

179 684 315 711 africano.
331 683 415 717 (Rau.
430 683 474 716 24,
491 692 518 711 c.
533 684 594 715 691,
612 683 632 710 f.
653 683 737 716 101v.)

221 797 234 811 «
256 808 288 820 ..‚
309 786 443 822 episcopo
457 785 696 817 Marrochitano,
712 785 870 821 apostolice
886 772 968 813 Sedis
982 784 1085 820 legato.
1105 783 1189 813 Cum

177 837 240 867 tibi
263 837 299 866 in
319 854 368 866 —.
393 838 467 866 Dat.
493 836 661 874 Anagnie,
687 837 766 866 XVI
793 835 953 866 kalendas
982 835 1186 870 novembris,

179 898 266 919 anno
282 889 400 928 primo.
420 901 433 915 »

248 1086 336 1115 863

215 1148 287 1182 Regi
304 1148 444 1175 Castellae
460 1148 602 1182 concedit,
622 1152 652 1175 ut
667 1148 742 1183 apud
761 1148 983 1174 Salamantinam
1000 1148 1144 1174 civitatem
1161 1148 1188 1174 in

178 1197 362 1224 facultatibus
378 1198 490 1224 noviter
508 1198 613 1224 erectis
630 1198 697 1232 jura
714 1197 808 1223 civilia
831 1205 881 1231 per
897 1197 1052 1223 triennium
1069 1197 1190 1223 audian-

179 1245 336 1280 tur.(Rno.
357 1246 407 1277 ⁴24,
424 1254 449 1273 c.
470 1246 536 1277 69⁶2,
551 1246 571 1273 f.
591 1246 674 1280 101'.)

710 1085 837 1120 Anagni,
857 1086 888 1113 19
904 1086 1021 1112 octobre
1038 1085 1117 1113 1955.

222 1360 235 1374 u
255 1371 287 1383 ..,
304 1349 370 1385 reyi
383 1348 506 1378 Castelle
520 1348 646 1377 illustri.
662 1347 826 1383 Quoniam
842 1346 881 1376 ab
896 1347 1033 1385 antiquo
1051 1346 1191 1376 scientia

181 1404 212 1431 et
230 1400 353 1430 militia
370 1401 584 1430 concomitari
602 1410 635 1430 se
654 1400 771 1435 solent,
795 1400 873 1438 quia
895 1409 972 1429 vero
993 1400 1139 1429 strenuis
1161 1403 1192 1429 et

182 1452 285 1483 electa
303 1452 435 1488 militia,
453 1453 501 1482 ibi
518 1453 699 1491 sollempne
723 1461 759 1481 ac
775 1452 903 1482 celebre
922 1452 1068 1482 studium
1090 1452 1192 1482 habe-

180 1505 288 1541 batur,
314 1505 507 1536 excellentie
532 1509 585 1535 tue
604 1506 750 1544 profecto
771 1505 948 1535 interi-erat
969 1505 1030 1544 (sie)
1052 1514 1192 1543 regnum

182 1563 275 1588 tuum
291 1567 402 1588 amare
416 1558 569 1593 scientia,
587 1558 672 1596 quod
686 1557 826 1587 militari
840 1558 1037 1588 strenuitate
1051 1558 1192 1587 dinosci-

181 1615 235 1641 tur
251 1611 411 1641 decorari.
430 1612 499 1641 Hac
518 1611 684 1649 siquidem
700 1610 830 1640 ratione
850 1611 1018 1646 inductus,
1039 1611 1074 1639 in
1091 1619 1193 1648 regno

183 1668 238 1694 tuo
255 1664 341 1702 apud
354 1663 619 1694 Salamantinam
629 1663 809 1698 civitatem,
824 1663 1043 1693 consideratis
1055 1663 1192 1693 circum-

183 1716 316 1746 stantiis
327 1716 507 1752 universis,
523 1716 561 1746 de
574 1715 715 1745 consilio
726 1715 927 1753 prelatorum
940 1715 1085 1754 ejusdem
1098 1717 1193 1754 regni

182 1769 347 1808 generale,
365 1770 404 1800 de
416 1778 480 1808 quo
501 1774 530 1799 te
545 1769 815 1799 commendamus
830 1768 1024 1806 plurimum,
1045 1769 1193 1799 statuisti

182 1822 340 1858 studium,
355 1826 386 1852 et
396 1821 567 1860 magistris
579 1821 614 1850 in
624 1821 767 1859 singulis
774 1821 989 1851 facultatibus
999 1822 1192 1860 regentibus

184 1875 223 1905 de
234 1884 343 1905 annuo
353 1879 441 1905 certo
452 1874 574 1904 salario
582 1875 769 1913 providisti.
780 1875 825 1905 Ut
834 1875 1032 1912 igituridem
1045 1875 1193 1905 studium

181 1931 291 1966 optata
305 1927 442 1966 recipiat
456 1928 673 1963 incrementa,
690 1927 845 1957 omnibus
860 1927 983 1957 ibidem
997 1928 1128 1958 studere
1140 1937 1192 1957 vo-

177 1979 336 2016 lentibus,
366 1979 576 2018 regularibus
602 1980 771 2009 dumtaxat
796 1980 956 2018 exceptis,
985 1980 1192 2017 presentium

181 2033 376 2063 auctoritate
390 2033 613 2065 concedimus,
626 2033 708 2062 utin
721 2033 835 2062 eadem
848 2032 981 2062 civitate
992 2033 1066 2071 jura
1080 2032 1192 2062 civilia

178 2095 237 2125 per
246 2086 429 2116 triennium
441 2085 588 2124 proximo
600 2089 776 2115 venturum
789 2085 903 2115 audire
916 2085 1057 2120 valeant,
1073 2086 1192 2116 consti-

179 2139 307 2169 tutione
319 2139 485 2169 contraria
496 2148 562 2169 non
575 2139 738 2169 obstante.
754 2140 828 2169 Dat.
845 2139 1009 2177 Anagnie,
1024 2139 1127 2169 XIIII
1137 2139 1191 2169 ka-

178 2191 294 2222 lendas
313 2192 514 2227 novembris,
533 2201 620 2222 anno
638 2192 756 2230 primo.
776 2204 789 2218 »

252 2395 340 2424 864

218 2458 304 2485 Petro
319 2457 472 2489 Johannis.
490 2457 712 2492 Compostellani
728 2458 939 2493 archiepiscopi
958 2459 1190 2493 consanguineo,

182 2507 323 2542 indulget,
341 2510 386 2539 ut,
404 2514 469 2533 cum
487 2506 664 2532 thesauraria
680 2506 819 2533 ecclesiae
837 2507 1001 2538 Auriensis,
1021 2508 1190 2534 beneficium

183 2556 217 2583 de
233 2555 356 2582 Caldelis
375 2556 534 2581 animarum
552 2561 650 2581 curam
675 2555 797 2586 habeus,
822 2564 876 2582 non
898 2556 1029 2582 obstante
1049 2558 1192 2583 constitu-

182 2605 260 2631 tione
277 2605 367 2630 bonae
384 2603 537 2630 memoriae
553 2603 575 2630 1.
594 2603 764 2630 Sabinensis
779 2604 908 2639 episcopi
928 2609 996 2631 tunc
1017 2606 1043 2631 in
1063 2606 1191 2639 partibus

182 2653 238 2680 illis
253 2653 427 2687 apostolicae
449 2651 534 2678 Sedis
554 2652 656 2686 legati,
676 2652 798 2678 retinere
815 2653 902 2679 libere
925 2654 1025 2682 valeat.
1041 2653 1124 2687 (Rau.
1141 2654 1191 2686 24,

182 2710 208 2729 c.
225 2702 286 2733 693,
304 2701 428 2734 f.101v.)

715 2395 840 2430 Anagni,
860 2396 889 2423 1‘2
906 2397 1023 2423 octobre
1044 2397 1118 2423 1255.

226 2815 239 2830 «
263 2804 350 2832 Petro
371 2803 532 2837 Jolzannis,
561 2803 754 2831 thesaurario
778 2805 894 2832 ecclesie
920 2805 1090 2833 :tm-iemst's.
1117 2805 1192 2835 Vite

182 2855 362 2885 laudabilis
376 2860 407 2886 et
422 2873 472 2885 —.
490 2856 563 2885 Dat.
582 2855 744 2893 Anagnic,
765 2856 918 2885 1111111115
936 2857 1089 2892 octobris,
1106 2866 1192 2887 anno

182 2917 301 2947 primo.
323 2921 336 2935 n

1339 324 1427 352 865
1794 326 1923 360 Anagni,
1944 326 1974 352 14
1991 326 2107 352 octobre
2126 326 2203 353 1255.

1303 385 1503 421 VVIillelmum]
1527 395 1624 421 regem
1648 387 1844 413 Romanorum
1869 388 2011 418 hortatur,
2031 391 2061 414 ut
2084 388 2227 422 benignus
2248 391 2276 414 et

1270 433 1432 460 favorabilis
1447 435 1553 461 existat
1568 435 1735 467 Merkelino,
1752 435 1846 468 militi,
1858 435 2000 469 quondam
2019 435 2133 462 Roccae
2150 436 2276 462 Sorellae

1269 482 1423 509 castellano
1445 487 1473 509 et
1496 483 1614 517 Agneti,
1639 483 1719 509 uxori
1737 484 1812 516 ejus,
1838 483 1868 509 S.
1892 483 1959 509 Sedi
1982 484 2103 510 devotis.
2120 484 2203 516 (Res.
2225 485 2274 518 ²24,

1270 538 1296 557 C.
1313 530 1374 563 694,
1392 531 1409 557 f.
1429 531 1494 562 10‘2;
1512 531 1694 561 Romanasne,
1715 535 1735 558 t.
1752 531 1805 563 111,
1822 537 1853 557 n⁰
1869 532 1942 564 415.)

1312 644 1324 658 (t
1357 633 1415 666 ΠΖ,
1445 634 1510 670 regi
1534 634 1741 661 Romanorum
1765 633 1894 661 illustri.
1917 633 2001 668 Quia
2031 633 2118 663 inter
2145 634 2278 663 devotos

1271 684 1449 722 apostolice
1464 685 1558 714 Sedis
1573 685 1703 723 aliquos
1716 689 1848 722 propter
1860 685 1984 723 majora
1998 686 2145 723 ipsorum
2160 687 2280 716 merita

1270 737 1418 767 uberiori
1434 737 1606 775 complecti
1623 737 1799 767 dilectione
1817 741 1978 772 tenemur,
1998 738 2095 775 digne
2109 738 2188 773 illis,
2204 748 2280 768 cum

1271 790 1347 819 aliis
1360 790 1497 827 benigni
1512 794 1543 820 et
1556 790 1691 828 propitii
1708 790 1903 820 extimemus
1920 790 1995 829 (sie),
2014 791 2159 821 benivoli
2173 792 2278 829 magis

1271 846 1301 872 et
1326 842 1527 872 favorabiles
1543 842 1751 877 invenimur-3
1770 842 1880 878 immo,
1900 852 1940 872 ne
1959 847 2071 872 noster
2093 843 2181 873 cirea
2199 844 2280 874 tales

1271 895 1437 925 secundus
1456 896 1593 925 affectus
1619 895 1783 925 defectum
1804 895 1949 933 aliquem
1973 895 2007 924 in
2032 896 2149 925 effectu
2175 897 2281 926 conti-

1271 952 1358 983 neat,
1387 948 1444 977 sed
1464 948 1499 976 in
1524 948 1581 978 illo
1605 948 1761 978 exuberet
1784 949 1824 977 ad
1843 948 2038 986 profectum,
2061 949 2225 983 convenit.
2246 954 2279 978 ut

1272 1001 1428 1038 congruis
1443 1001 1532 1039 ipsos
1549 1000 1732 1030 honoribus
1751 1001 1944 1030 studeamus
1963 1001 2123 1036 attollere,
2145 1010 2210 1030 non
2229 1010 2282 1031 so—

1270 1054 1340 1084 lum
1357 1054 1462 1092 gratie
1485 1059 1596 1084 nostre
1619 1054 1781 1092 gremium
1805 1054 1853 1084 eis
1873 1063 1974 1084 manu
1997 1054 2189 1092 explicando
2212 1064 2281 1084 mu-

1273 1107 1389 1142 nifica,
1421 1107 1478 1137 sed
1513 1116 1627 1137 eorum
1656 1108 1824 1137 commoda
1854 1116 1955 1145 penes
1988 1107 2070 1136 alios
2102 1108 2281 1137 affectuoso

1273 1160 1382 1190 studio
1398 1160 1614 1198 procurando.
1633 1160 1717 1190 Cum
1734 1160 1845 1198 itaque
1865 1160 2005 1189 dilectus
2021 1160 2110 1189 filius
2128 1160 2281 1190 Marroli-

1273 1221 1347 1247 nus,
1363 1212 1471 1246 1111105,
1485 1212 1650 1250 quondam
1665 1212 1866 1242 castellanus
1877 1214 1982 1242 Rocce
1997 1212 2132 1247 Sorelle,
2145 1213 2281 1242 devotus

1273 1270 1395 1296 noster,
1414 1264 1522 1294 felicis
1539 1265 1777 1294 recordationis
1792 1266 1817 1294 Ι.
1834 1274 1916 1303 pape
1931 1265 2155 1303 predecessori
2170 1269 2282 1295 nostro

1274 1326 1311 1347 ac
1338 1317 1432 1347 nobis
1463 1317 1671 1355 postmodum
1701 1317 1736 1346 in
1768 1318 1900 1355 negotio
1933 1318 2026 1355 regni
2058 1317 2171 1347 Sicilie
2201 1318 2281 1347 adeo

1274 1370 1412 1407 grandia
1428 1374 1459 1399 et
1478 1370 1593 1399 devota
1609 1369 1770 1408 obsequia
1786 1370 1984 1404 exhibuerit,
2003 1370 2089 1408 quod
2104 1370 2281 1408 apostolice

1275 1422 1369 1452 Sedis
1395 1422 1536 1459 gratiam
1560 1426 1591 1451 et
1616 1423 1763 1452 favorem
1785 1422 1849 1452 sihi
1870 1422 1987 1452 exinde
2010 1422 2127 1452 merito
2150 1431 2281 1460 compa-

1274 1476 1374 1510 ravit,
1396 1484 1466 1511 nos,
1485 1475 1632 1505 volentes
1648 1479 1684 1505 ut
1701 1480 1791 1505 tuam
1807 1480 1938 1514 propter
1954 1476 2013 1505 hoc
2036 1484 2188 1505 serenam
2205 1484 2282 1505 sen-

1274 1528 1333 1558 tiat
1353 1528 1568 1563 voluntatem,
1588 1527 1817 1557 excellentiam
1834 1532 1925 1557 tuam
1942 1537 2096 1565 rogamus
2118 1532 2148 1557 et
2170 1528 2282 1557 borta-

1274 1590 1348 1610 mur
1379 1585 1514 1616 attente,
1550 1581 1708 1619 quatinus
1738 1581 1879 1610 eundem
1910 1580 2133 1610 Merkelinum
2158 1580 2220 1619 (sic)
2252 1586 2284 1610 et

1275 1633 1419 1663 nobilem
1436 1633 1611 1663 mulierem
1630 1634 1806 1671 Agnetem,
1826 1642 1960 1663 uxorem
1977 1633 2062 1672 ejus,
2081 1632 2208 1662 habens
2224 1642 2282 1671 pro

1274 1690 1387 1715 nostra
1406 1690 1436 1715 et
1454 1685 1631 1723 apostolice
1655 1685 1750 1715 Sedis
1776 1685 1962 1715 reverentia
1982 1686 2178 1723 propensius
2196 1695 2283 1715 com-

1274 1738 1457 1773 mendatos,
1475 1738 1509 1767 in
1527 1738 1656 1767 cunctis
1676 1747 1789 1767 eorum
1806 1738 1942 1775 agendis
1966 1738 2013 1767 eis
2037 1738 2229 1767 favorabilis
2253 1743 2284 1768 et

1274 1791 1439 1828 benignus
1457 1791 1590 1826 existas,
1608 1791 1654 1820 ita
1671 1790 1757 1829 quod
1773 1790 1890 1820 exinde
1907 1791 2071 1828 ,gaudeant
2090 1800 2124 1820 50
2142 1791 2236 1820 nobis
2254 1795 2286 1820 et

1273 1844 1420 1882 predicte
1442 1844 1519 1874 Sedi
1536 1843 1639 1873 fuisse
1656 1843 1800 1879 devotos,
1821 1852 1946 1881 nosque
1964 1844 2176 1873 serenitatem
2195 1848 2284 1873 tuam

1275 1897 1385 1935 dignis
1401 1897 1435 1925 in
1450 1897 1591 1926 Domino
1604 1896 1759 1925 laudibus
1776 1896 1893 1925 merito
1911 1896 2190 1926 commendcnms.
2209 1897 2280 1925 Dat.

1275 1950 1438 1987 Anagnie,
1457 1950 1489 1979 II
1505 1949 1579 1979 idus
1596 1948 1751 1984 octobris,
1770 1958 1856 1978 anno
1871 1949 1990 1986 primo.
2010 1961 2022 1975 »

1346 2142 1433 2170 866

1310 2204 1471 2231 Priorissae
1488 2207 1516 2230 et
1537 2203 1692 2229 conventui
1713 2203 1881 2229 monasterii
1896 2210 1920 2229 s.
1939 2202 2050 2228 Nicolai
2066 2202 2100 2228 ad
2116 2202 2208 2229 Canes
2226 2203 2285 2229 Ar-

1275 2252 1470 2288 gentinensis,
1488 2252 1598 2278 ordinis
1617 2251 1865 2282 Praedicatorum,
1884 2254 1983 2277 notum
2002 2251 2083 2282 facit,
2102 2258 2133 2276 se
2149 2250 2286 2278 omnibus

1276 2310 1341 2328 vere
1357 2300 1572 2336 poenitentibus
1590 2304 1617 2326 et
1633 2300 1793 2333 confessis,
1811 2300 1859 2334 qui
1877 2308 1974 2326 earum
1993 2299 2144 2326 ecclesiam
2162 2300 2189 2326 iu
2210 2300 2284 2326 festo

1275 2352 1303 2377 b.
1316 2350 1426 2377 Nicolai
1443 2349 1620 2376 accesserint
1634 2349 1792 2383 annuatim,
1805 2349 2013 2382 indulgentiam
2029 2348 2082 2374 XL
2095 2348 2204 2375 dierum
2217 2349 2286 2374 elar-

1275 2400 1338 2434 giri.
1355 2399 1439 2432 (Rae.
1456 2398 1500 2431 ⁶24,
1514 2406 1538 2424 c.
1556 2398 1617 2430 695,
1635 2398 1654 2424 f.
1673 2397 1736 2429 1023
1755 2397 1902 2424 POTTHAS‘I'
1919 2397 2028 2429 16061.)

1809 2140 1934 2174 Anagni,
1954 2140 1984 2166 16
2002 2140 2118 2166 octobre
2136 2140 2212 2168 1255.

1317 2514 1329 2528 «
1351 2525 1382 2535 .,,
1400 2502 1547 2539 priorisse
1569 2505 1593 2529 ei
1610 2500 1774 2529 conventui
1792 2500 1974 2528 monasterii
1994 2500 2094 2528 sancti
2111 2500 2231 2528 Nicolai
2246 2500 2286 2528 atl

1275 2555 1368 2585 Canes
1382 2554 1625 2591 Argyentinensis,
1643 2553 1762 2581 ordinis
1778 2553 2020 2581 I'reslicatorwn.
2041 2552 2079 2581 In
2095 2556 2284 2581 sanctorum

1274 2606 1513 2637 festivitatilms
1529 2623 1578 2633 —.
1596 2606 1670 2635 Dat.
1688 2605 1850 2642 Anagnie,
1868 2605 1965 2634 XVII
1978 2604 2137 2633 kalendas
2154 2612 2285 2633 novem-

1276 2660 1354 2689 bris.
1376 2668 1462 2688 auno
1478 2659 1595 2697 primo.
1616 2670 1627 2683 >⁷

1346 2850 1431 2879 862

1312 2913 1428 2940 Eisdem
1447 2912 1662 2947 poenitentibus
1679 2912 1728 2946 qui
1744 2911 1863 2938 eandem
1879 2911 2029 2937 ecclesiam
2048 2911 2076 2936 in
2092 2909 2137 2935 die
2149 2918 2218 2936 suae
2235 2909 2286 2935 de-

1811 2850 1936 2883 Anagni,
1958 2849 1986 2875 16
2003 2848 2118 2875 octobre
2135 2848 2211 2874 1255.
