2498 3325
201 233 259 262 224
929 234 1168 266 REGISTRES
1190 232 1498 265 D’ALEXANDRE
1519 236 1576 266 IV.

201 298 346 329 cendens
365 298 559 337 unigenitus
574 294 636 330 Dei
655 300 776 337 Filius,
796 304 831 332 ut
853 300 1022 331 hominem
1038 300 1076 330 de
1093 299 1212 339 laqueo

203 351 374 382 servitutis
391 352 533 390 eriperet
551 352 586 382 in
603 361 702 391 quem
717 353 827 392 ipsum
844 353 1012 391 suggestio
1035 353 1212 392 impigerat

202 404 405 442 serpentina,
430 408 555 435 vestem
579 410 690 436 nostre
716 405 928 436 mortalitatis
954 405 1079 441 induit,
1097 404 1212 436 volens

201 457 326 496 proprii
343 458 536 496 aspersione
552 459 728 497 sanguinis
744 459 900 489 incendia
917 458 1067 498 perpetui
1084 458 1212 488 crucia-

202 514 254 540 tus
281 510 490 549 extinguere,
518 521 555 542 ac
579 521 656 542 suos
681 516 796 542 eterna
823 517 927 542 morte
951 521 1122 551 possessos
1146 512 1212 542 vite

200 564 391 603 perempnis
407 564 536 596 efficere
549 574 769 604 possessores,
783 566 841 605 qui
856 566 1031 596 commisse
1045 565 1110 596 sibi
1126 565 1212 604 lega-

202 616 303 647 tionis
320 617 354 646 in
370 618 505 656 regione
521 619 730 657 peccantium
749 628 905 650 exercens
921 619 1066 649 officium
1083 619 1118 648 in
1135 619 1213 649 uni-

202 677 335 699 versum
360 670 521 700 mundum
551 671 732 710 discipulos
755 680 837 710 quos
865 671 1009 710 elegerat
1033 671 1213 702 destinavit

201 725 351 752 creature
375 722 464 752 omni
494 723 704 761 evangelium
721 724 903 762 predicare,
927 724 1089 754 vicarium
1115 733 1213 754 suum

202 774 394 810 instituens,
411 779 447 804 ut
463 775 534 814 ejus
551 776 698 814 exemplo
715 785 954 816 nonnunquam
973 776 1056 806 alios
1078 776 1112 806 in
1136 785 1212 815 par-

201 831 267 858 tem
294 827 531 858 sollicitudinis
554 828 738 864 advocaret,
771 829 828 859 ubi
851 829 951 859 officii
982 829 1034 859 sui
1063 828 1213 859 debitum

202 880 381 919 corporalis
398 880 549 911 absentia
573 881 700 912 solvere
724 881 929 920 prohibetur.
947 882 1039 912 Licet
1058 882 1146 912 enim
1169 882 1213 912 sit

202 933 297 964 nobis
313 934 485 972 potestatis
501 934 671 972 plenitudo
694 935 888 970 commissa,
906 935 1007 965 finem
1022 940 1132 965 tamen
1149 935 1212 966 hu-

202 995 299 1016 mane
314 986 548 1024 possibilitatis
565 987 720 1017 excedere
743 996 808 1017 non
825 987 991 1023 valemus,
1010 992 1062 1024 ut,
1083 988 1159 1017 dum
1176 987 1211 1017 in

202 1044 294 1078 parte
318 1049 385 1070 una
409 1040 553 1070 officium
579 1049 780 1076 exercemus,
807 1041 995 1080 injunctum
1020 1040 1104 1070 illud
1131 1040 1212 1071 alibi

201 1093 450 1132 presentialiter
472 1102 684 1132 exequamur,
710 1094 787 1132 quia
808 1094 859 1124 lex
881 1094 1081 1124 conditionis
1104 1094 1212 1123 homi-

202 1146 255 1176 nis
277 1154 341 1175 non
357 1146 524 1184 permittat
541 1156 717 1184 personam
733 1147 882 1183 eandem,
901 1147 1001 1177 simul
1019 1148 1054 1177 in
1071 1147 1212 1178 diversis

202 1198 351 1236 partibus
370 1199 560 1235 existendo,
586 1199 745 1229 creditam
764 1199 829 1229 sibi
855 1200 972 1238 exequi
994 1204 1210 1238 potestatem,

204 1260 263 1281 nec
282 1251 381 1281 etiam
396 1251 521 1289 patitur
533 1251 589 1290 jus
607 1256 725 1282 nature
742 1261 860 1290 corpus
878 1261 982 1282 unum
999 1253 1113 1283 eodem
1131 1257 1212 1283 teni—

201 1312 279 1342 pore
299 1303 381 1334 locis
404 1303 557 1342 pluribus
581 1304 825 1343 comprehendi.
851 1305 947 1336 Unde
968 1314 1043 1335 cum
1067 1306 1213 1344 suscepti

202 1365 281 1386 cura
302 1356 477 1394 regiminis
501 1366 560 1387 nos
584 1357 751 1387 universis
767 1357 893 1388 Christi
916 1358 1070 1388 fidelibus
1089 1359 1212 1389 consti-

203 1409 265 1438 tuit
287 1408 468 1445 debitores,
493 1419 533 1439 nc
557 1409 712 1440 absentes
735 1409 938 1448 negligentie
961 1410 1210 1450 relinquamus,

203 1461 243 1491 ad
272 1461 361 1500 ipsos
390 1462 558 1491 interdum
587 1472 746 1501 personas
775 1463 911 1493 idoneas
939 1463 1115 1502 dirigimus
1141 1465 1211 1495 vice

203 1519 326 1550 nostra,
344 1524 402 1553 per
423 1524 478 1545 eas
498 1515 669 1545 residuum
691 1515 928 1546 sollicitudinis
953 1525 1053 1555 quam
1073 1517 1115 1546 ad
1136 1526 1212 1556 pre-

203 1577 279 1598 sens
294 1568 514 1606 personaliter
530 1568 676 1606 gerimus
695 1569 929 1608 dispensando.
951 1570 1037 1600 Sane
1053 1570 1141 1601 inter
1158 1580 1212 1602 ce-

203 1625 271 1651 tera
306 1620 540 1651 desiderabilia
577 1622 686 1652 cordis
715 1623 821 1652 nostri
853 1623 1040 1653 animarum
1070 1624 1211 1654 salutem

201 1673 366 1704 libertatis
389 1674 613 1705 ecclesiastice
633 1675 877 1706 incrementum
900 1681 931 1706 et
952 1686 1064 1715 pacem
1083 1677 1212 1708 cunctis

201 1726 327 1758 Christi
342 1726 496 1757 fidelibus
512 1727 684 1765 potissime
697 1728 884 1766 cupientes,
903 1729 1018 1759 sedula
1035 1729 1211 1767 vigilamus

202 1778 348 1809 sollertia
366 1784 396 1809 et
419 1780 504 1818 quod
528 1789 705 1818 possumus
721 1781 894 1819 diligentie
910 1782 1058 1812 studium
1074 1783 1212 1813 adhibe-

201 1841 286 1867 mus,
309 1836 343 1861 ut
366 1833 495 1871 possint
516 1833 739 1869 laudabiliter,
765 1835 939 1865 summotis
962 1835 1210 1874 impedimentis

201 1885 417 1924 quibuslibet,
438 1886 530 1925 juxta
551 1887 656 1916 nostri
679 1886 837 1917 desiderii
858 1887 1112 1926 plenitudinem,
1133 1899 1210 1920 auc-

202 1943 268 1968 tore
288 1939 428 1968 Domino
444 1939 635 1977 provenire,
655 1949 691 1969 ac
708 1949 744 1970 eo
765 1940 937 1971 ardentius
955 1941 990 1971 in
1010 1942 1163 1973 Sardinie
1181 1948 1210 1973 et

200 1991 332 2022 Corsice
349 1991 498 2030 partibus
523 1992 710 2021 animarum
731 1994 899 2031 profectus
922 1994 1090 2031 adveniat,
1109 1995 1210 2025 liber-

198 2048 248 2073 tas
266 2043 489 2074 ecclesiastica
507 2044 632 2081 rigeat,
653 2054 689 2074 ac
709 2046 800 2084 pacis
817 2051 967 2076 servetur
985 2047 1209 2086 tranquillitas

199 2097 401 2133 affectamus,
421 2106 485 2135 quo
502 2098 685 2128 ferventius
701 2098 825 2128 bonum
846 2103 969 2129 statum
987 2100 1132 2138 partium
1153 2110 1209 2139 ap-

197 2150 341 2188 petimus
361 2150 552 2180 earundem.
575 2151 619 2181 L't
640 2151 743 2188 igitur
762 2151 833 2189 ipse
852 2156 963 2190 partes
984 2162 1020 2182 eo
1039 2162 1159 2191 magna
1174 2153 1209 2182 in

198 2203 259 2233 Dei
291 2208 321 2233 et
347 2203 494 2233 Ecclesie
519 2203 693 2234 devotione
717 2205 907 2242 proficiant,
937 2214 1001 2244 quo
1031 2206 1209 2244 specialius

196 2252 255 2294 per
279 2256 396 2286 Sedem
422 2256 635 2294 apostolicam
662 2256 752 2286 velut
779 2261 919 2287 matrem
944 2267 978 2288 se
1006 2258 1209 2290 visitationis

197 2308 303 2338 officio
325 2309 491 2339 senserint
520 2310 705 2346 confoveri,
728 2318 802 2340 ecce
824 2310 1049 2341 venerabilem
1071 2312 1209 2342 fratrem

197 2365 346 2391 nostrum
368 2362 416 2397 L.,
440 2361 725 2400 archiepiscopum
749 2362 995 2400 Calai-itanum,
1012 2364 1121 2394 virum
1143 2365 1208 2394 uti-

198 2422 260 2451 que
285 2413 424 2443 scientia
448 2414 631 2452 preditum,
655 2424 784 2445 morum
807 2415 981 2447 honestate
1003 2417 1158 2448 decorum
1178 2423 1208 2448 et

197 2466 329 2496 consilii
345 2467 536 2497 maturitate
558 2468 742 2506 preclarum
757 2492 763 2504 ‚
788 2469 828 2498 ad
847 2474 958 2508 partes
975 2470 1107 2501 easdem
1124 2475 1208 2501 tam-

197 2528 296 2558 quam
317 2519 408 2558 pacis
433 2520 598 2558 angelum,
625 2522 801 2552 commisso
827 2522 891 2552 sibi
915 2522 1012 2561 plene
1030 2523 1207 2561 legationis

196 2572 314 2607 officio,
333 2577 367 2602 ut
381 2572 499 2603 evellat
515 2578 546 2603 et
562 2573 721 2610 destruat,
739 2574 879 2613 dissipet
895 2580 926 2605 et
939 2575 1118 2614 disperdat,
1137 2576 1207 2607 edi-

195 2624 269 2654 ficet
291 2629 323 2654 et
344 2624 469 2663 plantet
490 2625 575 2655 sicut
598 2625 718 2656 viderit
742 2627 906 2665 expedire,
924 2627 1078 2658 duximus
1104 2629 1206 2659 desti-

195 2677 353 2707 nandum.
384 2678 546 2714 Quocirca
572 2679 785 2709 universitati
808 2684 917 2710 vestre
943 2689 1002 2719 per
1027 2682 1207 2720 apostolica

195 2730 318 2770 scripta
341 2731 537 2761 mandamus
561 2735 659 2770 atque
683 2732 904 2770 precipimus,
929 2738 1094 2772 quatenus
1117 2743 1204 2771 eum,

194 2783 295 2813 immo
313 2792 373 2814 nos
390 2783 426 2812 in
442 2783 524 2822 ipso,
540 2783 684 2822 benigne
700 2784 900 2823 recipientes
916 2789 947 2815 et
964 2785 1104 2817 honeste
1118 2790 1206 2817 trac-

196 2840 320 2872 tantes,
346 2836 454 2866 eidem
474 2840 643 2875 tamquam
664 2837 842 2875 apostolice
860 2837 955 2868 Sedis
970 2838 1078 2876 legato
1093 2839 1205 2870 inten-

195 2888 281 2918 datis
309 2888 482 2918 humiliter
506 2892 538 2918 et
567 2888 693 2925 devote,
721 2889 827 2928 ipsius
851 2890 978 2920 monita
1000 2894 1030 2920 et
1052 2895 1205 2930 precepta

1295 298 1472 330 efficaciter
1494 300 1715 340 adimplendo.
1742 301 1902 342 Alioquin
1929 302 2114 333 sententias
2136 312 2218 342 quas
2241 307 2300 334 etc.

1293 360 1400 391 usque
1419 363 1424 382 :
1442 352 1624 384 observari.
1642 355 1716 385 Dat.
1733 355 1898 394 Anagnie‚
1916 356 1948 386 11
1963 354 2039 386 idus
2056 356 2201 394 augusti,
2217 364 2305 387 anno

1294 413 1413 443 primo.
1433 417 1446 432 n

1367 562 1454 590 *233
1877 565 2004 600 Anagni,
2023 565 2053 592 ¹2
2069 566 2137 592 aont
2154 566 2232 594 1255.

1331 624 1374 656 L..
1391 626 1610 661 archiepiscopo
1627 625 1802 658 calaritano.
1821 627 1974 661 legationis
1989 628 2113 655 officium
2128 629 2155 656 in
2172 627 2304 656 Sardinia

1294 678 1323 700 et
1338 673 1455 700 Corsica
1470 675 1635 702 committit.
1651 675 1735 708 (Rea.
1750 676 1793 707 ⁶24,
1811 684 1837 704 c.
1855 676 1930 707 585³,
1947 677 1968 704 s.
1984 677 2041 709 89.)

1337 788 1350 802 α
1433 777 1659 814 archiepiscopo
1683 777 1878 812 Calamam,
1907 778 2067 815 apostolice
2087 778 2303 816 Sedis-leqato.

1295 827 1391 858 Illius
1410 827 1487 858 licet
1510 828 1670 859 immeriti
1689 829 1806 859 vicarii
1826 830 2016 865 constituti,
2033 830 2101 869 qui,
2120 839 2178 869 pro
2198 830 2305 862 salute

1294 880 1434 911 humani
1456 882 1589 919 generis
1605 882 1645 911 ad
1663 882 1730 912 ima
1746 882 1863 912 mundi
1884 882 2100 919 descendens,
2123 882 2305 922 discipulos

1295 943 1378 973 quos
1405 934 1504 972 elegit
1531 935 1566 964 in
1594 935 1788 966 universum
1816 936 1977 966 mundum
2002 936 2189 966 transmisit
2213 936 2305 967 omni

1295 991 1445 1017 creature
1479 987 1689 1026 evangelium
1724 988 1914 1026 predicare,
1946 997 2187 1028 nonnunquam
2216 989 2305 1020 viros

1294 1040 1448 1079 providos
1473 1044 1503 1070 et
1524 1040 1703 1076 discretos,
1730 1050 1805 1070 cum
1830 1049 2036 1080 nequeamus
2060 1041 2142 1072 locis
2161 1041 2306 1080 singulis

1294 1093 1455 1132 corporali
1474 1094 1643 1132 presentia
1665 1094 1856 1129 imminere,
1880 1094 2036 1124 instructi
2057 1095 2128 1134 ejus
2144 1094 2304 1134 exemplo,

1294 1146 1328 1175 in
1360 1150 1487 1184 partem
1518 1146 1756 1176 sollicitudinis
1793 1156 1968 1177 evocamus
2003 1156 2062 1186 pro
2097 1147 2305 1186 negotiorum

1294 1201 1486 1239 urgentium
1509 1201 1678 1240 qualitate,
1702 1202 1771 1241 qui,
1793 1211 1894 1241 prava
1921 1202 1956 1231 in
1977 1202 2103 1232 directa
2129 1207 2160 1233 et
2187 1211 2306 1242 aspera
2342 1234 2350 1241 ,

1295 1258 1525 1284 convertentes
1541 1254 1574 1284 in
1587 1253 1696 1292 plana,
1713 1258 1821 1285 rectas
1834 1254 1959 1285 saciant
1974 1255 2111 1286 semitas
2123 1255 2186 1286 Dei
2199 1255 2305 1286 nostri

1293 1307 1518 1345 populumque
1550 1307 1786 1345 acceptabilem
1819 1307 1884 1337 sibi
1915 1307 2065 1338 reddant.
2099 1307 2186 1338 Sane
2216 1308 2305 1339 inter

1295 1364 1404 1390 cetera
1421 1359 1657 1390 desiderabilia
1674 1360 1782 1390 cordis
1805 1360 1928 1396 nostri,
1946 1360 2134 1390 animarum
2150 1360 2303 1395 salutem,

1292 1412 1459 1442 libertatis
1479 1412 1704 1443 ecclesiastice
1724 1413 1968 1443 incrementum
1992 1417 2024 1443 et
2043 1422 2158 1451 pacem
2176 1413 2306 1444 cunctis

1295 1465 1421 1496 Christi
1438 1465 1592 1496 fidelibus
1608 1466 1782 1504 potissime
1800 1466 1983 1504 cupientes,
1999 1466 2114 1496 sedula
2127 1466 2305 1505 vigilamus

1295 1518 1443 1548 sollertia
1462 1522 1493 1548 et
1511 1518 1598 1557 quod
1614 1527 1790 1557 possumus
1807 1518 1980 1557 diligentie
2003 1519 2152 1550 studium
2167 1518 2306 1550 adhibe-

1294 1580 1380 1606 mus,
1407 1575 1442 1600 ut
1466 1571 1595 1609 possint
1615 1570 1829 1601 laudabiliter
1851 1575 2033 1602 summotos
2057 1571 2306 1610 impedimentis

1294 1623 1602 1663 quibuslibetjuxta
1618 1624 1777 1654 desiderii
1793 1624 1898 1654 nostri
1914 1623 2157 1662 plenitudinem
2173 1628 2306 1655 auctore

1293 1677 1435 1707 Domino
1453 1677 1643 1713 convenire,
1661 1685 1698 1706 ao
1714 1685 1751 1707 eo
1767 1677 1939 1707 ardentius
1956 1677 1991 1706 in
2007 1676 2162 1707 Sardinie
2178 1681 2210 1708 et
2224 1676 2306 1708 Cor-

1294 1730 1361 1760 sice
1378 1729 1528 1768 partibus
1546 1729 1733 1759 animarum
1745 1729 1913 1768 profectus
1929 1729 2095 1765 adveniat,
2107 1729 2245 1760 libertas
2256 1738 2305 1760 ec-

1294 1782 1482 1813 clesiastica
1498 1782 1606 1820 vigeat
1623 1791 1660 1812 ac
1674 1782 1765 1820 pacis
1782 1786 1934 1812 servetur
1951 1782 2188 1821 tranquillitas,
2206 1782 2306 1813 affec-

1293 1839 1417 1870 tamus,
1431 1844 1496 1874 quo
1507 1835 1692 1865 ferventius
1702 1835 1826 1865 bonum
1835 1840 1956 1865 statum
1966 1835 2109 1873 partium
2119 1835 2305 1874 appetimus

1293 1888 1486 1918 earundem.
1511 1889 1555 1918 Ut
1577 1887 1680 1926 igitur
1700 1888 1771 1926 ipse
1795 1891 1905 1926 partes
1929 1897 1966 1918 eo
1988 1896 2108 1925 magna
2130 1888 2166 1918 in
2187 1887 2249 1918 Dei
2273 1891 2306 1918 et

1293 1941 1440 1971 Ecclesie
1450 1941 1623 1972 devotione
1632 1941 1817 1980 proficiant,
1829 1950 1893 1980 quo
1902 1949 1936 1971 se
1946 1941 2125 1980 specialius
2134 1949 2192 1980 per
2203 1940 2305 1979 legati

1293 1995 1388 2025 Sedis
1408 1994 1586 2033 apostolice
1608 1994 1811 2033 presentiam
1829 1994 1996 2024 senserint
2017 1993 2206 2029 consoveri3
2229 2002 2304 2024 ecce

1292 2048 1369 2083 tibi,
1389 2048 1428 2077 de
1447 2047 1541 2086 cujus
1556 2047 1720 2086 probitate
1737 2051 1768 2076 et
1783 2046 1949 2076 industria
1965 2046 2098 2085 plenam
2111 2046 2145 2076 in
2162 2046 2305 2077 Domino

1290 2100 1447 2130 fiduciam
1466 2099 1671 2134 obtinemus,
1688 2099 1723 2129 in
1739 2099 1879 2138 prefatis
1894 2099 2062 2138 partibus,
2079 2103 2115 2129 ut
2131 2098 2254 2129 evellas
2272 2102 2304 2130 et

1292 2153 1455 2188 destruas,
1489 2153 1632 2191 dissipes
1663 2157 1694 2182 et
1724 2152 1907 2191 disperdas,
1936 2152 2070 2182 edifices
2099 2156 2130 2182 et
2158 2151 2300 2190 plantes,

1292 2205 1377 2236 sicut
1398 2206 1551 2244 expedire
1567 2205 1708 2241 videris,
1727 2204 1823 2243 plene
1845 2204 2022 2242 legationis
2043 2204 2188 2234 officium
2209 2204 2304 2234 duxi-

1291 2267 1365 2288 mus
1397 2258 1682 2288 committendum.
1715 2258 1877 2294 Quocirca
1908 2257 2106 2288 mandamus
2137 2262 2304 2296 quatenus

1290 2310 1491 2348 legationem
1507 2311 1555 2340 sic
1571 2311 1705 2341 studeas
1717 2311 1812 2350 juxta
1830 2310 1941 2340 datam
1958 2310 2018 2340 tibi
2035 2319 2053 2340 a
2071 2310 2212 2340 Domino
2228 2318 2304 2348 gra-

1290 2363 1372 2393 tiam
1387 2363 1600 2393 laudabiliter
1617 2372 1785 2399 exercere,
1803 2367 1839 2393 ut
1855 2363 1973 2393 exinde
1989 2371 2091 2401 penes
2109 2363 2216 2393 Deum
2233 2371 2304 2393 me-

1289 2416 1391 2446 ritum
1408 2421 1439 2446 et
1451 2416 1537 2455 apud
1552 2416 1704 2446 homines
1721 2407 1890 2454 compares
1903 2424 2023 2446 nomen
2036 2415 2160 2445 bonum
2176 2423 2302 2454 nosque

1290 2469 1476 2499 devotionis
1496 2473 1551 2499 tue
1570 2468 1866 2507 promptitudinem
1888 2468 1999 2506 dignis
2016 2468 2051 2497 in
2067 2467 2210 2498 Domino
2229 2467 2303 2498 lau-

1291 2521 1388 2552 dibus
1405 2521 1684 2552 commendemus.
1702 2522 1776 2551 Dat.
1793 2526 1829 2552 ut
1848 2530 1959 2560 supra.
1978 2533 1991 2547 »

1362 2679 1450 2708 ¹234
1871 2679 1998 2713 Anagni,
2018 2679 2050 2706 1‘2
2067 2678 2228 2706 aeut-1255.

1325 2741 1522 2777 Iun-ascriptis
1545 2743 1649 2777 repetit
1671 2742 1776 2768 bullam
1801 2752 1813 2765 ιι
1837 2741 1881 2768 De
1900 2741 2067 2776 suppremis
2088 2752 2101 2765 ιι
2126 2744 2166 2773 (11⁰
2188 2740 2299 2774 ¹232).

1291 2790 1375 2824 (Rae.
1392 2790 1437 2822 24,
1454 2798 1480 2818 c.
1497 2791 1569 2822 585³,
1589 2791 1608 2818 s.
1626 2791 1680 2826 89)

1332 2904 1345 2918 α
1363 2892 1521 2924 Nobilibus
1539 2893 1615 2921 utris
1629 2892 1800 2928 Guizlelmo,
1812 2892 1916 2928 judici
1931 2892 2094 2921 Arborensi
2103 2895 2130 2920 et
2145 2891 2251 2920 comiti
2265 2889 2301 2920 de
