2498 3325
209 261 265 289 ‘2226
933 261 1172 292 REGISTRES
1194 260 1501 293 D'ALEXANDRE
1524 264 1580 294 IV.

209 334 244 354 ae
262 325 371 355 anime
390 334 449 354 sue
470 325 649 355 consulens
666 325 763 356 vellet
780 326 895 357 cedere
912 327 1070 365 regimini
1084 335 1217 357 monas-

209 377 284 407 terii
313 378 485 407 memorati
500 401 505 409 ,
535 378 642 408 dictus
671 378 844 417 episcopus
872 383 902 409 et
929 379 1119 418 capellanus
1146 379 1217 409 vice

209 434 319 459 nostra
337 434 367 459 et
384 430 573 469 hujusmodi
591 431 777 461 cessionem
793 431 1006 462 admitterent
1022 436 1053 462 et
1070 432 1217 462 facerent

207 482 270 520 ipsi
289 483 490 512 monasterio
506 483 544 513 de
562 492 701 521 persona
718 483 848 518 idonea,
865 493 963 522 quam
980 484 1052 514 sine
1069 484 1217 522 ipsorum

208 544 347 565 assensu
373 535 567 566 nolebamus
592 536 685 573 eligi,
713 536 930 567 decernentes
953 537 981 566 si
1004 546 1099 567 secus
1123 537 1217 566 fieret

206 588 338 617 irritum
356 592 385 617 et
403 588 518 623 inane,
537 598 594 627 per
615 589 810 619 electionem
827 590 1020 619 canonicam
1036 589 1213 628 provideri,

207 639 401 670 electionem
418 640 608 680 hujusmodi
624 650 681 679 pro
695 641 945 671 confirmatione
962 641 1068 680 ipsius
1084 650 1216 680 presen—

207 693 269 722 tari
284 697 396 723 nostro
410 694 602 731 conspectui
618 694 789 729 facientes,
806 694 1010 731 assignaturi
1022 694 1051 724 ei
1064 694 1102 724 de
1119 694 1215 724 bonis

205 745 354 785 ejusdem
371 746 563 776 monasterii
582 755 640 784 pro
657 747 899 777 sustentatione
916 756 976 777 sua
991 747 1216 786 provisionem

156 801 159 805 ”
205 806 383 837 congruam
398 802 427 828 et
443 798 627 828 honestam.
643 799 911 829 Contradictorcs
927 804 988 830 etc.
1005 799 1089 830 Cum
1105 803 1216 830 autem

205 850 238 879 in
257 850 436 880 eorundem
453 850 598 889 episcopi
615 855 646 880 et
662 851 824 889 capellani
842 851 997 882 manibus
1011 856 1126 890 sponte
1143 860 1215 882 ces-

205 903 283 932 serit
306 903 462 940 regimini
485 903 680 933 monasterii
702 904 878 939 antedicti,
898 905 1018 943 prefati
1040 904 1214 943 episcopus

204 960 233 986 et
263 955 470 994 capellanus,
501 956 692 996 hujusmodi
720 956 908 987 litterarum
936 958 1148 994 auctoritate,
1178 958 1214 987 in

205 1010 361 1039 trecentis
385 1009 479 1040 libris
507 1010 773 1040 Bononiensium
800 1020 857 1049 pro
884 1012 1126 1042 sustentatione
1153 1020 1213 1041 sua

204 1061 400 1092 exhibendis
421 1063 450 1092 ei
467 1063 640 1093 annuatim
656 1063 695 1093 de
713 1063 809 1093 bonis
824 1064 903 1093 dicti
916 1064 1111 1094 monasterii
1127 1068 1158 1094 et
1173 1064 1212 1094 de

204 1114 409 1145 habitatione
424 1116 642 1154 quorumdam
656 1116 828 1146 domorum
839 1121 870 1146 et
886 1126 950 1146 usu
965 1125 1118 1147 vasorum
1135 1126 1212 1156 quo-

202 1167 342 1196 rundam
367 1167 473 1205 ipsius
496 1169 691 1198 monasterii
717 1169 782 1198 sibi
805 1169 1035 1208 quoadvixerit
1060 1169 1212 1208 provide-

202 1224 296 1251 runt,
326 1224 420 1257 prout
448 1220 481 1249 in
509 1221 733 1250 instrumento
759 1221 891 1259 publico
919 1222 1068 1251 consecto
1094 1222 1212 1253 exinde

201 1271 324 1301 dicitur
340 1271 471 1310 plenius
488 1273 664 1303 contineri.
688 1274 756 1303 Nos
773 1274 902 1312 itaque,
921 1274 1027 1312 ipsius
1045 1274 1211 1312 supplica-

201 1324 348 1353 tionibus
370 1324 540 1360 inelinati‚
566 1325 791 1363 provisionem
813 1326 1004 1365 hujusmodi
1024 1330 1129 1356 ratam
1151 1326 1212 1356 ha-

201 1377 316 1406 bentes
333 1381 363 1405 et
386 1381 530 1414 gratam,
555 1378 750 1408 auctoritate
768 1378 947 1416 apostolica
963 1379 1209 1415 confirmantes,

200 1429 397 1459 mandamus
420 1434 584 1468 quatenus
606 1430 730 1461 dictum
752 1431 788 1462 C.
808 1431 843 1460 in
860 1430 1063 1470 corporalem
1078 1441 1211 1470 posses-

201 1482 328 1512 sionem
345 1482 516 1512 domorum
538 1487 568 1513 et
589 1492 743 1513 vasorum
760 1483 940 1514 eorundem
961 1492 1019 1522 per
1040 1488 1070 1514 te
1085 1484 1137 1514 vel
1154 1493 1211 1523 per

200 1535 302 1564 alium
320 1535 515 1565 auctoritate
539 1541 651 1566 nostra
667 1536 830 1567 inducens
847 1540 878 1567 et
894 1537 1076 1567 defendens
1092 1537 1210 1567 induc-

199 1592 280 1619 tum,
298 1588 400 1617 facias
415 1588 444 1618 ei
457 1588 551 1627 juxta
564 1589 828 1619 confirmationis
844 1594 955 1620 nostre
972 1594 1119 1620 tenorem
1135 1599 1211 1629 pro-

201 1641 363 1670 visionem
399 1640 590 1679 hujusmodi
622 1642 784 1672 exbiberi.
819 1642 1098 1673 Contradictores.
1135 1644 1210 1673 Non

201 1693 352 1723 obstante
370 1694 397 1722 si
415 1694 584 1732 aliquibus
602 1712 651 1723 -—.
669 1696 742 1724 Dat.
763 1695 930 1733 Anagnie,
949 1696 1000 1726 III
1016 1704 1121 1726 nonas
1136 1705 1210 1735 sep-

198 1746 348 1776 tembris.
368 1756 454 1777 anno
470 1747 588 1785 primo.
609 1760 621 1774 »

270 1936 354 1964 '239

235 1997 343 2024 Danieli
360 1998 394 2023 de
407 1997 528 2024 Bechles
544 1998 702 2033 dispensat,
717 2004 756 2031 ut,
769 2008 835 2026 cum
853 2001 974 2027 ecclesia
986 2001 1020 2027 de
1031 2001 1207 2036 VVitintone,

197 2045 312 2072 Norwic
333 2047 393 2072 nsis
405 2046 540 2076 diocesis,
553 2052 718 2081 perpetuam
731 2048 863 2075 vicariam
877 2049 1016 2076 ecclesiae
1027 2049 1061 2076 de
1073 2049 1207 2085 Ixninge,

196 2095 326 2128 ejusdem
344 2095 484 2128 diocesis,
502 2096 645 2129 etiamque
661 2104 757 2122 curam
775 2098 934 2124 animarum
955 2099 1121 2132 habentem,
1140 2099 1208 2126 reti-

198 2150 264 2168 nere
281 2143 379 2168 valeat.
398 2143 470 2176 (lteo
498 2144 542 2172 2²4.
561 2152 586 2170 c.
604 2145 665 2177 588,
684 2146 702 2172 f.
720 2145 790 2177 89¹.)

782 1939 907 1974 Anagni.
927 1940 957 1966 12
974 1941 1042 1966 aout
1058 1940 1136 1968 1‘255.

239 2256 250 2269 «
278 2245 398 2273 Danieli
423 2245 456 2273 cle
481 2246 608 2280 Becltles,
634 2248 744 2276 rectori
769 2248 887 2276 ecclesie
911 2248 944 2276 de
977 2248 1202 2287 Wi(n)ti7ttone,

195 2298 397 2325 Norzricmzsz's
429 2298 564 2326 diocesis.
594 2300 661 2329 Tne
689 2300 864 2337 probitatis
896 2301 1015 2330 merita
1047 2318 1094 2330 ———.
1130 2302 1203 2331 Dat.

195 2349 358 2385 Anagnie,
375 2350 404 2379 II
424 2350 498 2379 idus
513 2351 657 2387 augusti,
676 2361 762 2381 anno
781 2353 898 2390 primo.
918 2366 930 2379 n

268 2541 356 2568 240

233 2601 374 2636 Episcopo
399 2602 540 2628 Suellensi
563 2603 687 2633 mandat,
710 2608 738 2630 ut
760 2605 856 2631 clerici
878 2605 1035 2640 Sardiniae,
1058 2608 1204 2635 nonnullis

795 2543 920 2577 Anagni,
938 2544 952 2570 8
969 2546 1037 2571 aout
1055 2545 1132 2573 1255.

195 2651 335 2684 exceptis,
354 2651 380 2676 in
399 2651 563 2685 sumptibus
579 2651 671 2678 Castri
688 2653 854 2688 Grapallae,
876 2655 1047 2682 Arborensis
1065 2656 1202 2688 diocesis.

195 2699 228 2724 ad
255 2698 409 2724 ltonmnam
435 2698 593 2726 Ecclesiam
621 2702 800 2735 pertinentis,
825 2704 1074 2737 proportionaliter
1096 2707 1203 2732 contri-

196 2749 291 2773 buant.
310 2747 390 2779 (ltro.
408 2748 451 2780 ΞΜ,
469 2756 493 2774 c.
513 2748 572 2780 589,
591 2748 608 2774 f.
626 2750 692 2780 89'.)

238 2861 249 2872 a
335 2850 468 2886 episeopo
490 2850 650 2878 Smllensi.
679 2850 742 2879 Sua
765 2852 860 2881 nobis
882 2854 1083 2884 venerabilis
1100 2855 1202 2886 frater

196 2906 307 2930 noster
335 2924 373 2935 ..,
404 2901 672 2940 arehiqnisropus
701 2898 916 2940 Arbore²nsis,
946 2907 1105 2944 petitione
1132 2916 1202 2938 mo-

1302 326 1416 361 nebat,
1444 329 1531 366 quod
1554 334 1699 360 castrum
1722 331 1896 369 Grapalle,
1923 332 2124 363 Arborensis
2147 333 2308 370 diocesis,

1300 379 1387 418 quod
1403 379 1443 409 ad
1460 381 1643 411 Romanam
1661 382 1842 412 Ecclesiam
1855 384 2014 422 pertinet,
2030 385 2179 416 custodie
2195 394 2254 416 sue
2267 386 2309 416 ab

1299 432 1478 470 apostolica
1496 433 1578 464 Sede
1593 435 1818 471 commissum,
1836 445 1894 475 pro
1909 437 1961 466 sui
1977 437 2163 468 munitione
2180 446 2217 467 ac
2233 446 2309 468 cus-

1301 484 1431 515 todibus
1450 489 1495 515 tot
1514 495 1675 525 expensas
1698 488 1800 526 exigit
1820 489 1907 527 quod
1930 489 1999 520 fere
2023 490 2124 520 tercia
2141 499 2217 529 pars
2233 499 2310 529 pro-

1300 541 1458 567 ventuum
1485 538 1789 578 archiepiscopatus
1815 541 1868 570 sui
1893 541 1946 571 vix
1969 542 2091 572 sufficit
2117 551 2175 581 pro
2201 543 2308 581 ipsius

1298 590 1399 620 castri
1416 590 1604 628 sumptibus
1617 592 1812 622 subeundis.
1826 593 1934 630 Quare
1951 593 2142 633 hujusmodi
2152 599 2310 632 gravatus

1299 642 1463 680 expensis,
1482 642 1577 681 petiit
1593 643 1657 672 sibi
1675 644 1846 682 superhoc
1858 654 1916 683 per
1931 645 2018 675 dicte
2030 646 2125 676 Sedis
2137 646 2309 684 providen-

1299 695 1378 724 tiam
1397 695 1580 725 subveniri.
1598 695 1681 726 Cum
1696 696 1807 735 itaque
1824 705 1925 727 onera
1940 697 2047 727 divisa
2063 707 2121 736 per
2137 703 2246 737 partes
2264 698 2311 729 le-

1299 747 1372 776 vius
1397 752 1644 786 supportentur,
1666 748 1773 787 ipsius
1796 749 2036 788 archiepiscopi
2060 750 2310 789 supplicationi-

1299 801 1359 830 bus
1375 800 1544 837 inelinati‚
1562 801 1759 831 mandamus
1778 802 1936 841 quatinus
1952 802 2096 841 prelatos
2121 807 2153 834 et
2171 803 2309 835 clericos

1297 852 1406 883 insule
1426 853 1580 883 Sardinie
1598 858 1662 883 tam
1679 854 1850 892 regulares
1867 864 1967 893 quam
1981 855 2160 891 seculares,
2176 864 2309 894 exemp-

1298 910 1347 936 tos
1373 911 1403 936 et
1426 915 1490 935 non
1517 910 1705 944 exemptos,
1730 906 2030 943 Cisterciensibus,
2056 907 2254 947 Templariis
2276 911 2309 939 et

1299 958 1532 997 llospitalariis
1555 959 1848 998 Jerosolymitanis
1875 964 1905 990 et
1928 960 1967 990 de
1989 959 2065 990 Alto
2089 969 2191 998 passu
2211 960 2310 990 dum-

1297 1015 1383 1041 taxat
1403 1012 1567 1050 exceptis,
1592 1012 1633 1041 ad
1652 1012 1930 1042 contribuendum
1956 1012 2248 1051 proportionaliter
2270 1013 2307 1043 in

1296 1065 1483 1103 sumptibus
1500 1065 1579 1094 dicti
1595 1065 1707 1100 castri,
1726 1069 1822 1103 prout
1838 1065 1986 1103 pensatis
2003 1065 2219 1095 ecclesiarum
2233 1074 2307 1096 sua-

1296 1126 1367 1146 rum
1385 1116 1599 1147 facultatibus
1617 1117 1741 1147 videris
1758 1118 1922 1156 expedire.
1943 1118 2017 1148 Non
2037 1117 2190 1148 obstante
2205 1117 2234 1147 si
2250 1126 2307 1148 eo-

1295 1178 1367 1199 rum
1395 1170 1564 1208 aliquibus
1590 1187 1639 1204 -,
1664 1174 1695 1199 et
1724 1170 1962 1200 constitutione
1987 1170 2026 1200 de
2055 1170 2184 1200 duabus
2205 1170 2306 1201 dietis

1294 1222 1382 1251 edita
1401 1222 1437 1250 in
1462 1221 1603 1251 concilio
1621 1221 1780 1259 generali,
1799 1222 1974 1252 dummodo
1993 1222 2081 1252 ultra
2100 1222 2237 1253 terciam
2253 1221 2305 1252 vel

1294 1278 1446 1312 quartam
1459 1278 1520 1303 etc.
1538 1282 1644 1312 usque
1663 1284 1668 1303 :
1687 1274 1849 1309 trahatur,
1867 1274 2051 1305 monitione
2066 1274 2229 1312 premissa
2246 1283 2306 1313 per

1294 1331 1324 1356 te
1341 1326 1392 1356 vel
1408 1326 1510 1356 alium
1525 1326 1732 1364 appelatione
1749 1330 1875 1357 remota
1886 1327 2082 1357 auctoritate
2096 1331 2209 1357 nostra
2219 1335 2306 1357 com-

1293 1387 1419 1417 pescas.
1438 1380 1511 1409 Dat.
1526 1379 1690 1416 Anagnie,
1703 1380 1749 1409 VI
1766 1379 1840 1408 idus
1857 1379 2001 1417 augusti,
2020 1388 2107 1409 anno
2122 1379 2239 1418 primo.
2260 1391 2274 1406 n

1365 1552 1446 1580 ⁸241
1876 1552 2002 1587 Anagni,
2019 1551 2053 1579 ‘28
2068 1552 2137 1579 aosst
2153 1551 2232 1579 1255.

1329 1614 1558 1648 Archiepiscopo
1574 1613 1739 1640 Nloosiensi
1755 1618 1784 1640 et
1798 1613 1935 1648 episcopo
1953 1612 2165 1648 Famagustano
2177 1612 2304 1648 mandat,

1295 1666 1325 1689 ut
1341 1663 1451 1689 irritent
1469 1663 1681 1689 matrimonium
1698 1665 1877 1689 contractum
1894 1662 1968 1688 inter
1986 1661 2159 1688 Placentiam
2177 1661 2304 1696 reginam

1292 1710 1389 1746 Cypri,
1406 1716 1434 1737 et
1452 1710 1609 1745 Balianum,
1629 1715 1726 1738 natum
1741 1711 1884 1737 Johannis
1900 1710 2008 1737 domini
2024 1710 2058 1737 de
2075 1712 2202 1742 Arsuro,
2219 1710 2305 1738 tertio

1292 1760 1553 1793 consanguinitatis
1583 1760 1672 1794 gradu
1704 1768 1736 1786 se
1769 1761 1982 1794 contingentes.
2008 1759 2091 1792 (Rso.
2117 1759 2163 1794 24,
2188 1767 2215 1786 e.
2240 1759 2303 1794 590,

1293 1809 1312 1836 f.
1333 1808 1397 1840 89';
1415 1808 1563 1835 Porrmsr
1584 1809 1690 1841 16005.)

1333 1922 1346 1936 «
1367 1932 1400 1945 ..,
1420 1910 1644 1948 archiepiscopo
1661 1911 1846 1945 Nicosicnsi,
1874 1915 1900 1938 et
1920 1932 1952 1945 ..,
1977 1911 2110 1947 episcopo
2132 1910 2305 1947 Famayus-

1292 1969 1374 1992 lano,
1396 1964 1487 1993 Inter
1510 1963 1576 1993 alia
1598 1972 1661 2002 que
1681 1963 1776 1993 nobis
1798 1972 1835 1992 ex
1858 1963 2007 2002 injuncto
2028 1962 2230 2001 apostolatus
2248 1963 2302 1992 in-

1291 2016 1451 2045 cumbunt
1465 2016 1572 2046 officio
1588 2016 1787 2050 animarum,
1805 2015 1961 2053 precipue
1977 2024 2036 2045 nos
2050 2015 2205 2045 convenit
2220 2015 2302 2054 vigi-

1290 2068 1358 2098 lare
1378 2068 1496 2098 saluti.
1521 2072 1556 2098 ut
1579 2077 1634 2098 eas
1659 2068 1741 2105 Regi
1767 2076 1900 2105 regum,
1922 2067 1979 2106 qui
1996 2076 2055 2097 nos
2071 2067 2204 2097 illorum
2223 2067 2302 2098 licet

1290 2121 1474 2150 immeritos
1484 2120 1587 2150 voluit
1599 2129 1731 2158 preesse
1744 2120 1912 2157 regimini,
1926 2119 2122 2149 lucrifacere
2132 2128 2192 2150 sua
2204 2119 2301 2150 nobis

1290 2177 1484 2211 cooperante
1505 2173 1609 2210 gratia
1628 2172 1808 2202 valeamus.
1826 2171 1947 2201 Adhoc
1959 2172 2048 2201 enim
2066 2176 2179 2201 nostra
2195 2171 2302 2202 tendit

1289 2225 1442 2259 intentio,
1458 2225 1519 2255 hoe
1535 2224 1610 2254 totis
1624 2224 1856 2262 amplectimur
1869 2223 2057 2259 desideriis,
2073 2224 2161 2254 circa
2173 2224 2207 2253 id
2221 2233 2301 2254 eon-

1290 2279 1382 2308 tinue
1400 2278 1571 2307 meditatio
1591 2282 1703 2307 nostra
1722 2281 1872 2306 versatur
1889 2281 1919 2306 et
1941 2276 1980 2306 ad
2003 2276 2035 2305 id
2053 2272 2186 2314 opera'm
2205 2277 2300 2316 juxta

1288 2331 1525 2361 insufficientie
1551 2335 1661 2360 nostre
1680 2330 1937 2368 possibilitatem
1960 2329 2137 2359 efficaciter
2160 2329 2300 2360 adhihe-

1289 2394 1373 2418 mus,
1394 2388 1429 2413 ut
1445 2383 1581 2421 singuli,
1601 2384 1720 2413 erectis
1743 2383 1783 2412 ad
1805 2384 1910 2413 Deum
1929 2382 2034 2412 oculis
2058 2382 2299 2421 affectibusque

1288 2437 1422 2466 directis
1449 2437 1525 2466 totis
1550 2436 1588 2465 ad
1614 2436 1733 2474 ipsum,
1758 2435 1818 2465 sub
1846 2435 2049 2465 conscientie
2070 2443 2151 2472 pure
2177 2434 2300 2464 fiducia

1288 2490 1423 2520 tendant
1440 2489 1610 2526 gressibus
1627 2498 1737 2518 secum
1763 2488 1834 2517 sine
1856 2488 1920 2517 fine
1940 2487 2006 2517 vite
2023 2487 2212 2525 perempnis
2229 2486 2299 2524 glo-

1287 2542 1371 2571 riam
1389 2542 1546 2580 potituri,
1572 2542 1627 2580 qui
1645 2541 1686 2571 ad
1706 2541 1793 2579 ipsos
1819 2549 1859 2570 ne
1878 2540 2003 2579 absque
2024 2539 2166 2569 termino
2190 2548 2298 2569 mora-

1288 2598 1402 2624 rentur
1431 2594 1582 2623 accessit.
1615 2594 1720 2623 Sane.
1753 2593 1837 2622 sicut
1869 2602 1905 2622 ex
1939 2597 2029 2631 parte
2060 2592 2232 2622 carissime
2262 2592 2298 2621 in

1287 2647 1420 2677 Christo
1442 2646 1508 2675 filie
1533 2651 1642 2676 nostre
1668 2646 1853 2681 Placentie,
1879 2645 2022 2675 illustris
2043 2645 2157 2683 regine
2181 2644 2296 2683 Cypri,

1287 2699 1400 2729 relicte
1417 2699 1504 2729 clare
1521 2699 1679 2729 memorie
1697 2699 1833 2728 Ilenrici
1853 2698 1940 2735 regis
1957 2697 2074 2736 Cypri,
2093 2697 2157 2727 fuit
2180 2705 2299 2735 propo-

1287 2752 1389 2781 situm
1411 2760 1521 2781 coram
1545 2752 1656 2784 nobis,
1682 2752 1751 2789 ipsa
1774 2750 1969 2790 J'amdudum
1992 2759 2067 2779 cum
2098 2749 2201 2779 nobili
2226 2750 2298 2779 viro

1288 2804 1437 2838 Baliano,
1456 2810 1532 2834 nato
1549 2804 1671 2833 nobilis
1690 2804 1753 2833 viri
1771 2803 1935 2834 Johannis
1952 2802 2078 2832 domini
2095 2802 2133 2832 de
2152 2803 2294 2836 Arsur0‚

1286 2857 1451 2894 prefatum
1479 2866 1589 2894 regem
1616 2857 1723 2886 virum
1754 2866 1849 2886 suum
1874 2856 1971 2885 tertia
1994 2854 2297 2892 consanguinitatis

1285 2908 1374 2938 linea
1395 2909 1624 2947 contingente,
1650 2909 1899 2939 matrimonium
1920 2909 1959 2938 de
1980 2908 2067 2937 facto
2085 2907 2166 2946 quin
2185 2907 2297 2946 potius
