2441 3330
184 195 220 224 56
909 193 1148 223 REGISTRES
1169 192 1476 224 D‘ALEXANDRE
1499 194 1555 224 IV.

182 259 455 290 communitatibus
477 259 639 288 civitatum
662 263 875 288 oleastrorum
897 265 923 289 et
942 268 1047 289 eorum
1059 263 1191 298 potesta-

184 313 261 342 tibus
276 320 327 340 seu
342 311 507 340 rectoribus
520 312 674 340 universis
690 312 722 340 in
735 312 929 342 Patrimonio
943 313 1071 342 Ecclesie
1081 314 1190 342 consti-

183 364 268 393 tutis.
287 364 453 393 Honorem
463 362 565 393 Urbis
580 367 640 393 etc.
658 367 694 393 ut
710 363 744 393 in
757 363 822 394 alia
835 373 940 404 usque
955 365 1189 395 accendantur.

182 432 221 437 —
234 415 431 445 mandamus
447 415 605 454 quatinus
622 419 683 446 etc.
701 424 806 455 usquc
823 416 857 446 in
873 417 982 448 finem.
1005 430 1018 445 »

252 580 340 608 20³
738 580 854 617 Naples‚
874 581 904 609 13
918 582 1022 609 fevrier
1040 583 1118 610 1255.

217 641 384 674 Laurentio,
404 643 567 677 praeposito
588 643 728 670 ecclesiae
743 651 767 671 s.
790 643 912 671 Yrenaei
933 644 1116 678 sirmiensis,
1134 647 1190 673 vil-

181 690 235 717 lam
253 691 336 717 sitam
353 692 381 716 in
403 690 507 717 Zlacho
528 694 556 717 et
578 691 733 725 vulgariter
757 691 867 719 Drasch
890 697 1082 729 nuncupatam
1103 703 1189 729 quam

181 739 206 765 ei
223 739 378 773 episcopus
399 738 568 766 Sirmiensis
588 740 732 767 concessit
753 741 846 775 quoad
864 742 966 768 vixerit
987 743 1189 777 possidendam

181 787 340 813 confirmat.
358 786 441 820 (Rea.
458 788 502 819 24,
520 796 545 814 c.
567 788 625 822 ¹80,
641 788 661 816 f.
678 788 740 820 22ss
761 788 907 817 t’orwisr
926 790 1032 824 15687.)

223 899 235 914 «
254 888 433 924 Laurentio,
449 890 600 927 preposito
618 891 736 920 ecclesie
751 892 851 921 sancti
871 893 975 922 Yrenei
989 893 1185 931 Syrmiensis.

180 940 287 971 Justis
302 941 486 979 petentium
502 945 563 972 etc.
579 951 684 982 usque
701 943 864 982 complere
879 962 928 974 —.
946 946 1018 976 Dat.
1037 946 1187 985 Neapoli,

179 992 291 1023 idibus
310 994 482 1030 februarii,
502 1004 588 1026 anno
602 995 720 1034 primo.
740 1008 753 1023 »

252 1158 340 1187 204
776 1161 892 1197 Naples,
913 1162 928 1190 6
945 1171 1021 1191 mars
1040 1163 1116 1192 1255.

216 1220 323 1247 Abbati
339 1225 367 1248 et
382 1223 537 1249 conventui
552 1223 717 1250 monasterii
734 1223 873 1251 Cavensis
888 1225 1028 1261 indulget,
1046 1230 1076 1254 ut
1093 1227 1189 1255 nullus

181 1270 351 1296 auctoritate
369 1269 527 1298 litterarum
543 1270 627 1298 Sedis
642 1273 817 1307 apostolicae
833 1273 867 1300 de
883 1274 1057 1309 prioratibus
1074 1279 1124 1303 aut
1139 1284 1190 1304 ec-

180 1317 278 1344 clesiis
294 1318 338 1344 vel
353 1318 416 1345 aliis
431 1319 503 1346 locis
518 1319 553 1346 ad
569 1321 775 1348 monasterium
791 1330 891 1349 eorum
907 1324 1106 1358 spectantibus
1122 1333 1190 1360 pos-

179 1365 218 1392 sit
234 1365 319 1393 alicui
340 1367 505 1402 providere,
520 1367 629 1403 absque
644 1369 762 1404 speciali
785 1370 918 1398 mandato
941 1371 1026 1399 Sedis
1045 1373 1188 1408 eJusdem.

180 1414 263 1449 (Rea.
280 1415 324 1450 24,
341 1424 367 1444 e.
386 1416 446 1451 181,
462 1417 481 1443 f.
498 1416 567 1450 22V.)

223 1528 235 1543 «
257 1540 289 1550 ..,
307 1517 408 1547 abbati
424 1523 450 1547 et
468 1520 634 1549 conventui
651 1522 832 1550 monasterii
848 1522 1007 1560 Cauensis,
1025 1525 1064 1554 ad
1079 1526 1190 1555 Roma-

179 1578 254 1599 nam
267 1570 432 1600 Ecclesiam
445 1573 532 1601 nullo
545 1573 643 1602 medio
653 1575 848 1611 pertinentis,
861 1577 981 1606 ordinis
991 1579 1091 1608 sancti
1101 1579 1189 1608 Bene-

180 1623 264 1652 dicti.
284 1624 362 1653 Paci
379 1628 410 1654 et
428 1625 664 1664 tranquillitati
681 1644 729 1656 —.
751 1628 825 1658 Dat.
852 1629 1008 1668 Neapoli,
1034 1631 1067 1661 II
1084 1640 1189 1662 nonas

179 1675 303 1711 martii,
321 1685 407 1707 anno
421 1677 539 1716 primo.
560 1690 573 1705 »

251 1841 341 1870 205
779 1845 896 1882 Naples,
913 1847 928 1874 'l
946 1856 1022 1875 mars
1039 1849 1116 1876 1255.

214 1903 330 1931 Eisdem
347 1904 477 1940 indulget
495 1908 524 1932 ut
540 1914 590 1940 per
603 1908 767 1941 generalem
778 1908 938 1936 clausulam
951 1910 1091 1946 «quidam
1103 1911 1150 1938 alii
1163 1924 1188 1947 »,

179 1959 251 1985 quae
274 1951 438 1986 frequenter
455 1953 484 1980 in
505 1954 607 1981 litteris
633 1956 799 1990 apostolicis
820 1959 971 1986 consuevit
990 1961 1110 1995 apponi,
1131 1968 1188 1987 non

178 1999 292 2034 possint
307 2000 487 2035 aliquatenus
503 2003 660 2030 conveniri.
681 2004 763 2037 (Rau.
778 2005 824 2038 24,
841 2014 866 2033 c.
886 2006 959 2039 181¹,
976 2007 996 2036 f.
1011 2008 1081 2042 22¹¹.)

222 2113 234 2128 «
258 2102 389 2131 Eisdem.
408 2103 447 2132 Et
469 2107 579 2135 vestra
600 2105 736 2145 supplex
753 2124 802 2136 —.
826 2108 900 2138 Dat.
918 2109 1072 2149 Neapoli,
1091 2111 1189 2142 nonis

179 2154 302 2191 martii,
322 2164 408 2185 anno
421 2156 538 2194 primo.
560 2170 573 2184 »

249 2321 337 2350 208
734 2325 853 2362 Naptes,
869 2327 902 2355 25
918 2327 1022 2355 sevrier
1038 2328 1116 2358 1255.

214 2382 358 2418 Episcopo
379 2383 533 2412 Parisiensi
554 2385 698 2420 indulget,
715 2390 746 2414 ut
761 2388 825 2422 cogi
846 2396 902 2415 non
923 2386 1016 2424 possit
1031 2391 1066 2418 ad
1086 2399 1188 2427 recep-

179 2430 286 2458 tionem
304 2433 346 2458 vel
363 2432 556 2467 provisionem
574 2435 746 2469 cujusquam
761 2437 788 2462 in
801 2437 932 2464 eeclesiis
944 2446 1064 2473 quarum
1075 2440 1188 2468 collatio

179 2479 214 2506 ad
230 2487 261 2506 se
279 2484 398 2514 spectat.
417 2480 497 2515 (Reo.
514 2481 557 2514 24,
575 2490 600 2509 c.
622 2482 684 2518 18³2,
701 2484 720 2510 f.
737 2484 807 2517 22V.)

223 2593 235 2607 «
254 2603 286 2615 ..‚
300 2582 433 2619 episcopo
444 2583 624 2612 Parisiensi.
640 2583 774 2614 Sincere
789 2585 973 2618 devotionis
988 2590 1186 2621 affectus—.

181 2633 269 2663 Hinc
285 2638 334 2663 est
354 2634 441 2672 quod
456 2635 522 2665 tuis
539 2635 837 2674 supplicationibus
856 2639 1025 2677 inclinati,
1046 2643 1132 2681 quod
1149 2645 1189 2674 ad

180 2686 403 2725 receptionem
418 2687 470 2718 vel
484 2689 707 2726 provisionem
724 2691 920 2731 cujusquam
936 2694 969 2723 in
987 2695 1137 2727 ecclesiis
1152 2697 1188 2727 in

182 2739 303 2778 quibus
328 2740 571 2778 prebendarum
594 2750 651 2771 seu
680 2742 916 2775 beneficiorum
941 2747 1072 2779 collatio
1095 2750 1135 2779 ad
1157 2755 1189 2781 te

182 2796 317 2830 spectat,
335 2797 368 2821 tu
382 2793 432 2823 vel
449 2793 664 2824 ecclesiarum
680 2796 828 2834 ipsarum
844 2799 998 2837 capitula,
1013 2810 1071 2832 seu
1089 2803 1189 2833 etiam

182 2844 220 2875 de
228 2845 447 2883 pensionibus
456 2850 512 2876 aut
523 2847 788 2888 quibuscumque
798 2851 982 2883 redditibus
994 2863 1052 2892 per
1060 2855 1188 2887 litteras

1274 258 1451 296 apostolice
1468 259 1564 290 Sedis
1582 259 1633 291 vel
1651 259 1776 298 legatos
1792 260 1898 299 ipsius
1915 260 2109 300 impetratas
2123 270 2182 300 per
2199 270 2281 301 quas

1274 320 1339 341 non
1356 311 1399 342 sit
1411 312 1466 351 jus
1484 311 1584 342 alicui
1601 313 1803 352 acquisitum
1815 312 1867 343 vel
1881 313 1981 344 etiam
1989 313 2214 352 impetrandas
2223 323 2281 344 cu·-

1270 364 1468 404 juscumque
1487 366 1610 396 tenoris
1627 366 1780 402 existant,
1799 366 1898 396 etiam
1915 366 1943 396 si
1960 366 2169 396 contineatur
2185 366 2219 396 in
2235 367 2282 406 ip-

1273 417 1320 447 sis
1343 417 1430 456 quod
1455 417 1601 457 quelibet
1626 418 1804 457 apostolice
1822 418 1918 449 Sedis
1936 418 2145 456 indulgentia
2167 427 2281 449 earum

1273 470 1544 508 impetratoribus
1561 480 1626 501 non
1642 471 1792 506 obsistat,
1811 471 1878 501 nisi
1895 471 2043 510 ejusdem
2059 471 2154 502 Sedis
2171 470 2281 502 littere

1273 522 1479 562 impeti-ande
1494 523 1626 562 plenam
1641 528 1671 554 et
1687 532 1877 562 expressam
1893 523 2006 554 dehac
2023 523 2231 562 indulgentia
2249 527 2282 555 et

1273 579 1339 606 toto
1361 579 1474 606 tenore
1497 576 1603 615 ipsius
1623 576 1662 607 de
1685 576 1784 607 verbo
1805 576 1846 606 ad
1864 576 2001 606 verbum
2023 580 2053 606 et
2075 580 2131 606 tuo
2149 575 2281 615 proprio

1273 629 1407 659 nomine
1423 629 1626 659 mentionem
1642 629 1781 659 fecerint
1799 628 1936 658 minime
1953 628 2135 659 teneamini
2148 636 2208 659 nec
2224 627 2282 658 ali-

1274 686 1438 720 quatenus
1455 683 1526 720 cogi
1542 683 1689 721 possitis,
1708 682 1910 712 fraternitati
1928 686 1981 712 tue
1995 681 2190 712 auctoritate
2205 689 2281 720 pre-

1274 735 1419 766 sentium
1435 735 1658 773 indulgemus.
1677 734 1770 765 Nulli
1783 739 1844 765 etc.
1858 738 1969 765 nostre
1981 733 2207 765 concessionis
2217 738 2278 764 etc.

1273 789 1347 818 Dat.
1365 788 1515 827 Neapoli,
1532 789 1560 819 V
1576 788 1735 819 kalendas
1752 788 1875 822 martii,
1893 796 1980 818 anno
1995 787 2113 826 primo.
2132 799 2146 814 r»

1343 952 1432 982 2⁰⁸7
1866 953 1984 988 Naples,
2001 952 2017 980 6
2035 960 2112 980 mars
2130 951 2209 980 ¹255.

1310 1015 1414 1052 Abbati
1438 1018 1466 1042 et
1489 1016 1644 1043 conventui
1667 1015 1832 1042 monasterii
1857 1015 1986 1050 Virginis
2010 1014 2117 1042 Mariae
2141 1014 2177 1041 de
2201 1013 2282 1042 Valle

1272 1063 1428 1098 Josapbat,
1445 1065 1531 1098 cujus
1547 1064 1697 1099 privilegia
1713 1064 1848 1091 nonnulla
1864 1064 1981 1091 fuerunt
1996 1063 2143 1098 deperdita
2157 1071 2284 1100 occupa-

1273 1112 1401 1139 tionibus
1421 1112 1658 1143 Sarracenorum.
1683 1113 1829 1148 indulget,
1854 1116 1884 1140 ut
1908 1113 2056 1148 privilegia
2077 1112 2212 1139 innovata
2232 1119 2284 1148 pei·

1272 1169 1372 1196 papam
1391 1161 1502 1196 plenam
1521 1162 1577 1188 vim
1593 1161 1727 1189 habeant.
1744 1161 1824 1197 (Rae.
1842 1162 1888 1194 24,
1904 1161 2003 1193 c.183,
2020 1161 2040 1189 f.
2056 1161 2105 1193 23;
2121 1159 2208 1187 H.-1·'.
2226 1159 2284 1188 Dc-

1272 1218 1407 1244 LABORDE,
1424 1211 1537 1238 Charias
1550 1211 1582 1237 de
1600 1211 1679 1237 Terre
1692 1211 1797 1242 Sainle,
1816 1211 1889 1244 104.)
1912 1233 1917 1236 .

1314 1323 1327 1338 α
1353 1334 1385 1347 ..,
1410 1312 1511 1342 abbati
1533 1317 1559 1342 et
1583 1313 1748 1342 conventui
1770 1313 1950 1342 monasterii
1976 1312 2113 1349 Virginis
2130 1311 2227 1342 Maria
2247 1311 2282 1341 de

1276 1368 1356 1397 Valle
1369 1368 1513 1405 Josaphat
1533 1368 1572 1397 ad
1587 1368 1757 1397 Romanam
1773 1367 1940 1397 Ecclesiam
1963 1367 2050 1396 nullo
2071 1366 2169 1396 medio
2181 1367 2282 1405 perti-

1272 1421 1384 1456 nentis,
1412 1421 1532 1450 ordinis
1559 1421 1660 1450 sancii
1686 1420 1848 1456 Benedicti,
1879 1420 2124 1450 Jerosolimitane
2145 1419 2280 1450 diocesis.

1273 1473 1370 1503 Pacis
1393 1477 1501 1503 vestre
1523 1477 1701 1512 querentes
1725 1490 1774 1502 —.
1799 1473 1885 1503 Sane
1909 1472 2026 1511 petitio
2051 1475 2162 1502 vest-ra
2185 1471 2282 1503 nohis

1273 1525 1421 1556 exhibita
1433 1526 1623 1557 continebat
1638 1526 1735 1565 quod,
1749 1526 1951 1556 monasterio
1963 1529 2074 1556 vestro
2086 1524 2165 1555 olim
2179 1534 2197 1555 a
2209 1525 2282 1556 Sar-

1273 1579 1404 1609 raeenis
1431 1578 1566 1609 illarum
1593 1579 1738 1617 partium
1762 1578 1889 1617 pluries
1916 1581 2089 1617 occupato,
2121 1576 2283 1608 nonnulla

1272 1631 1449 1670 privilegia
1473 1632 1595 1671 quibus
1620 1632 1707 1662 idem
1734 1631 1975 1662 monasterium
2002 1630 2169 1661 munitum
2199 1635 2280 1667 erat,

1273 1689 1468 1714 ornamenta
1490 1685 1591 1714 etiam
1613 1685 1839 1715 ecclesiastiea
1861 1688 1893 1715 et
1914 1683 1981 1714 alia
1999 1683 2086 1714 bona
2107 1683 2282 1722 quamplu-

1272 1738 1358 1767 rima
1386 1738 1521 1768 fuerunt
1549 1738 1673 1768 ibidem
1701 1737 1888 1768 miserabili
1912 1746 1992 1768 casu
2018 1736 2198 1775 deperdita,
2224 1745 2283 1775 per

1273 1800 1414 1829 quorum
1436 1790 1687 1829 privilegiorum
1703 1791 1919 1821 amissionem
1934 1790 2022 1820 idem
2041 1789 2282 1820 monasterium

1273 1843 1453 1873 enormiter
1480 1843 1664 1873 dinoscitur
1691 1852 1763 1874 esse
1784 1843 1904 1873 lesum.
1929 1843 2013 1874 Cum
2036 1842 2140 1880 igitur
2167 1842 2282 1873 eadem

1271 1895 1448 1934 privilegia
1462 1905 1521 1935 per
1539 1906 1598 1927 nos
1614 1897 1769 1927 innovari
1786 1895 2000 1926 obtinueritis
2016 1899 2048 1926 et
2064 1899 2177 1926 nostra
2191 1894 2281 1925 bulla

1272 1949 1397 1979 muniri
1409 1949 1632 1988 supplicastis,
1648 1953 1694 1985 ut,
1709 1959 1749 1980 ne
1760 1958 1818 1988 per
1829 1948 2045 1979 amissionem
2059 1948 2284 1986 predictorum

1271 2001 1523 2040 privilegiorum
1553 2002 1769 2041 originalium
1798 2002 1886 2032 idem
1912 2000 2153 2032 monasterium
2177 2000 2283 2040 possit

1271 2055 1443 2086 incurrere
1459 2055 1710 2092 detrimentum,
1728 2056 1901 2095 providere
1920 2055 2014 2085 vobis
2032 2063 2132 2094 super
2147 2053 2209 2085 hoc
2223 2062 2282 2093 pa·

1272 2112 1366 2138 terna
1385 2107 1609 2139 sollicitudine
1628 2117 1833 2139 curaremus.
1857 2109 1926 2138 Nos
1946 2108 2050 2146 igitur
2064 2106 2184 2138 vestris
2203 2116 2282 2146 sup-

1271 2160 1508 2199 plicationibus
1528 2161 1697 2197 inclinati,
1720 2166 1755 2191 ut
1778 2161 1892 2192 eadem
1915 2160 2091 2199 privilegia
2113 2160 2162 2190 sic
2182 2160 2281 2190 inno-

1271 2217 1346 2243 vata
1371 2222 1445 2243 cum
1468 2213 1688 2251 originalibus
1713 2214 1852 2244 eandem
1873 2213 1942 2243 vim
1963 2212 2135 2243 obtineant
2156 2216 2224 2242 tam
2244 2212 2281 2242 in

1267 2265 1406 2305 judiciis
1428 2275 1528 2305 quam
1552 2270 1654 2301 extra,
1679 2266 1707 2297 si
1735 2275 1793 2297 vos
1820 2266 1869 2296 eis
1892 2266 1943 2296 uti
1972 2265 2159 2303 contigerit,
2182 2264 2282 2304 plena

1270 2320 1352 2351 fides
1367 2320 1453 2350 sicut
1468 2320 1551 2359 ipsis
1568 2320 1766 2350 adhiheatur
1783 2319 2019 2358 originalibus,
2038 2321 2223 2350 statuentes
2238 2326 2282 2348 ne

1271 2373 1364 2404 vobis
1380 2373 1550 2403 incumbat
1566 2373 1748 2403 necessitas
1762 2373 1798 2402 in
1811 2372 1937 2403 eisdem
1949 2371 2086 2411 judiciis
2101 2370 2167 2401 alia
2182 2369 2280 2409 origi-

1271 2426 1362 2456 nalia
1376 2426 1552 2464 privilegia
1568 2426 1774 2461 ostendendi,
1792 2425 1864 2464 lege
1883 2424 2031 2464 qualibet
2046 2423 2213 2455 contraria
2227 2422 2280 2454 vel

1271 2479 1508 2509 constitutione
1528 2479 1687 2509 canoniea
1709 2487 1774 2509 non
1795 2479 1964 2514 obstante,
1988 2477 2184 2508 auctoritate
2204 2484 2280 2515 pre-

1272 2532 1416 2562 sentium
1432 2532 1656 2570 indulgemus.
1674 2531 1766 2562 Nulli
1779 2541 1855 2569 ergo
1867 2536 1928 2562 etc.
1946 2535 2058 2562 nostre
2073 2528 2279 2561 constitutio-

1271 2585 1324 2615 nis
1339 2589 1370 2615 et
1384 2585 1609 2615 concessionis
1625 2589 1686 2615 etc.
1702 2585 1737 2615 Si
1752 2585 1827 2623 quis
1841 2588 1951 2614 autem
1964 2588 2025 2614 etc.
2038 2583 2112 2613 Dat.
2126 2580 2278 2621 Neapoli,

1272 2638 1303 2668 II
1320 2646 1424 2668 nonas
1442 2637 1566 2674 martii,
1586 2646 1672 2668 anno
1688 2638 1806 2676 primo.
1825 2650 1838 2664 »

1343 2802 1432 2831 208

1309 2862 1444 2890 Donadeo
1468 2865 1495 2890 in
1517 2864 1684 2899 episcopum
1707 2863 1912 2891 civitatensem
1927 2872 1943 2890 a
1963 2862 2115 2889 Guillelmo
2130 2869 2155 2889 s.
2172 2860 2278 2888 Eusta-

1837 2801 1954 2836 Naples,
1971 2801 1986 2828 5
1998 2800 2112 2835 janvier
2132 2800 2206 2827 1:55.
