2441 3330
216 218 251 246 50
938 216 1177 247 REGISTRES
1199 216 1506 249 D'ALEXANDRE
1529 220 1583 251 IV.

214 282 279 311 tius
305 281 421 311 officiis
443 281 565 309 divinis
589 281 746 310 intersint
768 290 832 320 11110
857 282 1089 320 spiritualibus
1114 283 1220 312 inten-

213 334 328 363 dentes
370 337 480 371 presto
521 333 586 362 sibi
626 333 738 372 aliqua
776 336 991 372 cognoverint
1027 336 1220 375 temporalia

212 389 421 424 proventura,
444 385 505 415 tibi
525 386 693 416 statuendi
709 387 892 418 cotidianas
915 388 1168 420 distributiones
1186 391 1220 420 in

212 438 351 468 ecclesia
369 438 526 476 Capuana
547 448 652 478 usqne
677 439 717 469 ad
737 449 900 470 summam
921 441 1137 472 ducentarum
1157 452 1221 473 un-

211 492 338 521 ciarum
359 491 430 521 auri
448 501 485 521 110
506 492 675 522 dividendi
697 497 828 532 propter
852 494 912 524 1100
935 494 1094 526 beneficia
1115 496 1220 535 ipsius

211 544 350 574 ecclesie
371 553 445 574 cum
468 545 631 574 vacabunt
654 550 685 575 et
707 555 821 576 earum
845 547 1055 577 medietatem
1080 549 1113 578 in
1139 558 1220 579 usus

212 596 402 635 hujusmodi
419 606 591 636 quousque
608 598 647 627 ad
666 608 829 628 summam
844 600 948 638 ipsam
968 605 1100 631 ventum
1120 602 1220 632 suerit

212 649 424 679 convertendi
449 650 659 679 medietatem
691 651 790 681 aliam
819 657 915 690 prout
945 653 985 682 ad
1014 658 1044 683 te
1078 655 1221 692 pertinet

210 702 421 736 conferendo,
443 702 489 732 ita
510 704 595 742 (111011
618 704 872 735 distributiones
893 706 963 744 ipse
980 706 1147 737 dumtaxat
1170 708 1220 746 ip-

210 754 280 783 sius
306 754 444 785 ecclesie
468 756 710 792 sacerdotibus,
733 757 928 787 diaconibus
951 763 980 788 et
1007 759 1220 790 subdiaconi-

210 807 271 836 bus
284 806 346 846 (sie)
362 811 392 837 et
407 807 684 838 subdiaconorum
698 809 803 839 10011111
818 811 1008 841 tenentibus
1023 812 1129 841 solum
1141 813 1217 842 dum

210 860 380 890 canonicis
399 860 490 890 horis
513 861 699 891 intererunt
715 862 926 900 prebeantur,
946 873 1072 893 necnon
1090 869 1121 894 et
1141 874 1219 895 con-

209 913 404 943 tradictores
420 919 494 949 etc.,
511 923 575 943 non
592 915 801 944 obstantibus
815 916 1080 956 quibuscumque
1096 918 1218 949 litteris

209 965 387 1003 apostolice
409 966 504 996 Sedis
524 967 576 997 vel
600 967 783 1005 legatorum
807 969 877 1008 ejus
901 978 1000 1007 snper
1029 970 1217 1010 aliquorum

209 1018 396 1056 receptione
413 1019 464 1049 vel
483 1020 673 1057 provisione
690 1021 724 1049 in
748 1021 820 1059 ipsa
842 1022 982 1052 ecclesia
998 1023 1142 1054 obtentis
1158 1034 1216 1055 5011

209 1071 308 1100 etiam
328 1071 529 1107 obtinendis,
551 1077 582 1102 et
599 1074 751 1112 quamvis
770 1075 917 1113 ejusdem
934 1076 1030 1106 Sedis
1044 1077 1216 1115 indulgen-

207 1123 253 1153 tia
269 1125 416 1163 eujusvis
435 1126 560 1155 tenoris
582 1127 715 1162 existat,
740 1128 838 1157 etiam
861 1129 888 1157 si
911 1129 949 1159 de
970 1129 1040 1168 ipsa
1062 1130 1100 1160 de
1117 1131 1216 1161 verbo

208 1176 248 1206 ad
265 1177 401 1207 verbnm
423 1183 568 1217 oporteat
590 1179 624 1208 in
643 1180 855 1217 presentibus
875 1181 1005 1219 plenam
1030 1183 1102 1212 fieri
1123 1193 1217 1214 men-

208 1229 342 1265 tionem,
356 1230 488 1268 plenam
506 1232 700 1261 auctoritate
717 1234 921 1270 presentium
939 1236 1151 1266 concedimus
1167 1238 1217 1267 fa-

207 1281 375 1311 cultatem.
407 1283 480 1312 Dat.
512 1284 666 1322 Neapoli.
707 1286 738 1315 11
774 1285 932 1317 kalendas
964 1289 1094 1324 martii.
1130 1299 1217 1320 anno

206 1343 322 1372 primo.
345 1346 358 1361 »

280 1513 366 1542 190
763 1515 879 1551 Naples,
896 1518 930 1545 25
947 1519 1050 1545 fevi-ier
1068 1520 1144 1548 1255.

241 1574 385 1609 Episcopo
400 1574 562 1602 Castellano
576 1576 709 1603 concedit
719 1577 883 1606 facultatem
894 1581 1065 1608 annectendi
1076 1582 1217 1610 ecclesiae

205 1622 382 1649 Castellanae
400 1631 484 1649 unam
503 1624 613 1658 plebem
631 1624 767 1652 diocesis.
784 1626 867 1659 (Rea.
884 1628 928 1659 24,
946 1637 972 1655 0.
991 1629 1050 1663 168,
1066 1631 1086 1657 f.
1103 1631 1172 1666 QOV.)

248 1736 260 1749 «
282 1746 314 1758 ..,
333 1725 467 1762 episcopo
486 1725 663 1755 Castellano.
686 1727 732 1756 Ex
751 1732 843 1765 parte
864 1729 976 1759 dilecti
997 1731 1058 1760 filii
1079 1733 1216 1771 capituli

205 1775 386 1806 0351011301
407 1777 471 1806 suit
492 1778 588 1808 nobis
610 1778 785 1809 humiliter
807 1781 1044 1820 supplicatum,
1066 1789 1117 1820 ut,
1141 1796 1215 1816 cum

205 1829 353 1868 ipsorum
371 1830 519 1860 redditus
533 1831 599 1860 sint
611 1832 692 1862 adeo
706 1836 822 1863 tenues
839 1839 869 1863 et
886 1835 987 1865 exiles
1000 1837 1086 1875 1111011
1099 1838 1164 1876 11151
1177 1839 1215 1869 de

204 1881 272 1911 illis
289 1886 455 1920 nequeant
470 1882 682 1922 aliquatenus
699 1887 891 1922 sustentari,
911 1894 1044 1926 propter
1060 1892 1146 1928 quod
1162 1901 1215 1922 00-

205 1934 306 1965 010513
328 1935 518 1966 Castellana
540 1936 617 1966 dum
637 1938 701 1976 ipsi
718 1948 784 1968 11011
799 1945 938 1977 possunt
958 1943 1104 1974 residere
1120 1944 1155 1973 in
1178 1954 1215 1975 ea

203 1988 328 2026 patitur
350 1989 385 2017 in
408 1989 530 2019 divinis
551 1990 669 2020 officiis
692 2000 757 2021 non
780 1993 944 2023 modicum
965 1995 1212 2033 detrimentum,

203 2041 376 2079 pgovidcre
393 2051 491 2079 super
507 2042 567 2072 hoc
584 2048 721 2081 paterna
737 2045 911 2083 diligentia
929 2056 1132 2079 curaremus.
1146 2051 1214 2081 Nos

204 2093 307 2131 igitur
335 2094 416 2132 ipsis
442 2095 477 2124 in
508 2095 569 2125 1100
598 2101 734 2134 paterno
764 2100 1000 2137 compatientes
1028 2102 1147 2133 affectu
1177 2113 1213 2133 30

204 2146 303 2175 etiam
325 2147 503 2183 gratificari
524 2148 687 2184 volentes,
711 2153 909 2181 annectendi
928 2153 1119 2193 hujusmodi
1140 2157 1214 2186 red—

203 2199 328 2229 ditibus
351 2209 452 2229 unam
473 2201 603 2239 plebem
628 2202 815 2234 Castellane
832 2205 985 2241 diocesis,
1004 2208 1139 2239 cedente
1162 2210 1213 2240 vel

204 2252 381 2282 decedente
402 2252 543 2291 plebano
560 2255 677 2292 11151115,
696 2260 726 2285 01
743 2259 972 2296 compescendi
993 2262 1213 2293 contradicto-

203 2314 256 2335 res
278 2314 336 2344 per
356 2315 532 2336 censuram
552 2308 812 2339 eeclesiasticam
835 2312 1054 2350 appellatione
1074 2320 1210 2351 remota,

203 2358 407 2388 fraternitati
428 2363 482 2389 tue
501 2361 695 2391 auctoritate
711 2364 917 2400 presentium
933 2367 1144 2398 concedimus
1162 2369 1212 2399 fa-

206 2410 380 2447 cultatem;
408 2413 540 2450 proviso
561 2415 647 2452 1111011
672 2415 785 2445 0311001
813 2417 925 2455 plebes
950 2422 980 2448 et
1000 2421 1212 2457 parrochiani

204 2463 275 2502 ejus
294 2463 423 2493 nullum
441 2465 610 2503 patiantur
623 2467 657 2496 in
675 2468 798 2499 divinis
815 2470 931 2500 officiis
947 2475 978 2501 et
995 2474 1212 2505 sacramentis

204 2515 440 2547 ecclesiasticis
468 2517 712 2549 detrimentum.
745 2522 819 2551 Non
849 2523 1001 2554 obstante
1031 2526 1058 2555 si
1089 2526 1211 2566 aliqui-

204 2569 264 2599 bus
281 2587 329 2598 —.
347 2570 418 2599 Dat.
438 2571 588 2609 Neapoli,
602 2573 630 2602 V
645 2573 803 2605 kalendas
820 2576 942 2612 martii,
961 2587 1048 2608 anno
1063 2580 1180 2617 primo.
1197 2593 1209 2607 n

277 2755 358 2783 ¹91

240 2817 344 2843 Abbati
364 2818 528 2844 monasterii
545 2818 579 2844 de
593 2818 722 2851 Calchor‚
740 2821 768 2847 S.
788 2822 921 2849 Andreae
937 2824 1072 2858 diocesis,
1092 2836 1210 2862 respon-

203 2864 264 2898 det,
282 2869 313 2891 ut
328 2865 492 2892 sacerdotes
515 2867 702 2895 ecclesiarum
724 2871 943 2904 parrochianum
965 2877 1130 2903 monasterii
1147 2877 1209 2904 dio-

803 2760 920 2795 Naples‚
939 2763 952 2788 4
969 2771 1044 2790 mars
1061 2765 1136 2793 1255.

1304 290 1410 310 cesano
1432 285 1569 320 episcopo
1591 290 1734 321 praestare
1755 288 1946 316 obedientiam
1969 293 2129 318 teneantur.
2152 291 2234 323 (Rea.
2260 292 2312 325 24.

1303 340 1329 358 c.
1350 333 1408 367 169,
1425 334 1443 360 s.
1458 333 1528 368 20'.)

1345 445 1357 460 t«
1379 457 1411 469 ..,
1429 435 1531 464 abbati
1547 439 1729 466 monasterii
1750 438 1784 467 de
1802 439 1940 473 Calchor,
1963 440 2003 468 ad
2018 441 2187 470 Romanam
2210 442 2312 472 Eccle-

1302 487 1382 515 siam
1410 488 1497 517 nullo
1523 489 1620 518 medio
1642 491 1843 527 pertinentis,
1870 491 1990 521 ordinis
2014 494 2114 522 sancti
2139 494 2309 530 Benedicti,

1302 539 1410 569 Sancti
1425 540 1542 569 Anah-ee
1559 541 1693 571 diocesis.
1716 542 1904 581 Apostolice
1922 544 2017 574 Sedis
2033 545 2166 576 oraculo
2181 549 2237 576 tua
2254 554 2313 585 pe-

1303 592 1355 622 tiit
1365 592 1494 623 devotio
1507 594 1648 629 edoceri,
1667 595 1695 624 si
1708 596 1903 626 monasterii
1917 596 2018 627 abbas
2030 598 2183 637 exempti,
2198 607 2313 637 parro-

1303 644 1462 674 chialium
1490 646 1705 677 ecclesiarum
1733 648 1870 678 obtentu
1895 649 1935 679 ad
1960 649 2049 679 idem
2072 650 2314 681 monasterium

1301 698 1541 736 pertinentium
1567 709 1630 738 que
1653 700 1693 729 ab
1716 701 1895 740 episcopali
1916 702 2150 741 jurisdictione
2174 704 2314 736 minime

1302 754 1380 779 sunt
1403 755 1568 789 exempte,
1589 752 1764 783 diocesano
1783 754 1934 792 episcopo
1951 755 2144 785 canonicam
2165 760 2314 794 prestare

1302 803 1526 834 obedientiam
1552 808 1723 842 teneatur;
1747 806 1788 836 ad
1810 807 1897 846 quod
1919 807 1980 836 tihi
2002 807 2158 838 duximus
2174 817 2314 848 respon-

1301 855 1455 892 dendum,
1475 857 1572 896 quod,
1591 866 1665 888 cum
1678 859 1771 898 Juxta
1787 860 1964 890 canonicas
1981 861 2170 892 sanctiones
2185 861 2220 891 in
2234 861 2314 892 reli-

1301 909 1468 946 giosorum
1485 910 1635 941 ecclesiis
1653 921 1715 950 (1110
1732 912 1771 942 ad
1788 921 1842 942 eos
1860 922 1924 943 non
1941 913 2109 951 pertinent
2124 914 2222 953 pleno
2236 915 2312 954 jure

1300 961 1432 992 institui
1461 962 1601 993 debeant
1629 965 1815 995 sacerdotes
1849 965 1906 1004 qui
1938 966 2102 1004 episcopis
2134 967 2174 997 de
2203 966 2312 1006 plebis

1300 1024 1379 1045 cura
1394 1015 1477 1054 ipsis
1493 1024 1570 1046 vero
1589 1026 1647 1054 pro
1668 1017 1767 1047 rebus
1786 1018 2023 1056 temporalibus
2038 1019 2202 1050 rationem
2217 1019 2312 1050 exhi-

1300 1068 1399 1098 beant
1420 1073 1676 1107 competentem,
1696 1079 1761 1100 non
1777 1071 1893 1110 utique
1916 1071 1956 1101 ab
1972 1071 2090 1102 abbate
2110 1072 2169 1103 sed
2189 1072 2230 1103 ab
2246 1073 2312 1104 hu—

1296 1121 1442 1160 jusmodi
1469 1122 1697 1152 sacerdotibus
1722 1123 1885 1162 episcopis
1918 1125 2072 1155 convenit
2100 1134 2158 1164 pro
2187 1125 2311 1157 talibus

1299 1174 1524 1204 obedientiam
1539 1174 1700 1205 exhiberi.
1718 1176 1792 1206 Dat.
1810 1177 1960 1215 Neapoli.
1979 1178 2048 1208 IIII
2064 1187 2169 1208 nonas
2183 1178 2308 1214 martii,

1300 1235 1387 1256 anno
1400 1227 1518 1265 primo.
1535 1239 1548 1254 »

1375 1393 1394 1419 Ι
1404 1393 1460 1421 92
1855 1393 1973 1429 Naples,
1989 1394 2022 1421 ‘28
2038 1395 2143 1422 rem-iei-
2158 1396 2236 1423 ¹255.

1336 1454 1522 1488 Privilegium
1538 1455 1713 1481 confirmans
1729 1456 1895 1482 nominatim
1912 1457 2116 1490 possessiones
2133 1460 2163 1484 et
2178 1458 2245 1492 jura
2259 1465 2310 1485 ee-

1299 1503 1404 1530 clesiae
1420 1511 1444 1529 s.
1465 1503 1568 1529 Mariae
1585 1502 1619 1529 de
1635 1503 1842 1538 Sempingham
1859 1503 1944 1537 (Rau.
1960 1504 1992 1531 24
2003 1526 2009 1537 ,
2026 1512 2051 1531 0.
2070 1505 2129 1539 ΠΟ,
2146 1505 2164 1532 f.
2182 1504 2256 1541 ἳθν.)

1341 1617 1354 1631 «
1386 1628 1418 1640 ..‚
1449 1607 1595 1643 mayistro
1622 1606 1740 1635 ecclesie
1765 1610 1867 1635 sancte
1892 1606 1987 1635 Marie
2015 1606 2048 1635 de
2076 1606 2306 1645 Sempfflyham,

1299 1659 1421 1695 eJusque
1447 1659 1666 1687 successoribus
1694 1660 1840 1693 canonice
1863 1659 2101 1694 substituendis,
2129 1664 2155 1689 et
2180 1661 2310 1698 reliquis

1297 1711 1449 1747 fratribus
1473 1716 1534 1740 tam
1553 1711 1744 1748 presentibus
1766 1719 1859 1748 quam
1881 1712 2000 1747 futuris
2020 1712 2195 1749 regularem
2212 1713 2310 1742 vitam

1295 1765 1438 1802 professis
1460 1765 1494 1792 in
1517 1769 1709 1801 perpetuum.
1731 1763 1892 1799 Quotiens
1915 1772 1933 1792 a
1958 1763 2053 1794 nobis
2077 1764 2201 1802 petitur
2222 1764 2311 1804 quod

1298 1816 1454 1855 religioni
1471 1820 1502 1846 et
1523 1815 1689 1846 honestati
1711 1816 1887 1845 convenire
1906 1816 2101 1849 dinoscitur,
2121 1816 2232 1847 animo
2248 1826 2308 1848 nos

1298 1869 1391 1899 decet
1411 1869 1555 1899 libenter
1576 1869 1753 1899 concedere
1777 1873 1807 1899 et
1830 1869 2014 1907 petentium
2033 1869 2210 1900 desideriis
2229 1878 2309 1900 con-

1299 1931 1418 1959 gruum
1437 1922 1634 1959 suffragium
1654 1921 1830 1959 impertiri.
1852 1921 2042 1959 Eapropter,
2060 1921 2173 1952 dilecti
2189 1921 2224 1951 in
2242 1923 2309 1953 Do-

1297 1975 1389 2005 mino
1419 1975 1500 2009 filii,
1535 1974 1656 2005 vestris
1683 1974 1784 2013 justis
1814 1973 2095 2012 postulationibus
2128 1973 2309 2005 clementer

1298 2028 1488 2064 annuimus,
1514 2033 1545 2058 et
1567 2027 1741 2058 ecelesiam
1757 2031 1869 2057 sancte
1886 2027 1991 2057 Marie
2011 2027 2050 2057 de
2069 2027 2308 2066 Sempingham

1296 2083 1331 2112 in
1348 2091 1413 2121 qua
1437 2081 1550 2111 divino
1574 2080 1755 2119 mancipati
1776 2080 1856 2110 estis
1879 2080 2039 2118 obsequio
2052 2103 2059 2115 ,
2079 2080 2120 2110 ad
2141 2080 2307 2119 exemplar

1296 2135 1568 2173 predecessorum
1595 2138 1783 2163 nostrorum
1809 2132 1919 2163 felicis
1941 2133 2180 2163 recordationis
2204 2134 2307 2164 Inno-

1297 2188 1410 2220 000111,
1425 2187 1578 2225 Eugenii,
1597 2187 1751 2221 Adriani,
1769 2186 1966 2220 Alexandri,
1984 2186 2094 2221 Lucii,
2110 2186 2303 2222 Clementis,

1296 2241 1472 2275 Celestini,
1506 2239 1693 2270 Innocentii
1724 2240 1774 2269 III
1805 2243 1835 2268 et
1865 2239 2053 2268 Innocentii
2079 2240 2307 2269 Romanorum

1295 2294 1500 2332 pontificum,
1521 2293 1582 2323 sub
1598 2292 1687 2323 beati
1699 2292 1788 2322 Petri
1804 2296 1834 2321 et
1853 2295 1964 2320 nostra
1978 2291 2181 2329 protectione
2197 2291 2305 2322 susci-

1295 2347 1405 2385 pimus
1435 2350 1465 2375 et
1494 2345 1658 2384 presentis
1690 2344 1805 2382 scripti
1834 2343 2018 2382 patrocinio
2047 2343 2302 2374 communimus.

1296 2400 1486 2429 Statuentes
1510 2403 1546 2429 111
1574 2407 1798 2437 quascumque
1826 2397 2072 2435 possessiones,
2096 2406 2305 2437 quecumque

1294 2453 1380 2482 bona
1398 2452 1513 2482 eadem
1528 2451 1667 2482 ecclesia
1683 2451 1718 2480 in
1735 2450 1977 2489 presentiarum
1991 2451 2080 2489 juste
2099 2454 2130 2480 et
2145 2450 2304 2481 canonice

1293 2505 1456 2544 possidet,
1479 2509 1534 2534 aut
1555 2504 1591 2533 in
1611 2504 1761 2533 futurum
1777 2503 1990 2533 concessione
2006 2503 2218 2541 pontificum,
2236 2502 2304 2533 lar-

1295 2558 1419 2596 gitione
1445 2566 1559 2595 regum
1585 2556 1635 2586 vel
1658 2556 1864 2594 principum.
1888 2555 2055 2586 oblatione
2075 2555 2224 2586 fidelium
2243 2563 2304 2586 seu

1295 2610 1370 2640 aliis
1389 2610 1490 2649 justis
1517 2609 1623 2639 modis
1648 2612 1814 2647 prestante
1837 2608 1978 2638 Domino
1999 2608 2120 2646 poterit
2143 2607 2300 2646 adipisci,

1292 2665 1387 2693 firma
1406 2663 1499 2693 vobis
1519 2663 1704 2701 vestrisque
1721 2661 1969 2691 successoribus
1985 2665 2016 2691 et
2028 2661 2158 2691 illibata
2171 2669 2303 2700 perma-

1294 2721 1403 2746 neant.

1333 2769 1371 2798 In
1393 2769 1514 2807 quibus
1538 2768 1599 2797 hec
1620 2767 1762 2806 propriis
1784 2767 1938 2796 duximus
1964 2765 2177 2804 exprimenda
2203 2775 2301 2797 voea-

1292 2821 1380 2850 bulis
1394 2831 1399 2849 :
1418 2821 1583 2851 Ecclesias
1599 2825 1726 2850 vestras
1740 2818 1975 2849 conventuales
1992 2818 2030 2849 de
2045 2818 2297 2857 Sempingham,

1292 2874 1330 2903 de
1349 2874 1559 2906 Havetholm,
1578 2874 1616 2904 de
1635 2873 1820 2912 Catteleya.
1843 2873 1882 2902 de
1898 2871 2107 2910 Bolingtone,
2131 2871 2170 2902 de
2189 2872 2296 2908 Sixla‚
