2498 3325
233 229 289 258 454
958 228 1198 258 REGISTRES
1220 227 1527 259 D‘ALEXANDRE
1549 231 1606 260 IV.

234 305 249 320 »
274 294 455 323 secundum
478 294 583 331 ipsius
610 293 772 332 scripture
796 297 958 325 tenorem,
978 293 1061 323 sicut
1086 293 1239 332 superius

235 358 248 372 u
274 345 405 382 legitur,
425 355 523 384 super
539 347 711 383 premissis
733 345 977 376 sent·1·ntialiter
1000 346 1193 376 ordinamus
1209 351 1241 376 et

235 411 247 424 υ
273 398 461 428 statuimus.
490 398 705 428 desei-nentes
731 399 975 429 sententialiter
995 399 1239 429 ordinationem

234 464 246 477 n
274 450 462 489 hujusmodi
473 456 628 489 perpetuo
640 452 878 481 inviolabiliter
887 452 1135 482 observandam.
1150 452 1239 481 Man-

234 515 248 530 »
273 502 403 539 damus,
426 507 461 532 ut
487 504 745 539 But-degalensis
765 504 1034 542 archiepiscopus
1061 504 1239 541 diligenter

232 567 247 582 n
272 564 307 585 ac
323 556 455 593 provide
472 566 528 594 per
547 557 690 585 otlicium
707 556 874 586 ordinarie
896 557 1080 595 potestatis,
1099 566 1161 596 que
1182 566 1240 596 per

232 620 246 635 »
271 617 330 637 nos
351 613 473 637 statuta
496 614 583 644 sunt,
603 610 701 639 saciat
722 609 907 641 observari,
927 609 1028 639 salvis
1045 610 1111 639 hiis
1131 610 1238 639 omni-

231 672 246 687 »
270 660 347 695 bus,
367 671 429 699 que
446 671 502 699 per
524 670 582 691 nos
600 666 675 691 sunt
700 663 853 700 superius
877 662 1028 692 ordinata
1051 667 1082 693 ct
1102 672 1165 701 que
1180 672 1239 702 per

230 725 244 740 n
269 713 353 743 alios
376 715 447 743 lieri
475 715 689 749 mandantur,
712 715 746 744 in
770 715 902 753 quibus,
928 715 956 745 si
981 715 1032 744 illi
1057 716 1178 754 quibus
1201 725 1238 746 ea

230 778 244 793 »
269 767 445 796 commissa
462 771 539 796 sunt
560 771 591 797 et
615 768 671 806 qui
692 768 801 798 facere
825 768 959 802 debent,
982 769 1108 798 fuerint
1130 768 1238 806 negli-

229 831 244 846 ι)
269 824 400 857 gentes,
418 829 530 849 eorum
555 820 756 857 negligentia
780 830 836 859 per
853 821 1036 859 predictum
1053 821 1237 860 archiepis-

230 884 244 899 »
270 881 385 910 copum
404 872 610 910 supplentur.

270 937 284 952 »
308 926 427 955 Actum
452 927 618 963 Anagnie,
640 936 726 956 anno
746 927 880 956 Domini
902 928 1112 962 M⁰CC0LV10‚
1130 928 1236 958 indic-

268 978 357 1008 tione
378 979 479 1014 mvn,
500 988 612 1009 mense
630 979 719 1018 julii.
738 980 790 1009 die
808 980 1045 1011 tertiodecimo.
1069 981 1141 1010 lliis
1162 990 1237 1019 pre-

268 1031 431 1066 sentibus,
441 1032 604 1062 videlicet.
616 1032 749 1062 domino
759 1034 931 1069 Amatone,
943 1033 1045 1063 electo
1055 1034 1234 1072 Nepesino,

268 1085 513 1119 Transmundo,
536 1085 661 1114 (lentini
681 1094 761 1123 pape
779 1086 964 1124 capellano,
983 1086 1143 1115 canonico
1159 1086 1236 1116 Bel-

267 1136 413 1170 vacensi,
427 1137 585 1174 magistro
597 1138 706 1172 Petro,
719 1137 859 1175 plebano
873 1138 912 1167 de
926 1138 1095 1176 Capraria,
1113 1138 1236 1175 magis-

266 1192 316 1218 tro
334 1189 430 1218 Petro
447 1189 485 1218 de
501 1189 614 1224 Croso,
633 1190 791 1220 canonico
804 1191 915 1220 Sancti
928 1191 1068 1221 Juniani
1084 1192 1236 1221 Lemovi-

266 1241 376 1271 eensis
411 1241 568 1277 diocesis,
603 1243 763 1272 Gaufrido
792 1242 928 1278 Tallati,
967 1243 1085 1273 abbate
1122 1244 1235 1273 Sancti

266 1294 447 1325 Salvator-Is
460 1295 499 1324 de
516 1296 625 1325 Monte
643 1295 785 1331 Amiato,
804 1296 963 1333 magistro
979 1296 1105 1326 Thema
1116 1297 1154 1327 de
1169 1298 1235 1326 Ma-

263 1347 377 1385 lignis,
393 1348 551 1377 canonico
567 1348 812 1384 Cameracensi,
827 1349 951 1380 Jacobo
968 1350 1108 1379 sacrista
1121 1351 1235 1380 Terra-

265 1401 418 1436 nonensi,
436 1401 594 1438 magistro
615 1401 794 1432 Guillelmo
811 1402 850 1432 de
870 1403 1040 1439 MastatiO,
1064 1403 1235 1442 capellano

267 1458 391 1488 nostro,
409 1454 567 1491 magistro
583 1454 736 1485 Johanne
749 1455 940 1491 Aleimndri⁷
954 1461 985 1487 et
1002 1457 1158 1492 chrico,
1177 1457 1235 1486 ab-

265 1506 340 1536 bate
354 1507 546 1536 monasterii
563 1508 675 1538 Sancti
691 1508 846 1543 Dionisii,
863 1509 1066 1539 Parisiensis
1078 1510 1231 1546 diocesis,

225 1570 240 1586 1>
265 1563 296 1589 et
313 1559 352 1588 ad
369 1559 526 1598 majorem
543 1559 642 1599 hujus
657 1560 706 1590 rei
720 1561 1092 1600 securitatem‚p1·esens
1109 1563 1236 1593 instru-

224 1623 240 1638 n
263 1616 412 1641 mentum
427 1612 499 1642 fieri
514 1613 656 1643 fecimus
672 1622 730 1651 per
745 1615 880 1644 Petrum
897 1615 1122 1651 scriniarium,
1136 1616 1234 1646 sami-

225 1676 239 1691 »
262 1664 381 1695 liarem
398 1669 558 1701 nostrum,
577 1670 607 1696 et
624 1667 729 1696 nostri
749 1667 852 1703 sigilli
868 1668 1056 1699 munimine
1071 1669 1230 1700 roborari.

263 1729 278 1745 ιι
305 1719 345 1748 Et
370 1728 429 1755 ego
454 1720 572 1749 Petrus
597 1719 635 1749 de
658 1720 820 1755 Jordano,
845 1721 1011 1759 imperiali
1037 1723 1234 1753 auctoritate

223 1782 240 1798 >2
263 1766 480 1806 scriniarius,³
492 1771 630 1801 interfui
648 1776 679 1802 et
699 1773 738 1802 de
756 1774 910 1803 mandato
927 1774 1007 1804 dicti
1023 1775 1149 1805 domini
1166 1785 1233 1806 car-

224 1835 240 1850 »
264 1815 387 1853 dinalis
404 1824 521 1862 scripsi
537 1824 678 1855 fideliter
691 1829 721 1855 et
736 1825 769 1854 in
783 1826 950 1864 publicam
963 1828 1104 1857 formam
1120 1829 1233 1867 redegi

226 1889 239 1903 »
265 1880 297 1907 et
313 1877 447 1914 signum
462 1886 572 1907 meum
588 1878 684 1916 posui
701 1883 906 1910 consuetum.
927 1892 940 1907 »

261 1929 355 1960 Nulli
385 1938 462 1967 ergo
491 1934 552 1960 etc.
584 1935 696 1961 nostre
726 1932 989 1964 confirmationis
1019 1938 1081 1965 etc.
1111 1936 1233 1965 Datum

219 1983 390 2020 Anagnie,
418 1983 450 2012 II
479 1982 638 2014 kalendas
664 1983 863 2021 decembris,
888 1987 1101 2024 pontificatus
1127 1989 1233 2018 nostri

219 2043 308 2064 anno
325 2035 480 2065 secundo.
500 2047 514 2061 »

226 1413 239 1427 ἕ
226 1360 240 1374 :1
226 1306 241 1321 ὃ
227 1253 241 1268 ὅ
227 1200 242 1216 ³
229 1148 243 1163 δ
228 1095 243 1110 ὅ
229 1043 243 1058 ts
230 990 244 1005 δ

227 1466 241 1480 ὅ

225 1517 241 1533 ὅ

293 2194 409 2223 1455

255 2254 452 2290 Insrascriptis
469 2256 595 2289 mandat,
611 2259 642 2283 ut
656 2257 820 2284 cessionem
837 2259 950 2286 abbatis
968 2259 1162 2296 Fiscanensis‚
1180 2271 1230 2289 01*-

218 2302 296 2329 dinis
320 2310 346 2330 s,
372 2302 538 2335 Benedicti,
565 2304 717 2332 admittant
741 2306 825 2340 eique
851 2315 1008 2343 congruam
1034 2311 1230 2344 provisionem

217 2350 369 2385 assignent
397 2359 430 2377 ac
455 2351 491 2378 de
519 2360 593 2379 novo
619 2353 721 2380 abbate
751 2355 936 2389 subrogando
965 2366 1080 2392 operam
1115 2364 1228 2387 navent.

217 2398 302 2432 (Rau.
318 2398 363 2430 24,
381 2399 400 2426 f.
420 2400 479 2434 196,
497 2409 563 2427 ann.
581 2400 619 2432 11,
637 2409 664 2428 c.
682 2401 749 2436 373;
768 2402 914 2430 ΡυττιιΑεΤ
932 2405 1040 2439 16508.)

794 2196 921 2231 Anagni,
942 2198 979 2224 le‘
993 2200 1062 2225 aout
1080 2199 1156 2227 ¹256.

259 2511 274 2527 ιι
296 2500 392 2535 Adde,
417 2501 525 2530 Sancti
546 2501 695 2539 Stephani
717 2504 924 2540 Cademensis,
947 2511 974 2535 et
995 2507 1171 2545 Guttlelmo,
1196 2510 1229 2539 de

218 2553 330 2582 Troare
353 2553 524 2588 abbatibus,
547 2554 717 2584 Bctiocensis
740 2556 880 2593 diocesis,
900 2563 926 2587 et
946 2560 1043 2595 fratri
1066 2562 1173 2592 Thome
1195 2563 1229 2592 de

214 2605 312 2634 Rubeo
325 2606 458 2643 Mon[te],
473 2606 594 2636 ordinis
608 2609 745 2643 fratrum
761 2610 928 2640 Minorum.
947 2612 991 2641 Ex
1007 2617 1099 2651 parte
1116 2615 1229 2645 dilecti

215 2673 266 2686 --.
284 2658 359 2687 Dat.
377 2658 541 2696 Anagnie‚
558 2658 710 2690 kalendis
727 2663 871 2699 augusti,
890 2672 977 2694 anno
996 2666 1150 2697 secundo.
1172 2679 1185 2694 »

293 2815 313 2842 Ι
321 2815 409 2843 45ss

251 2875 382 2911 Capitulo
401 2877 542 2905 ecclesiae
564 2877 595 2905 S.
618 2878 761 2906 Johannis
785 2881 1008 2916 Andegavensis
1029 2884 1171 2920 indulget,
1196 2891 1225 2914 ut

765 2818 878 2851 Lati-an,
896 2821 930 2847 20
943 2822 1057 2856 janvier
1075 2823 1153 2852 1256.

1322 297 1414 319 terras
1437 294 1479 320 vel
1503 294 1615 329 aliquae
1637 295 1700 325 alia,
1725 295 1751 322 in
1777 300 1945 331 perpetuam
1967 297 2171 324 eleemosinam
2192 299 2333 326 ecclesiae

1321 343 1422 368 collata
1433 364 1439 374 ,
1458 343 1606 377 possidere
1622 347 1650 370 et
1667 345 1790 370 retinere
1805 345 1935 378 valeant,
1953 354 2008 372 non
2024 346 2157 373 obstante
2172 351 2332 374 consuetu-

1321 391 1387 417 dine
1399 400 1455 425 qua
1471 391 1579 418 domini
1596 392 1723 419 locorum
1736 393 1894 427 capitulum
1905 394 2083 428 compellunt.
2098 396 2131 420 ad
2149 395 2331 423 vendendum

1321 440 1393 466 infra
1417 445 1528 466 certum
1550 445 1666 476 tempus
1689 442 1752 468 illas
1774 446 1875 469 terras.
1900 442 1981 474 (Reo.
2004 443 2053 475 Ἡ,
2075 444 2094 470 s.
2122 444 2182 479 ¹96,
2200 453 2267 472 ann.
2290 445 2331 476 11,

1321 497 1346 515 c.
1365 489 1439 521 374.)

1363 615 1376 630 κ
1404 626 1436 638 ..,
1457 604 1580 638 decano,
1601 609 1626 633 et
1644 606 1779 642 capituto
1800 606 1918 634 ecclesie
1936 606 2042 635 Sancti
2062 607 2214 636 Johannis
2230 607 2333 637 Ande-

1320 657 1472 693 yut-ensis.
1498 657 1614 686 Vestre
1633 657 1819 687 devotionis
1836 658 2027 688 inducimur
2042 676 2090 688 ———.
2111 659 2268 690 Exhibita
2284 660 2332 690 si-

1321 709 1455 748 quidem
1472 709 1568 739 nobis
1580 710 1750 748 petitionis
1767 715 1876 741 vestra
1893 711 1997 742 series
2015 712 2216 748 continebat,
2230 713 2328 752 quod,

1321 762 1349 791 si
1365 762 1508 801 quando.
1523 763 1802 800 perdonationem
1817 764 1868 794 vel
1884 764 2035 794 ultimam
2054 764 2202 795 fidelium
2218 765 2332 804 dispo-

1320 815 1490 851 sitionem,
1511 819 1612 850 terre,
1630 817 1860 854 possessiones
1877 816 1926 846 vel
1944 816 2054 856 alique
2071 817 2137 847 alia
2158 818 2192 847 in
2213 827 2331 857 perpe-

1320 872 1410 897 tuam
1427 868 1643 897 elemosinam
1663 869 1801 899 ecclesie
1821 874 1928 900 vestre
1946 870 1998 908 pia
2011 870 2163 908 largitate
2180 870 2330 901 fidelium

1319 921 1548 956 conteruntur,
1562 921 1688 951 domini
1706 922 1864 958 locorum⁷
1876 922 1910 951 in
1926 922 2048 961 quibus
2064 923 2150 952 bona
2168 923 2241 961 ipsa
2255 931 2331 954 con-

1319 973 1453 1009 sistunt⁷
1474 974 1551 1004 licet
1567 974 1628 1010 illi,
1648 984 1666 1004 a
1682 975 1803 1013 quibus
1823 975 1863 1005 ad
1880 984 1936 1005 vos
1953 975 2038 1005 bona
2052 975 2245 1014 hujusmodi
2257 984 2330 1014 per-

1318 1031 1492 1061 venerunt,
1520 1026 1624 1057 libere
1647 1028 1834 1065 potuissent
1859 1028 2064 1066 disposuisse
2095 1028 2134 1058 de
2159 1028 2242 1067 ipsis
2270 1037 2331 1067 pro

1319 1087 1431 1108 eorum
1448 1079 1544 1109 libito
1559 1079 1752 1116 voluntatis,
1773 1085 1807 1110 ut
1824 1084 1941 1115 terras,
1964 1081 2196 1119 possessiones
2212 1085 2244 1111 et
2263 1080 2332 1112 alia.

1318 1131 1465 1169 predicta
1488 1132 1578 1162 infra
1596 1137 1722 1163 certum
1743 1133 1900 1172 temporis
1927 1134 2071 1172 spatium
2093 1133 2246 1164 vendatis
2269 1142 2331 1165 seu

1317 1188 1408 1214 extra
1421 1194 1556 1214 manum
1575 1189 1718 1215 vestram
1731 1186 1873 1224 ponatis,
1892 1190 2042 1224 pretextu
2059 1186 2232 1225 cujusdam
2248 1195 2328 1217 con-

1318 1236 1517 1271 suetudinis,
1540 1246 1603 1275 que
1625 1237 1811 1275 corruptela
1834 1242 1884 1268 est
1905 1238 2016 1276 potius
2039 1238 2248 1276 appellanda,
2269 1247 2330 1270 vos

1317 1289 1519 1328 compellunt
1535 1299 1541 1318 :
1566 1294 1699 1328 propter
1715 1290 1802 1329 quod
1819 1290 1961 1320 ecclesia
1982 1295 2093 1321 vestra
2115 1291 2330 1330 dispendium

1317 1343 1441 1381 patitur
1457 1346 1488 1372 et
1504 1342 1556 1381 pie
1576 1343 1774 1373 intentionis
1791 1343 1981 1373 eorumdem
2004 1343 2151 1373 fidelium
2177 1344 2330 1384 proposi-

1317 1399 1386 1425 tum
1407 1395 1599 1433 impeditur.
1624 1395 1709 1432 Quia
1731 1404 1807 1425 vero
1829 1396 1979 1426 caritatis
1996 1405 2078 1434 opus
2095 1405 2168 1427 esse
2184 1396 2327 1434 videtur,

1316 1453 1351 1478 ut
1367 1448 1626 1478 elemosinarum
1642 1448 1774 1479 collatio
1788 1449 1944 1487 congruis
1961 1449 2131 1479 favoribus
2143 1449 2327 1486 minuatur,

1316 1511 1387 1538 nos,
1406 1502 1527 1532 vestris
1546 1502 1673 1532 devotis
1692 1502 1994 1541 supplicationibus
2012 1502 2179 1539 inclinati,
2204 1506 2241 1532 ut
2259 1506 2329 1534 ter-

1315 1564 1380 1590 ras,
1399 1555 1629 1593 possessiones
1646 1559 1677 1584 et
1693 1555 1841 1593 predicta
1855 1554 1986 1594 reliqua
2003 1555 2174 1593 possidere
2190 1555 2329 1595 pacifice

1315 1617 1352 1638 ac
1369 1608 1480 1646 quiete
1496 1608 1635 1646 ipsaque
1651 1608 1796 1638 retinere
1812 1607 1928 1642 libere,
1941 1616 2006 1638 non
2021 1608 2173 1638 obstante
2187 1617 2330 1639 consue-

1316 1661 1431 1691 tudine
1447 1661 1625 1696 contraria,
1640 1660 1791 1696 valeatis,
1806 1660 1918 1690 nullus
1935 1661 2096 1699 impedire
2111 1660 2230 1697 valeat,
2249 1669 2330 1692 auc-

1315 1714 1447 1744 toritate
1465 1713 1558 1743 vobis
1576 1714 1783 1752 presentium
1807 1713 2032 1751 indulgemus.
2052 1713 2145 1744 Nulli
2162 1718 2224 1744 etc.
2249 1722 2329 1754 nos-

1316 1771 1364 1796 tre
1392 1767 1618 1796 concessionis
1645 1770 1705 1796 etc.
1737 1767 1810 1797 Dat.
1842 1767 2014 1802 Laterani,
2048 1767 2133 1797 XIII
2163 1766 2325 1798 kalendas

1314 1819 1488 1855 februarii,
1507 1828 1594 1849 anno
1613 1819 1768 1849 secundo.
1790 1831 1803 1846 »

1387 2019 1500 2046 145⁸?
1898 2017 2025 2052 Anagni,
2043 2017 2074 2044 31
2090 2018 2159 2044 aout
2174 2016 2253 2045 1256.

1350 2081 1449 2107 Abbas
1463 2083 1492 2107 et
1503 2084 1665 2106 conventus
1681 2080 1849 2106 monasterii
1865 2079 1964 2106 Sancti
1977 2080 2154 2114 Apollinaris
2169 2079 2199 2106 in
2213 2078 2325 2112 Classe,

1312 2129 1542 2156 camaldulensis
1569 2127 1680 2154 ordinis
1692 2149 1698 2160 ‚
1730 2128 1910 2154 Ravennatis
1943 2128 2087 2162 diocesis,
2120 2136 2194 2162 quos
2223 2128 2327 2155 statuit

1315 2177 1479 2212 [Philippo]‚
1494 2187 1506 2200 a
1519 2177 1612 2204 electo
1629 2177 1802 2211 Ravennati,
1816 2178 1843 2203 in
1859 2176 2023 2203 subsidium
2039 2184 2232 2211 expensarum
2249 2183 2325 2210 quas

1312 2228 1450 2260 subierat,
1466 2227 1613 2260 negotium
1635 2225 1728 2260 Regni
1743 2226 1842 2252 Sicilie
1857 2226 2047 2260 personaliter
2063 2224 2276 2260 prosequendo,
2293 2225 2324 2252 in

1312 2276 1388 2302 mille
1398 2280 1427 2302 et
1437 2280 1555 2302 centum
1571 2275 1652 2302 libris
1664 2274 1838 2302 Senensium
1851 2283 2004 2309 parvorum
2018 2275 2175 2301 subvenire
2191 2285 2204 2299 n
2220 2273 2324 2308 teneri,

1311 2325 1550 2359 supplicaverunt
1574 2323 1645 2354 sibi,
1670 2328 1784 2358 propter
1805 2331 1976 2358 guerrarum
1993 2323 2161 2350 discrimina
2176 2326 2204 2349 et
2225 2322 2324 2357 provi-

1311 2374 1410 2400 siones
1425 2373 1464 2399 ita
1484 2373 1594 2399 exactis
1609 2372 1686 2407 quod
1704 2382 1716 2396 (ι
1734 2373 1792 2399 fere
1809 2380 1860 2407 per
1875 2372 2030 2398 triennium
2047 2371 2190 2406 compulsi
2205 2370 2324 2398 fuerunt

1311 2427 1392 2449 extra
1408 2423 1614 2448 monasterium
1631 2422 1726 2456 ipsum
1750 2430 1840 2456 penas
1859 2421 1938 2447 exilii
1955 2421 2115 2452 sustinere,
2135 2431 2148 2444 ιι
2167 2420 2323 2454 praefatam

1311 2471 1452 2498 moderari
1476 2478 1631 2498 summam.
1656 2470 1724 2496 Ideo
1746 2470 1841 2496 abbati
1863 2469 2031 2496 monasterii
2048 2468 2139 2495 Vallis
2159 2467 2325 2495 Umbrosae

1311 2520 1440 2553 mandat,
1457 2519 1586 2546 eamdem
1604 2527 1746 2545 summam
1765 2519 1792 2545 in
1815 2518 1950 2545 ducentis
1966 2518 2046 2545 libris
2062 2516 2233 2548 moderans,
2248 2524 2322 2552 qua-

1310 2571 1388 2596 tinus
1413 2569 1535 2595 eloctum
1564 2568 1760 2594 Ravennatem
1785 2567 1940 2602 compellat
1963 2566 2040 2601 quod
2065 2566 2139 2592 ultra
2159 2565 2324 2601 praedictas

1309 2618 1450 2644 ducentas
1466 2617 1554 2642 libras
1571 2624 1626 2642 non
1642 2617 1750 2650 exigat.
1768 2615 1851 2649 (Rea.
1868 2615 1901 2642 ‘24
1914 2637 1920 2649 ,
1937 2615 1957 2642 s.
1978 2614 2037 2648 196,
2055 2622 2121 2641 ann.
2138 2613 2182 2647 ll,
2201 2621 2228 2640 c.
2252 2613 2322 2644 375;

1309 2666 1491 2695 Rouana-sno.
1508 2669 1528 2691 t.
1546 2664 1597 2696 ΙΙΙ,
1614 2673 1642 2700 p.
1659 2665 1720 2698 liOl,
1739 2671 1769 2690 n⁰
1786 2664 1861 2696 442.)

1351 2793 1363 2807 α
1391 2803 1424 2816 ..,
1442 2781 1543 2809 abbati
1564 2780 1746 2809 monasterii
1767 2779 1859 2808 Vallis
1885 2778 2034 2812 Umbrose,
2055 2777 2204 2806 Fesulane
2219 2776 2322 2806 dioce-

1308 2835 1361 2863 sis.
1379 2833 1499 2864 Dilecti
1523 2833 1584 2862 filii
1600 2856 1633 2869 ..,
1651 2832 1754 2863 abbas
1772 2850 1821 2861 —.
1838 2833 1912 2862 Dat.
1930 2831 2095 2869 Anagnie,
2114 2831 2147 2860 II
2157 2828 2319 2860 kalendas

1309 2886 1519 2925 septembris,
1538 2894 1625 2915 anno
1645 2884 1801 2915 secundo.
1824 2896 1836 2910 n
