<?xml version="1.0" encoding="UTF-8"?>
<!DOCTYPE html PUBLIC "-//W3C//DTD XHTML 1.0 Transitional//EN"
    "http://www.w3.org/TR/xhtml1/DTD/xhtml1-transitional.dtd">
<html xmlns="http://www.w3.org/1999/xhtml" xml:lang="en" lang="en">
 <head>
  <title>
</title>
<meta http-equiv="Content-Type" content="text/html;charset=utf-8" />
  <meta name='ocr-system' content='tesseract 3.04.00' />
  <meta name='ocr-capabilities' content='ocr_page ocr_carea ocr_par ocr_line ocrx_word'/>
</head>
<body>
  <div class='ocr_page' id='page_1' title='image "./lesregistresdale01cathuoft_0124.png"; bbox 0 0 2441 3330; ppageno 0'>
   <div class='ocr_carea' id='block_1_1' title="bbox 174 200 1544 233">
    <p class='ocr_par' dir='ltr' id='par_1_1' title="bbox 174 200 1544 233">
     <span class='ocr_line' id='line_1_1' title="bbox 174 200 1544 233; baseline -0.001 0"><span class='ocrx_word' id='word_1_1' title='bbox 174 204 228 233; x_wconf 79' lang='lat'>114</span> <span class='ocrx_word' id='word_1_2' title='bbox 897 201 1137 232; x_wconf 84' lang='lat' dir='ltr'>REGISTRES</span> <span class='ocrx_word' id='word_1_3' title='bbox 1158 200 1465 232; x_wconf 75' lang='lat' dir='ltr'>D&#39;ALEXANDRE</span> <span class='ocrx_word' id='word_1_4' title='bbox 1490 203 1544 232; x_wconf 85' lang='lat' dir='ltr'>IV.</span> 
     </span>
    </p>
   </div>
   <div class='ocr_carea' id='block_1_2' title="bbox 170 266 1181 517">
    <p class='ocr_par' dir='ltr' id='par_1_2' title="bbox 170 266 1181 517">
     <span class='ocr_line' id='line_1_2' title="bbox 173 266 1181 306; baseline -0.002 -8"><span class='ocrx_word' id='word_1_5' title='bbox 173 269 319 306; x_wconf 84' lang='lat' dir='ltr'>ipsorum</span> <span class='ocrx_word' id='word_1_6' title='bbox 336 267 465 297; x_wconf 89' lang='lat' dir='ltr'>malitia</span> <span class='ocrx_word' id='word_1_7' title='bbox 481 267 637 305; x_wconf 89' lang='lat' dir='ltr'>temporis</span> <span class='ocrx_word' id='word_1_8' title='bbox 655 267 809 304; x_wconf 77' lang='lat' dir='ltr'>faciente,</span> <span class='ocrx_word' id='word_1_9' title='bbox 828 268 921 297; x_wconf 85' lang='lat' dir='ltr'>vobis</span> <span class='ocrx_word' id='word_1_10' title='bbox 938 272 968 298; x_wconf 86' lang='lat' dir='ltr'>ct</span> <span class='ocrx_word' id='word_1_11' title='bbox 986 276 1044 306; x_wconf 83' lang='lat' dir='ltr'>per</span> <span class='ocrx_word' id='word_1_12' title='bbox 1060 276 1116 297; x_wconf 85' lang='lat' dir='ltr'>vos</span> <span class='ocrx_word' id='word_1_13' title='bbox 1132 266 1181 297; x_wconf 90' lang='lat' dir='ltr'>ei-</span> 
     </span>
     <span class='ocr_line' id='line_1_3' title="bbox 171 320 1180 359; baseline -0.001 -9"><span class='ocrx_word' id='word_1_14' title='bbox 171 321 244 351; x_wconf 91' lang='lat' dir='ltr'>dcm</span> <span class='ocrx_word' id='word_1_15' title='bbox 277 320 478 350; x_wconf 87' lang='lat' dir='ltr'>monasterio</span> <span class='ocrx_word' id='word_1_16' title='bbox 510 320 705 350; x_wconf 85' lang='lat' dir='ltr'>auctoritate</span> <span class='ocrx_word' id='word_1_17' title='bbox 735 320 913 359; x_wconf 86' lang='lat' dir='ltr'>apostolica</span> <span class='ocrx_word' id='word_1_18' title='bbox 945 320 1180 351; x_wconf 76' lang='lat' dir='ltr'>confirmamus</span> 
     </span>
     <span class='ocr_line' id='line_1_4' title="bbox 172 373 1180 411; baseline -0.002 -8"><span class='ocrx_word' id='word_1_19' title='bbox 172 377 232 403; x_wconf 86' lang='lat' dir='ltr'>etc.</span> <span class='ocrx_word' id='word_1_20' title='bbox 254 382 359 411; x_wconf 77' lang='lat' dir='ltr'>usque</span> <span class='ocrx_word' id='word_1_21' title='bbox 378 383 384 401; x_wconf 92' lang='lat'>:</span> <span class='ocrx_word' id='word_1_22' title='bbox 403 373 658 403; x_wconf 89' lang='lat' dir='ltr'>communimus.</span> <span class='ocrx_word' id='word_1_23' title='bbox 683 373 775 403; x_wconf 85' lang='lat' dir='ltr'><strong>Nulli</strong></span> <span class='ocrx_word' id='word_1_24' title='bbox 794 378 854 403; x_wconf 86' lang='lat' dir='ltr'>etc.</span> <span class='ocrx_word' id='word_1_25' title='bbox 874 378 984 404; x_wconf 87' lang='lat' dir='ltr'>nostre</span> <span class='ocrx_word' id='word_1_26' title='bbox 1005 373 1180 403; x_wconf 85' lang='lat' dir='ltr'>confirma-</span> 
     </span>
     <span class='ocr_line' id='line_1_5' title="bbox 172 425 1180 464; baseline 0 -9"><span class='ocrx_word' id='word_1_27' title='bbox 172 426 273 455; x_wconf 89' lang='lat' dir='ltr'>tionis</span> <span class='ocrx_word' id='word_1_28' title='bbox 299 430 360 455; x_wconf 83' lang='lat' dir='ltr'>etc.</span> <span class='ocrx_word' id='word_1_29' title='bbox 387 426 460 455; x_wconf 87' lang='lat' dir='ltr'>Dat.</span> <span class='ocrx_word' id='word_1_30' title='bbox 492 425 642 464; x_wconf 74' lang='lat' dir='ltr'>Neapoli,</span> <span class='ocrx_word' id='word_1_31' title='bbox 670 426 748 456; x_wconf 83' lang='lat' dir='ltr'>XVI</span> <span class='ocrx_word' id='word_1_32' title='bbox 777 425 936 456; x_wconf 81' lang='lat' dir='ltr'>kalendas</span> <span class='ocrx_word' id='word_1_33' title='bbox 966 426 1060 461; x_wconf 84' lang='lat' dir='ltr'>maii,</span> <span class='ocrx_word' id='word_1_34' title='bbox 1093 434 1180 456; x_wconf 87' lang='lat' dir='ltr'>anno</span> 
     </span>
     <span class='ocr_line' id='line_1_6' title="bbox 170 479 317 517; baseline -0.007 -9"><span class='ocrx_word' id='word_1_35' title='bbox 170 479 287 517; x_wconf 90' lang='lat' dir='ltr'>primo.</span> <span class='ocrx_word' id='word_1_36' title='bbox 306 492 317 504; x_wconf 70' lang='grc' dir='ltr'>ιι</span> 
     </span>
    </p>
   </div>
   <div class='ocr_carea' id='block_1_3' title="bbox 240 651 322 680">
    <p class='ocr_par' dir='ltr' id='par_1_3' title="bbox 240 651 322 680">
     <span class='ocr_line' id='line_1_7' title="bbox 240 651 322 680; baseline 0 -1"><span class='ocrx_word' id='word_1_37' title='bbox 240 651 322 680; x_wconf 74' lang='grc'>381</span> 
     </span>
    </p>
   </div>
   <div class='ocr_carea' id='block_1_4' title="bbox 168 714 1180 992">
    <p class='ocr_par' dir='ltr' id='par_1_4' title="bbox 168 714 1180 992">
     <span class='ocr_line' id='line_1_8' title="bbox 207 714 1179 742; baseline 0.001 -2"><span class='ocrx_word' id='word_1_38' title='bbox 207 714 368 741; x_wconf 86' lang='lat' dir='ltr'>Conventui</span> <span class='ocrx_word' id='word_1_39' title='bbox 385 714 522 741; x_wconf 82' lang='lat' dir='ltr'>Sororum</span> <span class='ocrx_word' id='word_1_40' title='bbox 546 715 742 741; x_wconf 83' lang='lat' dir='ltr'>Poenitentiae</span> <span class='ocrx_word' id='word_1_41' title='bbox 759 715 923 742; x_wconf 85' lang='lat' dir='ltr'>monasterii</span> <span class='ocrx_word' id='word_1_42' title='bbox 940 724 964 741; x_wconf 90' lang='lat' dir='ltr'>s.</span> <span class='ocrx_word' id='word_1_43' title='bbox 984 715 1086 741; x_wconf 84' lang='lat' dir='ltr'><strong>Annae</strong></span> <span class='ocrx_word' id='word_1_44' title='bbox 1102 715 1179 742; x_wconf 88' lang='lat' dir='ltr'>Mes-</span> 
     </span>
     <span class='ocr_line' id='line_1_9' title="bbox 172 763 1180 798; baseline 0.002 -10"><span class='ocrx_word' id='word_1_45' title='bbox 172 763 306 789; x_wconf 84' lang='lat' dir='ltr'>sanensis</span> <span class='ocrx_word' id='word_1_46' title='bbox 322 763 463 794; x_wconf 89' lang='lat' dir='ltr'>concedit,</span> <span class='ocrx_word' id='word_1_47' title='bbox 483 767 523 796; x_wconf 87' lang='lat' dir='ltr'>ut,</span> <span class='ocrx_word' id='word_1_48' title='bbox 539 763 610 789; x_wconf 86' lang='lat' dir='ltr'>infra</span> <span class='ocrx_word' id='word_1_49' title='bbox 627 763 750 797; x_wconf 88' lang='lat' dir='ltr'>spatium</span> <span class='ocrx_word' id='word_1_50' title='bbox 767 763 955 790; x_wconf 87' lang='lat' dir='ltr'>ducentorum</span> <span class='ocrx_word' id='word_1_51' title='bbox 974 771 1112 798; x_wconf 84' lang='lat' dir='ltr'>passuum</span> <span class='ocrx_word' id='word_1_52' title='bbox 1127 772 1180 790; x_wconf 92' lang='lat' dir='ltr'>un-</span> 
     </span>
     <span class='ocr_line' id='line_1_10' title="bbox 168 811 1180 845; baseline 0.002 -8"><span class='ocrx_word' id='word_1_53' title='bbox 168 811 254 845; x_wconf 82' lang='lat' dir='ltr'>dique</span> <span class='ocrx_word' id='word_1_54' title='bbox 275 811 349 838; x_wconf 89' lang='lat' dir='ltr'>circa</span> <span class='ocrx_word' id='word_1_55' title='bbox 371 812 536 838; x_wconf 83' lang='lat' dir='ltr'>monasterii</span> <span class='ocrx_word' id='word_1_56' title='bbox 558 811 625 838; x_wconf 90' lang='lat' dir='ltr'>dicti</span> <span class='ocrx_word' id='word_1_57' title='bbox 646 812 733 842; x_wconf 84' lang='lat' dir='ltr'>fines,</span> <span class='ocrx_word' id='word_1_58' title='bbox 751 812 820 838; x_wconf 91' lang='lat' dir='ltr'>nulli</span> <span class='ocrx_word' id='word_1_59' title='bbox 836 812 919 838; x_wconf 87' lang='lat' dir='ltr'>liceat</span> <span class='ocrx_word' id='word_1_60' title='bbox 938 811 1014 839; x_wconf 91' lang='lat' dir='ltr'>aliud</span> <span class='ocrx_word' id='word_1_61' title='bbox 1034 816 1180 839; x_wconf 86' lang='lat' dir='ltr'>monaste·</span> 
     </span>
     <span class='ocr_line' id='line_1_11' title="bbox 171 859 1179 895; baseline 0.002 -10"><span class='ocrx_word' id='word_1_62' title='bbox 171 860 256 893; x_wconf 81' lang='lat' dir='ltr'>rium,</span> <span class='ocrx_word' id='word_1_63' title='bbox 268 859 311 885; x_wconf 90' lang='lat' dir='ltr'>vel</span> <span class='ocrx_word' id='word_1_64' title='bbox 324 859 490 891; x_wconf 87' lang='lat' dir='ltr'>oratorium,</span> <span class='ocrx_word' id='word_1_65' title='bbox 504 864 553 886; x_wconf 88' lang='lat' dir='ltr'>aut</span> <span class='ocrx_word' id='word_1_66' title='bbox 565 860 731 891; x_wconf 86' lang='lat' dir='ltr'>claustrum,</span> <span class='ocrx_word' id='word_1_67' title='bbox 746 868 798 886; x_wconf 90' lang='lat' dir='ltr'>seu</span> <span class='ocrx_word' id='word_1_68' title='bbox 812 860 964 886; x_wconf 84' lang='lat' dir='ltr'>ecclesiam</span> <span class='ocrx_word' id='word_1_69' title='bbox 979 861 1179 895; x_wconf 83' lang='lat' dir='ltr'>religiosarum</span> 
     </span>
     <span class='ocr_line' id='line_1_12' title="bbox 169 908 1179 944; baseline 0.003 -11"><span class='ocrx_word' id='word_1_70' title='bbox 169 911 218 934; x_wconf 85' lang='lat' dir='ltr'>aut</span> <span class='ocrx_word' id='word_1_71' title='bbox 241 908 415 934; x_wconf 76' lang='lat' dir='ltr'>secularium</span> <span class='ocrx_word' id='word_1_72' title='bbox 437 916 624 942; x_wconf 87' lang='lat' dir='ltr'>personarum</span> <span class='ocrx_word' id='word_1_73' title='bbox 648 912 815 935; x_wconf 86' lang='lat' dir='ltr'>construere</span> <span class='ocrx_word' id='word_1_74' title='bbox 839 908 874 935; x_wconf 92' lang='lat' dir='ltr'>de</span> <span class='ocrx_word' id='word_1_75' title='bbox 898 917 972 935; x_wconf 91' lang='lat' dir='ltr'>novo</span> <span class='ocrx_word' id='word_1_76' title='bbox 996 909 1023 936; x_wconf 92' lang='lat' dir='ltr'>in</span> <span class='ocrx_word' id='word_1_77' title='bbox 1051 909 1179 944; x_wconf 87' lang='lat' dir='ltr'>ipsarum</span> 
     </span>
     <span class='ocr_line' id='line_1_13' title="bbox 170 956 798 992; baseline 0.002 -9"><span class='ocrx_word' id='word_1_78' title='bbox 170 956 389 991; x_wconf 86' lang='lat' dir='ltr'>praejudicium.</span> <span class='ocrx_word' id='word_1_79' title='bbox 409 957 488 992; x_wconf 68' lang='lat' dir='ltr'>(Rae.</span> <span class='ocrx_word' id='word_1_80' title='bbox 507 958 552 989; x_wconf 73' lang='lat'>24,</span> <span class='ocrx_word' id='word_1_81' title='bbox 570 965 595 984; x_wconf 89' lang='lat' dir='ltr'>c.</span> <span class='ocrx_word' id='word_1_82' title='bbox 613 957 673 989; x_wconf 85' lang='lat'>314,</span> <span class='ocrx_word' id='word_1_83' title='bbox 692 958 712 984; x_wconf 76' lang='lat' dir='ltr'>f.</span> <span class='ocrx_word' id='word_1_84' title='bbox 728 957 798 990; x_wconf 71' lang='lat'>46¹.)</span> 
     </span>
    </p>
   </div>
   <div class='ocr_carea' id='block_1_5' title="bbox 758 651 1106 685">
    <p class='ocr_par' dir='ltr' id='par_1_5' title="bbox 758 651 1106 685">
     <span class='ocr_line' id='line_1_14' title="bbox 758 651 1106 685; baseline 0.006 -8"><span class='ocrx_word' id='word_1_85' title='bbox 758 651 874 685; x_wconf 82' lang='lat' dir='ltr'>Naples,</span> <span class='ocrx_word' id='word_1_86' title='bbox 896 652 924 678; x_wconf 75' lang='lat'>14</span> <span class='ocrx_word' id='word_1_87' title='bbox 941 651 1011 677; x_wconf 85' lang='lat' dir='ltr'>avril</span> <span class='ocrx_word' id='word_1_88' title='bbox 1029 651 1106 679; x_wconf 72' lang='lat'>1255.</span> 
     </span>
    </p>
   </div>
   <div class='ocr_carea' id='block_1_6' title="bbox 169 1060 1179 1151">
    <p class='ocr_par' dir='ltr' id='par_1_6' title="bbox 169 1060 1179 1151">
     <span class='ocr_line' id='line_1_15' title="bbox 212 1060 1178 1096; baseline 0.007 -12"><span class='ocrx_word' id='word_1_89' title='bbox 212 1072 224 1084; x_wconf 60' lang='grc' dir='ltr'>«ι</span> <span class='ocrx_word' id='word_1_90' title='bbox 253 1082 285 1093; x_wconf 84' lang='lat'>..,</span> <span class='ocrx_word' id='word_1_91' title='bbox 308 1060 454 1096; x_wconf 76' lang='lat' dir='ltr'>priorisse</span> <span class='ocrx_word' id='word_1_92' title='bbox 473 1064 499 1088; x_wconf 81' lang='lat' dir='ltr'>et</span> <span class='ocrx_word' id='word_1_93' title='bbox 520 1061 685 1089; x_wconf 77' lang='lat' dir='ltr'>conventui</span> <span class='ocrx_word' id='word_1_94' title='bbox 703 1060 851 1089; x_wconf 81' lang='lat' dir='ltr'>Sororum</span> <span class='ocrx_word' id='word_1_95' title='bbox 869 1061 1037 1090; x_wconf 76' lang='lat' dir='ltr'>Penicemie</span> <span class='ocrx_word' id='word_1_96' title='bbox 1055 1071 1178 1091; x_wconf 77' lang='lat' dir='ltr'>monas-</span> 
     </span>
     <span class='ocr_line' id='line_1_16' title="bbox 169 1112 1179 1151; baseline 0.003 -11"><span class='ocrx_word' id='word_1_97' title='bbox 169 1113 241 1140; x_wconf 74' lang='lat' dir='ltr'>terii</span> <span class='ocrx_word' id='word_1_98' title='bbox 257 1118 357 1141; x_wconf 75' lang='lat' dir='ltr'>sam-te</span> <span class='ocrx_word' id='word_1_99' title='bbox 372 1114 458 1141; x_wconf 74' lang='lat' dir='ltr'>Anne</span> <span class='ocrx_word' id='word_1_100' title='bbox 474 1112 508 1141; x_wconf 84' lang='lat' dir='ltr'>de</span> <span class='ocrx_word' id='word_1_101' title='bbox 522 1113 668 1147; x_wconf 79' lang='lat' dir='ltr'>Messana,</span> <span class='ocrx_word' id='word_1_102' title='bbox 689 1114 808 1142; x_wconf 66' lang='lat' dir='ltr'>ordinis</span> <span class='ocrx_word' id='word_1_103' title='bbox 823 1115 923 1143; x_wconf 71' lang='lat' dir='ltr'>saneti</span> <span class='ocrx_word' id='word_1_104' title='bbox 937 1115 1115 1151; x_wconf 71' lang='lat' dir='ltr'>Auyustini.</span> <span class='ocrx_word' id='word_1_105' title='bbox 1134 1115 1179 1145; x_wconf 91' lang='lat' dir='ltr'>Ut</span> 
     </span>
    </p>
   </div>
   <div class='ocr_carea' id='block_1_7' title="bbox 168 1164 1178 1424">
    <p class='ocr_par' dir='ltr' id='par_1_7' title="bbox 168 1164 1178 1424">
     <span class='ocr_line' id='line_1_17' title="bbox 169 1164 1178 1204; baseline 0.004 -11"><span class='ocrx_word' id='word_1_106' title='bbox 169 1164 203 1193; x_wconf 92' lang='lat' dir='ltr'>in</span> <span class='ocrx_word' id='word_1_107' title='bbox 226 1165 315 1203; x_wconf 84' lang='lat' dir='ltr'>pacis</span> <span class='ocrx_word' id='word_1_108' title='bbox 340 1183 388 1193; x_wconf 90' lang='lat'>—.</span> <span class='ocrx_word' id='word_1_109' title='bbox 412 1166 485 1195; x_wconf 86' lang='lat' dir='ltr'>Dat.</span> <span class='ocrx_word' id='word_1_110' title='bbox 504 1166 658 1204; x_wconf 85' lang='lat' dir='ltr'>Neapoli,</span> <span class='ocrx_word' id='word_1_111' title='bbox 676 1166 791 1196; x_wconf 75' lang='lat' dir='ltr'>XVIII</span> <span class='ocrx_word' id='word_1_112' title='bbox 807 1166 966 1197; x_wconf 81' lang='lat' dir='ltr'><strong>kalendas</strong></span> <span class='ocrx_word' id='word_1_113' title='bbox 982 1167 1072 1201; x_wconf 84' lang='lat' dir='ltr'>maii,</span> <span class='ocrx_word' id='word_1_114' title='bbox 1091 1176 1178 1198; x_wconf 89' lang='lat' dir='ltr'>anno</span> 
     </span>
     <span class='ocr_line' id='line_1_18' title="bbox 168 1226 318 1255; baseline -0.013 -10"><span class='ocrx_word' id='word_1_115' title='bbox 168 1226 283 1255; x_wconf 88' lang='lat' dir='ltr'>primo.</span> <span class='ocrx_word' id='word_1_116' title='bbox 307 1230 318 1243; x_wconf 50' lang='grc' dir='ltr'>ψ)</span> 
     </span>
     <span class='ocr_line' id='line_1_19' title="bbox 238 1389 1104 1424; baseline -0.001 -7"><span class='ocrx_word' id='word_1_117' title='bbox 238 1389 324 1417; x_wconf 66' lang='lat'>382</span> <span class='ocrx_word' id='word_1_118' title='bbox 770 1389 888 1424; x_wconf 65' lang='lat' dir='ltr'>Names,</span> <span class='ocrx_word' id='word_1_119' title='bbox 906 1391 922 1418; x_wconf 81' lang='lat'>9</span> <span class='ocrx_word' id='word_1_120' title='bbox 938 1391 1008 1417; x_wconf 89' lang='lat' dir='ltr'>avril</span> <span class='ocrx_word' id='word_1_121' title='bbox 1026 1389 1104 1418; x_wconf 74' lang='lat'>1255.</span> 
     </span>
    </p>
   </div>
   <div class='ocr_carea' id='block_1_8' title="bbox 167 1449 1178 1631">
    <p class='ocr_par' dir='ltr' id='par_1_8' title="bbox 167 1449 1178 1631">
     <span class='ocr_line' id='line_1_20' title="bbox 204 1449 1178 1486; baseline 0.004 -11"><span class='ocrx_word' id='word_1_122' title='bbox 204 1449 340 1483; x_wconf 83' lang='lat' dir='ltr'>Magistro</span> <span class='ocrx_word' id='word_1_123' title='bbox 358 1449 504 1476; x_wconf 84' lang='lat' dir='ltr'>Bernardo</span> <span class='ocrx_word' id='word_1_124' title='bbox 521 1450 637 1485; x_wconf 87' lang='lat' dir='ltr'>lspano,</span> <span class='ocrx_word' id='word_1_125' title='bbox 650 1451 758 1477; x_wconf 87' lang='lat' dir='ltr'>decano</span> <span class='ocrx_word' id='word_1_126' title='bbox 775 1451 978 1485; x_wconf 80' lang='lat' dir='ltr'>Ulixbonensi‚</span> <span class='ocrx_word' id='word_1_127' title='bbox 992 1452 1130 1486; x_wconf 82' lang='lat' dir='ltr'>indulget.</span> <span class='ocrx_word' id='word_1_128' title='bbox 1147 1457 1178 1480; x_wconf 89' lang='lat' dir='ltr'>ut</span> 
     </span>
     <span class='ocr_line' id='line_1_21' title="bbox 168 1498 1175 1535; baseline 0.004 -11"><span class='ocrx_word' id='word_1_129' title='bbox 168 1499 264 1525; x_wconf 86' lang='lat' dir='ltr'>nullus</span> <span class='ocrx_word' id='word_1_130' title='bbox 280 1498 430 1533; x_wconf 86' lang='lat' dir='ltr'>delegatus</span> <span class='ocrx_word' id='word_1_131' title='bbox 445 1508 459 1526; x_wconf 87' lang='lat' dir='ltr'>a</span> <span class='ocrx_word' id='word_1_132' title='bbox 477 1498 551 1525; x_wconf 86' lang='lat' dir='ltr'>Sede</span> <span class='ocrx_word' id='word_1_133' title='bbox 567 1500 734 1534; x_wconf 80' lang='lat' dir='ltr'>apostolica,</span> <span class='ocrx_word' id='word_1_134' title='bbox 751 1504 800 1526; x_wconf 90' lang='lat' dir='ltr'>aut</span> <span class='ocrx_word' id='word_1_135' title='bbox 813 1500 1018 1535; x_wconf 81' lang='lat' dir='ltr'>subdelegatus</span> <span class='ocrx_word' id='word_1_136' title='bbox 1028 1501 1063 1528; x_wconf 91' lang='lat' dir='ltr'>ab</span> <span class='ocrx_word' id='word_1_137' title='bbox 1074 1510 1108 1528; x_wconf 89' lang='lat' dir='ltr'>eo</span> <span class='ocrx_word' id='word_1_138' title='bbox 1120 1506 1175 1528; x_wconf 83' lang='lat' dir='ltr'>etc.</span> 
     </span>
     <span class='ocr_line' id='line_1_22' title="bbox 167 1547 1177 1583; baseline 0.004 -10"><span class='ocrx_word' id='word_1_139' title='bbox 167 1547 259 1581; x_wconf 79' lang='lat' dir='ltr'>possit</span> <span class='ocrx_word' id='word_1_140' title='bbox 271 1547 298 1573; x_wconf 91' lang='lat' dir='ltr'>in</span> <span class='ocrx_word' id='word_1_141' title='bbox 317 1549 412 1582; x_wconf 88' lang='lat' dir='ltr'>ipsum</span> <span class='ocrx_word' id='word_1_142' title='bbox 428 1548 738 1575; x_wconf 81' lang='lat' dir='ltr'>excommunicationis</span> <span class='ocrx_word' id='word_1_143' title='bbox 751 1549 794 1574; x_wconf 90' lang='lat' dir='ltr'>vel</span> <span class='ocrx_word' id='word_1_144' title='bbox 805 1550 1007 1583; x_wconf 81' lang='lat' dir='ltr'>suspensionis</span> <span class='ocrx_word' id='word_1_145' title='bbox 1019 1550 1177 1577; x_wconf 81' lang='lat' dir='ltr'>sententias</span> 
     </span>
     <span class='ocr_line' id='line_1_23' title="bbox 168 1596 1174 1631; baseline 0.005 -9"><span class='ocrx_word' id='word_1_146' title='bbox 168 1597 362 1631; x_wconf 79' lang='lat' dir='ltr'>promulgare,</span> <span class='ocrx_word' id='word_1_147' title='bbox 379 1596 489 1631; x_wconf 79' lang='lat' dir='ltr'>absque</span> <span class='ocrx_word' id='word_1_148' title='bbox 505 1597 622 1631; x_wconf 84' lang='lat' dir='ltr'>speciali</span> <span class='ocrx_word' id='word_1_149' title='bbox 639 1598 782 1625; x_wconf 86' lang='lat' dir='ltr'>mandato.</span> <span class='ocrx_word' id='word_1_150' title='bbox 801 1598 881 1627; x_wconf 69' lang='lat' dir='ltr'>(Rea.</span> <span class='ocrx_word' id='word_1_151' title='bbox 895 1598 938 1631; x_wconf 68' lang='lat'>⁶24,</span> <span class='ocrx_word' id='word_1_152' title='bbox 951 1607 976 1625; x_wconf 90' lang='lat' dir='ltr'>c.</span> <span class='ocrx_word' id='word_1_153' title='bbox 993 1599 1053 1629; x_wconf 76' lang='lat'>315,</span> <span class='ocrx_word' id='word_1_154' title='bbox 1070 1599 1090 1626; x_wconf 81' lang='lat' dir='ltr'>f.</span> <span class='ocrx_word' id='word_1_155' title='bbox 1108 1600 1174 1629; x_wconf 78' lang='lat' dir='ltr'>lissv.)</span> 
     </span>
    </p>
   </div>
   <div class='ocr_carea' id='block_1_9' title="bbox 166 1699 1177 1843">
    <p class='ocr_par' dir='ltr' id='par_1_9' title="bbox 166 1699 1177 1843">
     <span class='ocr_line' id='line_1_24' title="bbox 209 1699 1177 1739; baseline 0.008 -16"><span class='ocrx_word' id='word_1_156' title='bbox 209 1711 220 1723; x_wconf 60' lang='grc' dir='ltr'>(ι</span> <span class='ocrx_word' id='word_1_157' title='bbox 246 1699 389 1735; x_wconf 67' lang='lat' dir='ltr'>Mayiscro</span> <span class='ocrx_word' id='word_1_158' title='bbox 410 1699 563 1727; x_wconf 64' lang='lat' dir='ltr'>lxm—nardo</span> <span class='ocrx_word' id='word_1_159' title='bbox 580 1700 699 1736; x_wconf 73' lang='lat' dir='ltr'>Ispzmo,</span> <span class='ocrx_word' id='word_1_160' title='bbox 720 1699 1056 1738; x_wconf 62' lang='lat' dir='ltr'>decano}Hlioebonensi,</span> <span class='ocrx_word' id='word_1_161' title='bbox 1078 1702 1177 1739; x_wconf 73' lang='lat' dir='ltr'>capel-</span> 
     </span>
     <span class='ocr_line' id='line_1_25' title="bbox 166 1751 1174 1793; baseline 0.006 -14"><span class='ocrx_word' id='word_1_162' title='bbox 166 1752 236 1779; x_wconf 78' lang='lat' dir='ltr'>lano</span> <span class='ocrx_word' id='word_1_163' title='bbox 265 1756 375 1780; x_wconf 70' lang='lat' dir='ltr'>nostro.</span> <span class='ocrx_word' id='word_1_164' title='bbox 405 1751 453 1781; x_wconf 79' lang='lat' dir='ltr'>Ob</span> <span class='ocrx_word' id='word_1_165' title='bbox 481 1751 610 1781; x_wconf 87' lang='lat' dir='ltr'>sincere</span> <span class='ocrx_word' id='word_1_166' title='bbox 637 1751 823 1782; x_wconf 87' lang='lat' dir='ltr'>devotionis</span> <span class='ocrx_word' id='word_1_167' title='bbox 850 1770 898 1781; x_wconf 83' lang='lat'>—.</span> <span class='ocrx_word' id='word_1_168' title='bbox 924 1754 996 1783; x_wconf 86' lang='lat' dir='ltr'>Dat.</span> <span class='ocrx_word' id='word_1_169' title='bbox 1025 1754 1174 1793; x_wconf 79' lang='lat' dir='ltr'>Neapoli,</span> 
     </span>
     <span class='ocr_line' id='line_1_26' title="bbox 166 1803 705 1843; baseline 0.002 -10"><span class='ocrx_word' id='word_1_170' title='bbox 166 1804 194 1833; x_wconf 89' lang='lat' dir='ltr'>V</span> <span class='ocrx_word' id='word_1_171' title='bbox 208 1803 282 1832; x_wconf 85' lang='lat' dir='ltr'>idus</span> <span class='ocrx_word' id='word_1_172' title='bbox 299 1803 425 1842; x_wconf 77' lang='lat' dir='ltr'>aprilis.</span> <span class='ocrx_word' id='word_1_173' title='bbox 447 1813 533 1834; x_wconf 89' lang='lat' dir='ltr'>anno</span> <span class='ocrx_word' id='word_1_174' title='bbox 552 1805 669 1843; x_wconf 89' lang='lat' dir='ltr'>primo.</span> <span class='ocrx_word' id='word_1_175' title='bbox 692 1817 705 1831; x_wconf 70' lang='lat' dir='ltr'>n</span> 
     </span>
    </p>
   </div>
   <div class='ocr_carea' id='block_1_10' title="bbox 165 1975 1177 2272">
    <p class='ocr_par' dir='ltr' id='par_1_10' title="bbox 165 1975 1177 2272">
     <span class='ocr_line' id='line_1_27' title="bbox 238 1975 326 2002; baseline 0 0"><span class='ocrx_word' id='word_1_176' title='bbox 238 1975 326 2002; x_wconf 75' lang='lat'>383</span> 
     </span>
     <span class='ocr_line' id='line_1_28' title="bbox 203 2036 1177 2076; baseline 0.007 -14"><span class='ocrx_word' id='word_1_177' title='bbox 203 2036 287 2062; x_wconf 85' lang='lat' dir='ltr'>Petro</span> <span class='ocrx_word' id='word_1_178' title='bbox 307 2037 462 2068; x_wconf 81' lang='lat' dir='ltr'>Johannis,</span> <span class='ocrx_word' id='word_1_179' title='bbox 483 2037 622 2064; x_wconf 87' lang='lat' dir='ltr'>Bernardi</span> <span class='ocrx_word' id='word_1_180' title='bbox 639 2038 736 2074; x_wconf 84' lang='lat' dir='ltr'>Ispani</span> <span class='ocrx_word' id='word_1_181' title='bbox 752 2040 890 2074; x_wconf 84' lang='lat' dir='ltr'>capellani</span> <span class='ocrx_word' id='word_1_182' title='bbox 907 2041 952 2067; x_wconf 90' lang='lat' dir='ltr'>sui</span> <span class='ocrx_word' id='word_1_183' title='bbox 971 2042 1067 2076; x_wconf 87' lang='lat' dir='ltr'>nepoti</span> <span class='ocrx_word' id='word_1_184' title='bbox 1083 2045 1111 2068; x_wconf 89' lang='lat' dir='ltr'>et</span> <span class='ocrx_word' id='word_1_185' title='bbox 1126 2050 1177 2069; x_wconf 88' lang='lat' dir='ltr'>ca-</span> 
     </span>
     <span class='ocr_line' id='line_1_29' title="bbox 166 2086 1177 2125; baseline 0.007 -14"><span class='ocrx_word' id='word_1_186' title='bbox 166 2086 269 2111; x_wconf 91' lang='lat' dir='ltr'>nonico</span> <span class='ocrx_word' id='word_1_187' title='bbox 287 2086 434 2119; x_wconf 72' lang='lat' dir='ltr'>Auriensi,</span> <span class='ocrx_word' id='word_1_188' title='bbox 450 2087 587 2121; x_wconf 82' lang='lat' dir='ltr'>indulget,</span> <span class='ocrx_word' id='word_1_189' title='bbox 604 2091 645 2121; x_wconf 87' lang='lat' dir='ltr'>ut,</span> <span class='ocrx_word' id='word_1_190' title='bbox 660 2088 799 2115; x_wconf 85' lang='lat' dir='ltr'>insistens</span> <span class='ocrx_word' id='word_1_191' title='bbox 813 2088 942 2116; x_wconf 87' lang='lat' dir='ltr'>Bononie</span> <span class='ocrx_word' id='word_1_192' title='bbox 958 2099 1007 2125; x_wconf 89' lang='lat' dir='ltr'>per</span> <span class='ocrx_word' id='word_1_193' title='bbox 1024 2091 1177 2125; x_wconf 87' lang='lat' dir='ltr'>quadrien-</span> 
     </span>
     <span class='ocr_line' id='line_1_30' title="bbox 167 2135 1176 2175; baseline 0.008 -16"><span class='ocrx_word' id='word_1_194' title='bbox 167 2135 244 2160; x_wconf 83' lang='lat' dir='ltr'>nium</span> <span class='ocrx_word' id='word_1_195' title='bbox 271 2135 456 2161; x_wconf 77' lang='lat' dir='ltr'>scholasticis</span> <span class='ocrx_word' id='word_1_196' title='bbox 478 2135 655 2171; x_wconf 89' lang='lat' dir='ltr'>disciplinis‚</span> <span class='ocrx_word' id='word_1_197' title='bbox 681 2145 737 2163; x_wconf 89' lang='lat' dir='ltr'>non</span> <span class='ocrx_word' id='word_1_198' title='bbox 762 2138 894 2165; x_wconf 88' lang='lat' dir='ltr'>obstante</span> <span class='ocrx_word' id='word_1_199' title='bbox 920 2140 995 2173; x_wconf 88' lang='lat' dir='ltr'>quod</span> <span class='ocrx_word' id='word_1_200' title='bbox 1020 2140 1176 2175; x_wconf 87' lang='lat' dir='ltr'>episcopus</span> 
     </span>
     <span class='ocr_line' id='line_1_31' title="bbox 166 2182 1176 2219; baseline 0.008 -11"><span class='ocrx_word' id='word_1_201' title='bbox 166 2182 322 2209; x_wconf 77' lang='lat' dir='ltr'>Auriensis</span> <span class='ocrx_word' id='word_1_202' title='bbox 345 2184 370 2209; x_wconf 88' lang='lat' dir='ltr'>ei</span> <span class='ocrx_word' id='word_1_203' title='bbox 393 2185 538 2219; x_wconf 86' lang='lat' dir='ltr'>praecepit</span> <span class='ocrx_word' id='word_1_204' title='bbox 561 2190 591 2211; x_wconf 94' lang='lat' dir='ltr'>ut</span> <span class='ocrx_word' id='word_1_205' title='bbox 613 2186 684 2212; x_wconf 84' lang='lat' dir='ltr'>infra</span> <span class='ocrx_word' id='word_1_206' title='bbox 705 2187 809 2214; x_wconf 84' lang='lat' dir='ltr'>festum</span> <span class='ocrx_word' id='word_1_207' title='bbox 830 2187 990 2215; x_wconf 84' lang='lat' dir='ltr'>dominicae</span> <span class='ocrx_word' id='word_1_208' title='bbox 1010 2189 1176 2217; x_wconf 82' lang='lat' dir='ltr'>Nativitatis</span> 
     </span>
     <span class='ocr_line' id='line_1_32' title="bbox 165 2231 1176 2272; baseline 0.008 -16"><span class='ocrx_word' id='word_1_209' title='bbox 165 2231 297 2265; x_wconf 81' lang='lat' dir='ltr'>proximo</span> <span class='ocrx_word' id='word_1_210' title='bbox 322 2233 505 2266; x_wconf 81' lang='lat' dir='ltr'>praeteritum</span> <span class='ocrx_word' id='word_1_211' title='bbox 533 2234 566 2259; x_wconf 87' lang='lat' dir='ltr'>ad</span> <span class='ocrx_word' id='word_1_212' title='bbox 593 2235 745 2261; x_wconf 86' lang='lat' dir='ltr'>ecclesiam</span> <span class='ocrx_word' id='word_1_213' title='bbox 770 2236 945 2263; x_wconf 88' lang='lat' dir='ltr'>Auriensem</span> <span class='ocrx_word' id='word_1_214' title='bbox 968 2237 1081 2268; x_wconf 79' lang='lat' dir='ltr'>rediret,</span> <span class='ocrx_word' id='word_1_215' title='bbox 1110 2246 1176 2272; x_wconf 89' lang='lat' dir='ltr'>pro-</span> 
     </span>
    </p>
   </div>
   <div class='ocr_carea' id='block_1_11' title="bbox 165 2281 1174 2361">
    <p class='ocr_par' dir='ltr' id='par_1_11' title="bbox 165 2281 1174 2361">
     <span class='ocr_line' id='line_1_33' title="bbox 165 2281 1174 2322; baseline 0.009 -17"><span class='ocrx_word' id='word_1_216' title='bbox 165 2284 269 2306; x_wconf 88' lang='lat' dir='ltr'>ventus</span> <span class='ocrx_word' id='word_1_217' title='bbox 292 2281 471 2315; x_wconf 80' lang='lat' dir='ltr'>praebendae</span> <span class='ocrx_word' id='word_1_218' title='bbox 494 2290 564 2308; x_wconf 84' lang='lat' dir='ltr'>suae</span> <span class='ocrx_word' id='word_1_219' title='bbox 585 2284 732 2318; x_wconf 79' lang='lat' dir='ltr'>percipere</span> <span class='ocrx_word' id='word_1_220' title='bbox 759 2285 858 2312; x_wconf 84' lang='lat' dir='ltr'>valeat.</span> <span class='ocrx_word' id='word_1_221' title='bbox 885 2285 968 2319; x_wconf 69' lang='lat' dir='ltr'>(Rea.</span> <span class='ocrx_word' id='word_1_222' title='bbox 992 2286 1036 2319; x_wconf 72' lang='lat'>24,</span> <span class='ocrx_word' id='word_1_223' title='bbox 1063 2295 1088 2314; x_wconf 89' lang='lat' dir='ltr'>c.</span> <span class='ocrx_word' id='word_1_224' title='bbox 1113 2287 1174 2322; x_wconf 80' lang='lat'>316,</span> 
     </span>
     <span class='ocr_line' id='line_1_34' title="bbox 167 2328 269 2361; baseline 0.02 -8"><span class='ocrx_word' id='word_1_225' title='bbox 167 2328 184 2353; x_wconf 85' lang='lat' dir='ltr'>s.</span> <span class='ocrx_word' id='word_1_226' title='bbox 200 2328 269 2361; x_wconf 63' lang='lat' dir='ltr'>slav.)</span> 
     </span>
    </p>
   </div>
   <div class='ocr_carea' id='block_1_12' title="bbox 733 1976 1104 2012">
    <p class='ocr_par' dir='ltr' id='par_1_12' title="bbox 733 1976 1104 2012">
     <span class='ocr_line' id='line_1_35' title="bbox 733 1976 1104 2012; baseline 0.011 -10"><span class='ocrx_word' id='word_1_227' title='bbox 733 1976 851 2012; x_wconf 82' lang='lat' dir='ltr'>Naples,</span> <span class='ocrx_word' id='word_1_228' title='bbox 869 1978 883 2004; x_wconf 84' lang='lat'>3</span> <span class='ocrx_word' id='word_1_229' title='bbox 896 1979 1010 2012; x_wconf 77' lang='lat' dir='ltr'>Janvier</span> <span class='ocrx_word' id='word_1_230' title='bbox 1028 1978 1104 2006; x_wconf 64' lang='lat'>1255.</span> 
     </span>
    </p>
   </div>
   <div class='ocr_carea' id='block_1_13' title="bbox 166 2430 1176 2896">
    <p class='ocr_par' dir='ltr' id='par_1_13' title="bbox 166 2430 1176 2896">
     <span class='ocr_line' id='line_1_36' title="bbox 208 2430 1175 2475; baseline 0.011 -18"><span class='ocrx_word' id='word_1_231' title='bbox 208 2442 220 2455; x_wconf 82' lang='lat'>«</span> <span class='ocrx_word' id='word_1_232' title='bbox 238 2430 324 2459; x_wconf 73' lang='lat' dir='ltr'>Petro</span> <span class='ocrx_word' id='word_1_233' title='bbox 340 2431 505 2461; x_wconf 34' lang='lat' dir='ltr'>‚Iohannis</span> <span class='ocrx_word' id='word_1_234' title='bbox 524 2435 671 2462; x_wconf 73' lang='lat' dir='ltr'>canonico</span> <span class='ocrx_word' id='word_1_235' title='bbox 686 2435 840 2464; x_wconf 71' lang='lat' dir='ltr'>Auriensi.</span> <span class='ocrx_word' id='word_1_236' title='bbox 860 2436 930 2465; x_wconf 83' lang='lat' dir='ltr'>Tua</span> <span class='ocrx_word' id='word_1_237' title='bbox 946 2436 1041 2467; x_wconf 88' lang='lat' dir='ltr'>nobis</span> <span class='ocrx_word' id='word_1_238' title='bbox 1060 2438 1175 2475; x_wconf 86' lang='lat' dir='ltr'>petitio</span> 
     </span>
     <span class='ocr_line' id='line_1_37' title="bbox 167 2482 1175 2521; baseline 0.01 -11"><span class='ocrx_word' id='word_1_239' title='bbox 167 2482 339 2519; x_wconf 75' lang='lat' dir='ltr'>patefesrit</span> <span class='ocrx_word' id='word_1_240' title='bbox 363 2483 460 2521; x_wconf 78' lang='lat' dir='ltr'>quod,</span> <span class='ocrx_word' id='word_1_241' title='bbox 489 2493 561 2513; x_wconf 86' lang='lat' dir='ltr'>cum</span> <span class='ocrx_word' id='word_1_242' title='bbox 589 2494 687 2515; x_wconf 83' lang='lat' dir='ltr'>causa</span> <span class='ocrx_word' id='word_1_243' title='bbox 713 2487 867 2517; x_wconf 85' lang='lat' dir='ltr'>studendi</span> <span class='ocrx_word' id='word_1_244' title='bbox 894 2489 1042 2519; x_wconf 85' lang='lat' dir='ltr'>Bononie</span> <span class='ocrx_word' id='word_1_245' title='bbox 1067 2500 1175 2521; x_wconf 88' lang='lat' dir='ltr'>mora—</span> 
     </span>
     <span class='ocr_line' id='line_1_38' title="bbox 166 2535 1173 2579; baseline 0.011 -17"><span class='ocrx_word' id='word_1_246' title='bbox 166 2535 261 2564; x_wconf 81' lang='lat' dir='ltr'>reris.</span> <span class='ocrx_word' id='word_1_247' title='bbox 280 2535 482 2566; x_wconf 69' lang='lat' dir='ltr'>venerahilis</span> <span class='ocrx_word' id='word_1_248' title='bbox 499 2537 601 2567; x_wconf 82' lang='lat' dir='ltr'>frater</span> <span class='ocrx_word' id='word_1_249' title='bbox 619 2542 730 2568; x_wconf 87' lang='lat' dir='ltr'>noster</span> <span class='ocrx_word' id='word_1_250' title='bbox 749 2562 780 2574; x_wconf 84' lang='lat'>..,</span> <span class='ocrx_word' id='word_1_251' title='bbox 797 2540 969 2579; x_wconf 79' lang='lat' dir='ltr'>episcopus</span> <span class='ocrx_word' id='word_1_252' title='bbox 985 2542 1173 2578; x_wconf 82' lang='lat' dir='ltr'>Auriensis,</span> 
     </span>
     <span class='ocr_line' id='line_1_39' title="bbox 168 2587 1176 2634; baseline 0.013 -20"><span class='ocrx_word' id='word_1_253' title='bbox 168 2587 238 2621; x_wconf 65' lang='lat' dir='ltr'>libi,</span> <span class='ocrx_word' id='word_1_254' title='bbox 263 2587 347 2616; x_wconf 79' lang='lat' dir='ltr'>sient</span> <span class='ocrx_word' id='word_1_255' title='bbox 374 2588 437 2617; x_wconf 77' lang='lat' dir='ltr'>sihi</span> <span class='ocrx_word' id='word_1_256' title='bbox 461 2588 595 2626; x_wconf 77' lang='lat' dir='ltr'>placuit,</span> <span class='ocrx_word' id='word_1_257' title='bbox 619 2591 705 2620; x_wconf 84' lang='lat' dir='ltr'>dedit</span> <span class='ocrx_word' id='word_1_258' title='bbox 727 2601 785 2629; x_wconf 78' lang='lat' dir='ltr'>per</span> <span class='ocrx_word' id='word_1_259' title='bbox 806 2602 882 2622; x_wconf 86' lang='lat' dir='ltr'>suas</span> <span class='ocrx_word' id='word_1_260' title='bbox 901 2593 1029 2625; x_wconf 79' lang='lat' dir='ltr'>litteras</span> <span class='ocrx_word' id='word_1_261' title='bbox 1049 2595 1083 2625; x_wconf 90' lang='lat' dir='ltr'>in</span> <span class='ocrx_word' id='word_1_262' title='bbox 1100 2606 1176 2634; x_wconf 89' lang='lat' dir='ltr'>pre-</span> 
     </span>
     <span class='ocr_line' id='line_1_40' title="bbox 166 2640 1176 2687; baseline 0.011 -19"><span class='ocrx_word' id='word_1_263' title='bbox 166 2640 280 2677; x_wconf 79' lang='lat' dir='ltr'>ceptis,</span> <span class='ocrx_word' id='word_1_264' title='bbox 308 2645 339 2669; x_wconf 87' lang='lat' dir='ltr'>ut</span> <span class='ocrx_word' id='word_1_265' title='bbox 368 2641 456 2671; x_wconf 83' lang='lat' dir='ltr'>infra</span> <span class='ocrx_word' id='word_1_266' title='bbox 481 2642 603 2671; x_wconf 80' lang='lat' dir='ltr'>festum</span> <span class='ocrx_word' id='word_1_267' title='bbox 626 2643 790 2675; x_wconf 86' lang='lat' dir='ltr'>dominice</span> <span class='ocrx_word' id='word_1_268' title='bbox 812 2646 1006 2677; x_wconf 81' lang='lat' dir='ltr'>Nativitatis</span> <span class='ocrx_word' id='word_1_269' title='bbox 1028 2649 1176 2687; x_wconf 75' lang='lat' dir='ltr'>proximo</span> 
     </span>
     <span class='ocr_line' id='line_1_41' title="bbox 166 2693 1175 2733; baseline 0.012 -13"><span class='ocrx_word' id='word_1_270' title='bbox 166 2693 360 2729; x_wconf 79' lang='lat' dir='ltr'>preteritum</span> <span class='ocrx_word' id='word_1_271' title='bbox 386 2695 424 2723; x_wconf 80' lang='lat' dir='ltr'>ad</span> <span class='ocrx_word' id='word_1_272' title='bbox 449 2695 621 2725; x_wconf 66' lang='lat' dir='ltr'>eeclesiam</span> <span class='ocrx_word' id='word_1_273' title='bbox 645 2698 844 2728; x_wconf 84' lang='lat' dir='ltr'>Auriensem</span> <span class='ocrx_word' id='word_1_274' title='bbox 864 2700 1002 2733; x_wconf 74' lang='lat' dir='ltr'>redires.</span> <span class='ocrx_word' id='word_1_275' title='bbox 1027 2702 1175 2733; x_wconf 80' lang='lat' dir='ltr'>facturus</span> 
     </span>
     <span class='ocr_line' id='line_1_42' title="bbox 166 2745 1176 2786; baseline 0.012 -13"><span class='ocrx_word' id='word_1_276' title='bbox 166 2745 289 2775; x_wconf 80' lang='lat' dir='ltr'>ibidem</span> <span class='ocrx_word' id='word_1_277' title='bbox 314 2746 529 2777; x_wconf 71' lang='lat' dir='ltr'>residentiam</span> <span class='ocrx_word' id='word_1_278' title='bbox 552 2750 760 2786; x_wconf 74' lang='lat' dir='ltr'>personalem</span> <span class='ocrx_word' id='word_1_279' title='bbox 784 2755 814 2781; x_wconf 88' lang='lat' dir='ltr'>et</span> <span class='ocrx_word' id='word_1_280' title='bbox 837 2761 947 2782; x_wconf 84' lang='lat' dir='ltr'>sacros</span> <span class='ocrx_word' id='word_1_281' title='bbox 970 2754 1102 2785; x_wconf 84' lang='lat' dir='ltr'>ordines</span> <span class='ocrx_word' id='word_1_282' title='bbox 1123 2765 1176 2785; x_wconf 88' lang='lat' dir='ltr'>re-</span> 
     </span>
     <span class='ocr_line' id='line_1_43' title="bbox 166 2798 1175 2846; baseline 0.013 -21"><span class='ocrx_word' id='word_1_283' title='bbox 166 2802 331 2835; x_wconf 73' lang='lat' dir='ltr'>cepturus.</span> <span class='ocrx_word' id='word_1_284' title='bbox 355 2798 437 2828; x_wconf 85' lang='lat' dir='ltr'>Cum</span> <span class='ocrx_word' id='word_1_285' title='bbox 462 2805 583 2836; x_wconf 81' lang='lat' dir='ltr'>autem,</span> <span class='ocrx_word' id='word_1_286' title='bbox 605 2802 687 2831; x_wconf 75' lang='lat' dir='ltr'>sicul</span> <span class='ocrx_word' id='word_1_287' title='bbox 713 2805 880 2842; x_wconf 82' lang='lat' dir='ltr'>proponis,</span> <span class='ocrx_word' id='word_1_288' title='bbox 902 2806 1040 2844; x_wconf 76' lang='lat' dir='ltr'>adipisci</span> <span class='ocrx_word' id='word_1_289' title='bbox 1061 2808 1175 2846; x_wconf 82' lang='lat' dir='ltr'>cupias</span> 
     </span>
     <span class='ocr_line' id='line_1_44' title="bbox 166 2849 1173 2896; baseline 0.012 -18"><span class='ocrx_word' id='word_1_290' title='bbox 166 2849 304 2880; x_wconf 55' lang='lat' dir='ltr'>‚st-imm»</span> <span class='ocrx_word' id='word_1_291' title='bbox 328 2853 556 2889; x_wconf 62' lang='lat' dir='ltr'>margaritam,</span> <span class='ocrx_word' id='word_1_292' title='bbox 581 2864 639 2884; x_wconf 81' lang='lat' dir='ltr'>nos</span> <span class='ocrx_word' id='word_1_293' title='bbox 663 2855 810 2886; x_wconf 79' lang='lat' dir='ltr'>volentes</span> <span class='ocrx_word' id='word_1_294' title='bbox 833 2862 965 2896; x_wconf 84' lang='lat' dir='ltr'>propter</span> <span class='ocrx_word' id='word_1_295' title='bbox 988 2859 1048 2889; x_wconf 84' lang='lat' dir='ltr'>hoc</span> <span class='ocrx_word' id='word_1_296' title='bbox 1073 2865 1103 2890; x_wconf 86' lang='lat' dir='ltr'>et</span> <span class='ocrx_word' id='word_1_297' title='bbox 1127 2861 1173 2890; x_wconf 91' lang='lat' dir='ltr'>in-</span> 
     </span>
    </p>
   </div>
   <div class='ocr_carea' id='block_1_14' title="bbox 1261 266 2275 940">
    <p class='ocr_par' dir='ltr' id='par_1_14' title="bbox 1261 266 2275 940">
     <span class='ocr_line' id='line_1_45' title="bbox 1263 266 2274 309; baseline 0.005 -14"><span class='ocrx_word' id='word_1_298' title='bbox 1263 266 1350 296; x_wconf 90' lang='lat' dir='ltr'>tuitu</span> <span class='ocrx_word' id='word_1_299' title='bbox 1375 266 1487 297; x_wconf 90' lang='lat' dir='ltr'>dilecti</span> <span class='ocrx_word' id='word_1_300' title='bbox 1516 268 1576 298; x_wconf 86' lang='lat' dir='ltr'>filii</span> <span class='ocrx_word' id='word_1_301' title='bbox 1602 269 1753 307; x_wconf 80' lang='lat' dir='ltr'>magistri</span> <span class='ocrx_word' id='word_1_302' title='bbox 1776 269 1938 299; x_wconf 87' lang='lat' dir='ltr'>Bernardi</span> <span class='ocrx_word' id='word_1_303' title='bbox 1961 270 2085 308; x_wconf 86' lang='lat' dir='ltr'>Ispani,</span> <span class='ocrx_word' id='word_1_304' title='bbox 2111 270 2274 309; x_wconf 89' lang='lat' dir='ltr'>capellani</span> 
     </span>
     <span class='ocr_line' id='line_1_46' title="bbox 1263 319 2273 360; baseline 0.005 -12"><span class='ocrx_word' id='word_1_305' title='bbox 1263 319 1386 354; x_wconf 81' lang='lat' dir='ltr'>nostri,</span> <span class='ocrx_word' id='word_1_306' title='bbox 1405 321 1499 360; x_wconf 88' lang='lat' dir='ltr'>cujus</span> <span class='ocrx_word' id='word_1_307' title='bbox 1516 330 1617 360; x_wconf 87' lang='lat' dir='ltr'>nepos</span> <span class='ocrx_word' id='word_1_308' title='bbox 1636 322 1762 357; x_wconf 81' lang='lat' dir='ltr'>existis,</span> <span class='ocrx_word' id='word_1_309' title='bbox 1781 331 1957 360; x_wconf 74' lang='lat' dir='ltr'>personam</span> <span class='ocrx_word' id='word_1_310' title='bbox 1973 327 2063 352; x_wconf 87' lang='lat' dir='ltr'>tuam</span> <span class='ocrx_word' id='word_1_311' title='bbox 2079 323 2273 353; x_wconf 82' lang='lat' dir='ltr'>benivolen-</span> 
     </span>
     <span class='ocr_line' id='line_1_47' title="bbox 1263 371 2273 414; baseline 0.005 -14"><span class='ocrx_word' id='word_1_312' title='bbox 1263 371 1309 401; x_wconf 87' lang='lat' dir='ltr'>tia</span> <span class='ocrx_word' id='word_1_313' title='bbox 1331 372 1477 410; x_wconf 82' lang='lat' dir='ltr'>gratiosa</span> <span class='ocrx_word' id='word_1_314' title='bbox 1501 373 1627 409; x_wconf 87' lang='lat' dir='ltr'>fovere,</span> <span class='ocrx_word' id='word_1_315' title='bbox 1649 374 1715 404; x_wconf 86' lang='lat' dir='ltr'>tuis</span> <span class='ocrx_word' id='word_1_316' title='bbox 1737 378 1767 404; x_wconf 85' lang='lat' dir='ltr'>et</span> <span class='ocrx_word' id='word_1_317' title='bbox 1789 374 1937 413; x_wconf 86' lang='lat' dir='ltr'>ejusdem</span> <span class='ocrx_word' id='word_1_318' title='bbox 1959 374 2123 413; x_wconf 88' lang='lat' dir='ltr'>capellani</span> <span class='ocrx_word' id='word_1_319' title='bbox 2146 375 2273 414; x_wconf 86' lang='lat' dir='ltr'>suppli-</span> 
     </span>
     <span class='ocr_line' id='line_1_48' title="bbox 1262 425 2274 465; baseline 0.005 -11"><span class='ocrx_word' id='word_1_320' title='bbox 1262 425 1450 455; x_wconf 84' lang='lat' dir='ltr'>cationibus</span> <span class='ocrx_word' id='word_1_321' title='bbox 1466 425 1650 464; x_wconf 82' lang='lat' dir='ltr'>benignum</span> <span class='ocrx_word' id='word_1_322' title='bbox 1665 427 1894 465; x_wconf 84' lang='lat' dir='ltr'>impertientes</span> <span class='ocrx_word' id='word_1_323' title='bbox 1913 436 2102 462; x_wconf 81' lang='lat' dir='ltr'>assensum.</span> <span class='ocrx_word' id='word_1_324' title='bbox 2122 428 2183 458; x_wconf 90' lang='lat' dir='ltr'>tibi</span> <span class='ocrx_word' id='word_1_325' title='bbox 2199 437 2274 460; x_wconf 87' lang='lat' dir='ltr'>auc-</span> 
     </span>
     <span class='ocr_line' id='line_1_49' title="bbox 1263 478 2273 518; baseline 0.004 -11"><span class='ocrx_word' id='word_1_326' title='bbox 1263 478 1394 508; x_wconf 85' lang='lat' dir='ltr'>toritate</span> <span class='ocrx_word' id='word_1_327' title='bbox 1415 479 1620 516; x_wconf 85' lang='lat' dir='ltr'>presentium</span> <span class='ocrx_word' id='word_1_328' title='bbox 1640 479 1864 518; x_wconf 72' lang='lat' dir='ltr'>indulgemus,</span> <span class='ocrx_word' id='word_1_329' title='bbox 1882 485 1928 514; x_wconf 81' lang='lat' dir='ltr'>ut,</span> <span class='ocrx_word' id='word_1_330' title='bbox 1947 480 2107 511; x_wconf 82' lang='lat' dir='ltr'>insistens</span> <span class='ocrx_word' id='word_1_331' title='bbox 2124 481 2273 512; x_wconf 79' lang='lat' dir='ltr'>Bononio</span> 
     </span>
     <span class='ocr_line' id='line_1_50' title="bbox 1262 530 2274 571; baseline 0.005 -12"><span class='ocrx_word' id='word_1_332' title='bbox 1262 530 1314 560; x_wconf 91' lang='lat' dir='ltr'>vel</span> <span class='ocrx_word' id='word_1_333' title='bbox 1341 530 1422 560; x_wconf 89' lang='lat' dir='ltr'>alibi</span> <span class='ocrx_word' id='word_1_334' title='bbox 1447 531 1503 561; x_wconf 84' lang='lat' dir='ltr'>uhi</span> <span class='ocrx_word' id='word_1_335' title='bbox 1528 532 1631 562; x_wconf 85' lang='lat' dir='ltr'>fuerit</span> <span class='ocrx_word' id='word_1_336' title='bbox 1654 536 1843 571; x_wconf 87' lang='lat' dir='ltr'>competens</span> <span class='ocrx_word' id='word_1_337' title='bbox 1868 533 2062 563; x_wconf 81' lang='lat' dir='ltr'>exercitium</span> <span class='ocrx_word' id='word_1_338' title='bbox 2088 534 2274 564; x_wconf 85' lang='lat' dir='ltr'>studiorum</span> 
     </span>
     <span class='ocr_line' id='line_1_51' title="bbox 1262 584 2273 625; baseline 0.004 -12"><span class='ocrx_word' id='word_1_339' title='bbox 1262 592 1320 622; x_wconf 87' lang='lat' dir='ltr'>per</span> <span class='ocrx_word' id='word_1_340' title='bbox 1353 584 1611 623; x_wconf 84' lang='lat' dir='ltr'>quadriennium</span> <span class='ocrx_word' id='word_1_341' title='bbox 1641 585 1827 616; x_wconf 86' lang='lat' dir='ltr'>scolasticis</span> <span class='ocrx_word' id='word_1_342' title='bbox 1857 586 2062 625; x_wconf 87' lang='lat' dir='ltr'>disciplinis,</span> <span class='ocrx_word' id='word_1_343' title='bbox 2094 590 2273 625; x_wconf 82' lang='lat' dir='ltr'>proventus</span> 
     </span>
     <span class='ocr_line' id='line_1_52' title="bbox 1261 636 2274 678; baseline 0.005 -13"><span class='ocrx_word' id='word_1_344' title='bbox 1261 636 1427 674; x_wconf 84' lang='lat' dir='ltr'>prehende</span> <span class='ocrx_word' id='word_1_345' title='bbox 1456 641 1509 667; x_wconf 89' lang='lat' dir='ltr'>tue</span> <span class='ocrx_word' id='word_1_346' title='bbox 1538 638 1644 676; x_wconf 87' lang='lat' dir='ltr'>ipsius</span> <span class='ocrx_word' id='word_1_347' title='bbox 1670 638 1809 668; x_wconf 86' lang='lat' dir='ltr'>ecclesie</span> <span class='ocrx_word' id='word_1_348' title='bbox 1836 639 2006 678; x_wconf 87' lang='lat' dir='ltr'>percipere</span> <span class='ocrx_word' id='word_1_349' title='bbox 2028 639 2151 675; x_wconf 83' lang='lat' dir='ltr'>valeas,</span> <span class='ocrx_word' id='word_1_350' title='bbox 2178 643 2274 678; x_wconf 88' lang='lat' dir='ltr'>prout</span> 
     </span>
     <span class='ocr_line' id='line_1_53' title="bbox 1263 690 2275 731; baseline 0.004 -13"><span class='ocrx_word' id='word_1_351' title='bbox 1263 694 1507 719; x_wconf 87' lang='lat' dir='ltr'>consueverunt</span> <span class='ocrx_word' id='word_1_352' title='bbox 1528 690 1696 729; x_wconf 86' lang='lat' dir='ltr'>percipere</span> <span class='ocrx_word' id='word_1_353' title='bbox 1716 691 1959 729; x_wconf 85' lang='lat' dir='ltr'>prebendarum</span> <span class='ocrx_word' id='word_1_354' title='bbox 1979 701 2114 722; x_wconf 88' lang='lat' dir='ltr'>suarum</span> <span class='ocrx_word' id='word_1_355' title='bbox 2133 700 2275 731; x_wconf 89' lang='lat' dir='ltr'>proven-</span> 
     </span>
     <span class='ocr_line' id='line_1_54' title="bbox 1263 740 2273 780; baseline 0.005 -10"><span class='ocrx_word' id='word_1_356' title='bbox 1263 745 1315 770; x_wconf 87' lang='lat' dir='ltr'>tus</span> <span class='ocrx_word' id='word_1_357' title='bbox 1339 740 1397 770; x_wconf 89' lang='lat' dir='ltr'>alii</span> <span class='ocrx_word' id='word_1_358' title='bbox 1420 742 1568 780; x_wconf 83' lang='lat' dir='ltr'>ejusdem</span> <span class='ocrx_word' id='word_1_359' title='bbox 1596 743 1735 773; x_wconf 86' lang='lat' dir='ltr'>ecclesie</span> <span class='ocrx_word' id='word_1_360' title='bbox 1760 744 1911 774; x_wconf 87' lang='lat' dir='ltr'>canonici</span> <span class='ocrx_word' id='word_1_361' title='bbox 1934 744 2044 775; x_wconf 90' lang='lat' dir='ltr'>studio</span> <span class='ocrx_word' id='word_1_362' title='bbox 2065 744 2273 780; x_wconf 87' lang='lat' dir='ltr'>insistentes,</span> 
     </span>
     <span class='ocr_line' id='line_1_55' title="bbox 1263 794 2270 836; baseline 0.004 -14"><span class='ocrx_word' id='word_1_363' title='bbox 1263 802 1323 824; x_wconf 91' lang='lat' dir='ltr'>nec</span> <span class='ocrx_word' id='word_1_364' title='bbox 1339 794 1474 824; x_wconf 84' lang='lat' dir='ltr'>interim</span> <span class='ocrx_word' id='word_1_365' title='bbox 1491 795 1531 824; x_wconf 85' lang='lat' dir='ltr'>ad</span> <span class='ocrx_word' id='word_1_366' title='bbox 1546 796 1776 834; x_wconf 88' lang='lat' dir='ltr'>suscipiendos</span> <span class='ocrx_word' id='word_1_367' title='bbox 1793 805 1903 826; x_wconf 88' lang='lat' dir='ltr'>sacros</span> <span class='ocrx_word' id='word_1_368' title='bbox 1917 797 2051 827; x_wconf 76' lang='lat' dir='ltr'>ordines</span> <span class='ocrx_word' id='word_1_369' title='bbox 2065 797 2137 836; x_wconf 81' lang='lat' dir='ltr'>cogi</span> <span class='ocrx_word' id='word_1_370' title='bbox 2151 797 2270 836; x_wconf 85' lang='lat' dir='ltr'>possis.</span> 
     </span>
     <span class='ocr_line' id='line_1_56' title="bbox 1262 839 2274 888; baseline 0.004 -12"><span class='ocrx_word' id='word_1_371' title='bbox 1262 845 1355 876; x_wconf 89' lang='lat' dir='ltr'>Nulli</span> <span class='ocrx_word' id='word_1_372' title='bbox 1370 851 1430 877; x_wconf 88' lang='lat' dir='ltr'>etc.</span> <span class='ocrx_word' id='word_1_373' title='bbox 1449 851 1561 877; x_wconf 88' lang='lat' dir='ltr'>nostre</span> <span class='ocrx_word' id='word_1_374' title='bbox 1575 849 1802 879; x_wconf 84' lang='lat' dir='ltr'>concessionis</span> <span class='ocrx_word' id='word_1_375' title='bbox 1816 853 1876 879; x_wconf 84' lang='lat' dir='ltr'>etc.</span> <span class='ocrx_word' id='word_1_376' title='bbox 1896 850 1968 879; x_wconf 86' lang='lat' dir='ltr'>Dat.</span> <span class='ocrx_word' id='word_1_377' title='bbox 1983 849 2134 888; x_wconf 84' lang='lat' dir='ltr'>Neapoli,</span> <span class='ocrx_word' id='word_1_378' title='bbox 2152 850 2203 880; x_wconf 92' lang='lat' dir='ltr'>III</span> <span class='ocrx_word' id='word_1_379' title='bbox 2219 839 2274 880; x_wconf 78' lang='lat' dir='ltr'>no-</span> 
     </span>
     <span class='ocr_line' id='line_1_57' title="bbox 1262 900 1772 940; baseline 0.002 -11"><span class='ocrx_word' id='word_1_380' title='bbox 1262 908 1322 929; x_wconf 88' lang='lat' dir='ltr'>nas</span> <span class='ocrx_word' id='word_1_381' title='bbox 1335 900 1495 940; x_wconf 73' lang='lat' dir='ltr'>Januarii,</span> <span class='ocrx_word' id='word_1_382' title='bbox 1514 909 1601 930; x_wconf 85' lang='lat' dir='ltr'>anno</span> <span class='ocrx_word' id='word_1_383' title='bbox 1619 901 1736 939; x_wconf 87' lang='lat' dir='ltr'>primo.</span> <span class='ocrx_word' id='word_1_384' title='bbox 1759 914 1772 927; x_wconf 90' lang='lat'>»</span> 
     </span>
    </p>
   </div>
   <div class='ocr_carea' id='block_1_15' title="bbox 1332 1078 2199 1114">
    <p class='ocr_par' dir='ltr' id='par_1_15' title="bbox 1332 1078 2199 1114">
     <span class='ocr_line' id='line_1_58' title="bbox 1332 1078 2199 1114; baseline -0.001 -7"><span class='ocrx_word' id='word_1_385' title='bbox 1332 1079 1421 1107; x_wconf 76' lang='lat'>384</span> <span class='ocrx_word' id='word_1_386' title='bbox 1843 1079 1960 1114; x_wconf 85' lang='lat' dir='ltr'>Naples,</span> <span class='ocrx_word' id='word_1_387' title='bbox 1977 1079 2010 1106; x_wconf 76' lang='lat'>‘28</span> <span class='ocrx_word' id='word_1_388' title='bbox 2026 1087 2103 1106; x_wconf 87' lang='lat' dir='ltr'>mars</span> <span class='ocrx_word' id='word_1_389' title='bbox 2120 1078 2199 1106; x_wconf 73' lang='lat'><strong>1255.</strong></span> 
     </span>
    </p>
   </div>
   <div class='ocr_carea' id='block_1_16' title="bbox 1261 1140 2272 1320">
    <p class='ocr_par' dir='ltr' id='par_1_16' title="bbox 1261 1140 2272 1320">
     <span class='ocr_line' id='line_1_59' title="bbox 1298 1140 2272 1176; baseline 0.001 -9"><span class='ocrx_word' id='word_1_390' title='bbox 1298 1140 1371 1175; x_wconf 87' lang='lat' dir='ltr'>Regi</span> <span class='ocrx_word' id='word_1_391' title='bbox 1389 1141 1550 1175; x_wconf 80' lang='lat' dir='ltr'>Anglorum</span> <span class='ocrx_word' id='word_1_392' title='bbox 1570 1141 1605 1167; x_wconf 83' lang='lat' dir='ltr'>de</span> <span class='ocrx_word' id='word_1_393' title='bbox 1621 1150 1694 1167; x_wconf 91' lang='lat' dir='ltr'>novo</span> <span class='ocrx_word' id='word_1_394' title='bbox 1711 1141 1850 1168; x_wconf 88' lang='lat' dir='ltr'>decimam</span> <span class='ocrx_word' id='word_1_395' title='bbox 1867 1142 2130 1168; x_wconf 84' lang='lat' dir='ltr'>ecclesiasticorum</span> <span class='ocrx_word' id='word_1_396' title='bbox 2148 1149 2272 1176; x_wconf 84' lang='lat' dir='ltr'>proven-</span> 
     </span>
     <span class='ocr_line' id='line_1_60' title="bbox 1261 1189 2270 1226; baseline 0.001 -10"><span class='ocrx_word' id='word_1_397' title='bbox 1261 1193 1342 1217; x_wconf 86' lang='lat' dir='ltr'>tuum</span> <span class='ocrx_word' id='word_1_398' title='bbox 1367 1198 1416 1225; x_wconf 91' lang='lat' dir='ltr'>pro</span> <span class='ocrx_word' id='word_1_399' title='bbox 1436 1189 1540 1216; x_wconf 87' lang='lat' dir='ltr'>Terrae</span> <span class='ocrx_word' id='word_1_400' title='bbox 1561 1195 1678 1217; x_wconf 87' lang='lat' dir='ltr'>sanctae</span> <span class='ocrx_word' id='word_1_401' title='bbox 1699 1190 1830 1217; x_wconf 88' lang='lat' dir='ltr'>subsidio</span> <span class='ocrx_word' id='word_1_402' title='bbox 1846 1191 1875 1217; x_wconf 88' lang='lat' dir='ltr'>in</span> <span class='ocrx_word' id='word_1_403' title='bbox 1891 1198 1980 1225; x_wconf 84' lang='lat' dir='ltr'>regno</span> <span class='ocrx_word' id='word_1_404' title='bbox 1997 1191 2134 1225; x_wconf 86' lang='lat' dir='ltr'>Angliae,</span> <span class='ocrx_word' id='word_1_405' title='bbox 2151 1189 2270 1226; x_wconf 84' lang='lat' dir='ltr'>Wallia,</span> 
     </span>
     <span class='ocr_line' id='line_1_61' title="bbox 1262 1238 2268 1274; baseline 0.001 -9"><span class='ocrx_word' id='word_1_406' title='bbox 1262 1238 1388 1265; x_wconf 85' lang='lat' dir='ltr'>Ybernia</span> <span class='ocrx_word' id='word_1_407' title='bbox 1401 1243 1429 1265; x_wconf 90' lang='lat' dir='ltr'>et</span> <span class='ocrx_word' id='word_1_408' title='bbox 1444 1238 1604 1265; x_wconf 86' lang='lat' dir='ltr'>Wasconia</span> <span class='ocrx_word' id='word_1_409' title='bbox 1619 1247 1668 1274; x_wconf 86' lang='lat' dir='ltr'>per</span> <span class='ocrx_word' id='word_1_410' title='bbox 1679 1239 1835 1266; x_wconf 86' lang='lat' dir='ltr'>triennium</span> <span class='ocrx_word' id='word_1_411' title='bbox 1851 1239 1995 1266; x_wconf 81' lang='lat' dir='ltr'>concedit.</span> <span class='ocrx_word' id='word_1_412' title='bbox 2011 1239 2096 1272; x_wconf 70' lang='lat' dir='ltr'>(Rau.</span> <span class='ocrx_word' id='word_1_413' title='bbox 2111 1239 2154 1271; x_wconf 68' lang='lat'>24,</span> <span class='ocrx_word' id='word_1_414' title='bbox 2167 1247 2194 1267; x_wconf 87' lang='lat' dir='ltr'>c.</span> <span class='ocrx_word' id='word_1_415' title='bbox 2207 1239 2268 1270; x_wconf 81' lang='lat'><strong>317.</strong></span> 
     </span>
     <span class='ocr_line' id='line_1_62' title="bbox 1261 1287 1651 1320; baseline 0 -6"><span class='ocrx_word' id='word_1_416' title='bbox 1261 1287 1279 1314; x_wconf 85' lang='lat' dir='ltr'>f.</span> <span class='ocrx_word' id='word_1_417' title='bbox 1298 1287 1359 1320; x_wconf 79' lang='lat' dir='ltr'>46v;</span> <span class='ocrx_word' id='word_1_418' title='bbox 1378 1287 1525 1314; x_wconf 71' lang='lat' dir='ltr'>Porrffls&#39;r</span> <span class='ocrx_word' id='word_1_419' title='bbox 1542 1287 1651 1320; x_wconf 78' lang='grc'>15768.)</span> 
     </span>
    </p>
   </div>
   <div class='ocr_carea' id='block_1_17' title="bbox 1260 1388 2271 1533">
    <p class='ocr_par' dir='ltr' id='par_1_17' title="bbox 1260 1388 2271 1533">
     <span class='ocr_line' id='line_1_63' title="bbox 1303 1388 2271 1426; baseline 0.001 -9"><span class='ocrx_word' id='word_1_420' title='bbox 1303 1401 1314 1414; x_wconf 85' lang='lat'>«</span> <span class='ocrx_word' id='word_1_421' title='bbox 1341 1412 1380 1424; x_wconf 86' lang='lat'>..‚</span> <span class='ocrx_word' id='word_1_422' title='bbox 1402 1390 1468 1426; x_wconf 64' lang='lat' dir='ltr'>regi</span> <span class='ocrx_word' id='word_1_423' title='bbox 1483 1390 1653 1426; x_wconf 72' lang='lat' dir='ltr'>Anylorum</span> <span class='ocrx_word' id='word_1_424' title='bbox 1674 1390 1804 1418; x_wconf 76' lang='lat' dir='ltr'>illustri.</span> <span class='ocrx_word' id='word_1_425' title='bbox 1822 1388 1943 1419; x_wconf 87' lang='lat' dir='ltr'>Felicis</span> <span class='ocrx_word' id='word_1_426' title='bbox 1959 1389 2198 1419; x_wconf 84' lang='lat' dir='ltr'>recordationis</span> <span class='ocrx_word' id='word_1_427' title='bbox 2214 1390 2271 1420; x_wconf 89' lang='lat' dir='ltr'>In-</span> 
     </span>
     <span class='ocr_line' id='line_1_64' title="bbox 1261 1441 2271 1480; baseline 0.001 -9"><span class='ocrx_word' id='word_1_428' title='bbox 1261 1442 1436 1472; x_wconf 84' lang='lat' dir='ltr'>nocentius</span> <span class='ocrx_word' id='word_1_429' title='bbox 1452 1459 1500 1470; x_wconf 85' lang='lat'>——.</span> <span class='ocrx_word' id='word_1_430' title='bbox 1519 1442 1641 1471; x_wconf 89' lang='lat' dir='ltr'>Datum</span> <span class='ocrx_word' id='word_1_431' title='bbox 1657 1441 1808 1480; x_wconf 81' lang='lat' dir='ltr'>Neapoli,</span> <span class='ocrx_word' id='word_1_432' title='bbox 1821 1442 1849 1471; x_wconf 91' lang='lat' dir='ltr'>V</span> <span class='ocrx_word' id='word_1_433' title='bbox 1864 1441 2023 1472; x_wconf 86' lang='lat' dir='ltr'>kalendas</span> <span class='ocrx_word' id='word_1_434' title='bbox 2038 1441 2165 1480; x_wconf 83' lang='lat' dir='ltr'>aprilis,</span> <span class='ocrx_word' id='word_1_435' title='bbox 2184 1450 2271 1472; x_wconf 84' lang='lat' dir='ltr'>anno</span> 
     </span>
     <span class='ocr_line' id='line_1_65' title="bbox 1260 1495 1411 1533; baseline 0.007 -10"><span class='ocrx_word' id='word_1_436' title='bbox 1260 1495 1378 1533; x_wconf 89' lang='lat' dir='ltr'>primo.</span> <span class='ocrx_word' id='word_1_437' title='bbox 1399 1507 1411 1521; x_wconf 76' lang='lat' dir='ltr'>n</span> 
     </span>
    </p>
   </div>
   <div class='ocr_carea' id='block_1_18' title="bbox 1261 1600 2272 1879">
    <p class='ocr_par' dir='ltr' id='par_1_18' title="bbox 1261 1600 2272 1879">
     <span class='ocr_line' id='line_1_66' title="bbox 1297 1600 2272 1635; baseline 0 -8"><span class='ocrx_word' id='word_1_438' title='bbox 1297 1601 1327 1627; x_wconf 88' lang='lat' dir='ltr'>ln</span> <span class='ocrx_word' id='word_1_439' title='bbox 1352 1609 1377 1627; x_wconf 88' lang='lat' dir='ltr'>e.</span> <span class='ocrx_word' id='word_1_440' title='bbox 1400 1610 1437 1628; x_wconf 90' lang='lat' dir='ltr'>m.</span> <span class='ocrx_word' id='word_1_441' title='bbox 1460 1601 1553 1627; x_wconf 88' lang='lat' dir='ltr'>eidem</span> <span class='ocrx_word' id='word_1_442' title='bbox 1576 1609 1669 1635; x_wconf 85' lang='lat' dir='ltr'>usque</span> <span class='ocrx_word' id='word_1_443' title='bbox 1693 1612 1698 1626; x_wconf 93' lang='lat'>:</span> <span class='ocrx_word' id='word_1_444' title='bbox 1722 1600 1897 1632; x_wconf 87' lang='lat' dir='ltr'>sentientes;</span> <span class='ocrx_word' id='word_1_445' title='bbox 1919 1600 2079 1635; x_wconf 80' lang='lat' dir='ltr'>factamque</span> <span class='ocrx_word' id='word_1_446' title='bbox 2100 1601 2151 1627; x_wconf 85' lang='lat' dir='ltr'>tibi</span> <span class='ocrx_word' id='word_1_447' title='bbox 2170 1601 2199 1627; x_wconf 93' lang='lat' dir='ltr'>in</span> <span class='ocrx_word' id='word_1_448' title='bbox 2219 1601 2272 1627; x_wconf 87' lang='lat' dir='ltr'>hac</span> 
     </span>
     <span class='ocr_line' id='line_1_67' title="bbox 1262 1649 2272 1685; baseline 0 -9"><span class='ocrx_word' id='word_1_449' title='bbox 1262 1654 1341 1685; x_wconf 87' lang='lat' dir='ltr'>parte</span> <span class='ocrx_word' id='word_1_450' title='bbox 1358 1651 1478 1684; x_wconf 86' lang='lat' dir='ltr'>gratiam</span> <span class='ocrx_word' id='word_1_451' title='bbox 1494 1650 1676 1685; x_wconf 82' lang='lat' dir='ltr'>ampliantes,</span> <span class='ocrx_word' id='word_1_452' title='bbox 1695 1650 1835 1676; x_wconf 86' lang='lat' dir='ltr'>decimam</span> <span class='ocrx_word' id='word_1_453' title='bbox 1851 1649 2019 1676; x_wconf 86' lang='lat' dir='ltr'>eorumdem</span> <span class='ocrx_word' id='word_1_454' title='bbox 2037 1653 2227 1684; x_wconf 82' lang='lat' dir='ltr'>proventuum</span> <span class='ocrx_word' id='word_1_455' title='bbox 2243 1650 2272 1676; x_wconf 91' lang='lat' dir='ltr'>in</span> 
     </span>
     <span class='ocr_line' id='line_1_68' title="bbox 1261 1697 2272 1733; baseline -0.001 -8"><span class='ocrx_word' id='word_1_456' title='bbox 1261 1703 1335 1726; x_wconf 88' lang='lat' dir='ltr'>terra</span> <span class='ocrx_word' id='word_1_457' title='bbox 1359 1704 1406 1726; x_wconf 90' lang='lat' dir='ltr'>tua</span> <span class='ocrx_word' id='word_1_458' title='bbox 1431 1699 1573 1725; x_wconf 90' lang='lat' dir='ltr'>dictorum</span> <span class='ocrx_word' id='word_1_459' title='bbox 1599 1699 1680 1733; x_wconf 76' lang='lat' dir='ltr'>regni</span> <span class='ocrx_word' id='word_1_460' title='bbox 1706 1702 1734 1725; x_wconf 88' lang='lat' dir='ltr'>et</span> <span class='ocrx_word' id='word_1_461' title='bbox 1756 1698 1967 1733; x_wconf 82' lang='lat' dir='ltr'>provinc-iarum</span> <span class='ocrx_word' id='word_1_462' title='bbox 1989 1698 2022 1724; x_wconf 88' lang='lat' dir='ltr'>ad</span> <span class='ocrx_word' id='word_1_463' title='bbox 2045 1706 2119 1733; x_wconf 90' lang='lat' dir='ltr'>opus</span> <span class='ocrx_word' id='word_1_464' title='bbox 2141 1697 2272 1733; x_wconf 80' lang='lat' dir='ltr'>ejusdem</span> 
     </span>
     <span class='ocr_line' id='line_1_69' title="bbox 1261 1746 2272 1784; baseline -0.001 -10"><span class='ocrx_word' id='word_1_465' title='bbox 1261 1748 1385 1774; x_wconf 86' lang='lat' dir='ltr'>subsidii</span> <span class='ocrx_word' id='word_1_466' title='bbox 1407 1756 1583 1783; x_wconf 86' lang='lat' dir='ltr'>persequens</span> <span class='ocrx_word' id='word_1_467' title='bbox 1605 1748 1753 1784; x_wconf 75' lang='lat' dir='ltr'>biennium</span> <span class='ocrx_word' id='word_1_468' title='bbox 1773 1747 1808 1773; x_wconf 89' lang='lat' dir='ltr'>de</span> <span class='ocrx_word' id='word_1_469' title='bbox 1827 1747 1945 1773; x_wconf 81' lang='lat' dir='ltr'>fratrum</span> <span class='ocrx_word' id='word_1_470' title='bbox 1967 1751 2131 1774; x_wconf 87' lang='lat' dir='ltr'>nostrorum</span> <span class='ocrx_word' id='word_1_471' title='bbox 2151 1746 2272 1774; x_wconf 87' lang='lat' dir='ltr'>consilio</span> 
     </span>
     <span class='ocr_line' id='line_1_70' title="bbox 1261 1795 2272 1830; baseline -0.002 -7"><span class='ocrx_word' id='word_1_472' title='bbox 1261 1801 1290 1823; x_wconf 79' lang='lat' dir='ltr'>et</span> <span class='ocrx_word' id='word_1_473' title='bbox 1311 1805 1433 1823; x_wconf 87' lang='lat' dir='ltr'>assensu</span> <span class='ocrx_word' id='word_1_474' title='bbox 1455 1796 1489 1822; x_wconf 90' lang='lat' dir='ltr'>de</span> <span class='ocrx_word' id='word_1_475' title='bbox 1515 1797 1605 1830; x_wconf 87' lang='lat' dir='ltr'>gratia</span> <span class='ocrx_word' id='word_1_476' title='bbox 1628 1796 1816 1822; x_wconf 88' lang='lat' dir='ltr'>concedimus</span> <span class='ocrx_word' id='word_1_477' title='bbox 1844 1795 1963 1822; x_wconf 85' lang='lat' dir='ltr'>liberali.</span> <span class='ocrx_word' id='word_1_478' title='bbox 1988 1795 2066 1822; x_wconf 92' lang='lat' dir='ltr'>Nulli</span> <span class='ocrx_word' id='word_1_479' title='bbox 2091 1798 2148 1822; x_wconf 89' lang='lat' dir='ltr'>etc.</span> <span class='ocrx_word' id='word_1_480' title='bbox 2175 1798 2272 1822; x_wconf 85' lang='lat' dir='ltr'>nostre</span> 
     </span>
     <span class='ocr_line' id='line_1_71' title="bbox 1261 1843 2269 1879; baseline -0.001 -7"><span class='ocrx_word' id='word_1_481' title='bbox 1261 1845 1460 1872; x_wconf 83' lang='lat' dir='ltr'>concessionis</span> <span class='ocrx_word' id='word_1_482' title='bbox 1475 1848 1531 1872; x_wconf 88' lang='lat' dir='ltr'>etc.</span> <span class='ocrx_word' id='word_1_483' title='bbox 1550 1844 1616 1871; x_wconf 89' lang='lat' dir='ltr'>Dat.</span> <span class='ocrx_word' id='word_1_484' title='bbox 1633 1844 1763 1879; x_wconf 81' lang='lat' dir='ltr'>Neapoli,</span> <span class='ocrx_word' id='word_1_485' title='bbox 1782 1843 1810 1870; x_wconf 89' lang='lat' dir='ltr'>X</span> <span class='ocrx_word' id='word_1_486' title='bbox 1827 1843 1962 1870; x_wconf 84' lang='lat' dir='ltr'>kalendas</span> <span class='ocrx_word' id='word_1_487' title='bbox 1979 1844 2059 1875; x_wconf 85' lang='lat' dir='ltr'>maii,</span> <span class='ocrx_word' id='word_1_488' title='bbox 2077 1851 2152 1870; x_wconf 90' lang='lat' dir='ltr'>anno</span> <span class='ocrx_word' id='word_1_489' title='bbox 2168 1844 2269 1879; x_wconf 88' lang='lat' dir='ltr'>primo.</span> 
     </span>
    </p>
   </div>
   <div class='ocr_carea' id='block_1_19' title="bbox 1331 2023 2198 2058">
    <p class='ocr_par' dir='ltr' id='par_1_19' title="bbox 1331 2023 2198 2058">
     <span class='ocr_line' id='line_1_72' title="bbox 1331 2023 2198 2058; baseline -0.005 -4"><span class='ocrx_word' id='word_1_490' title='bbox 1331 2026 1419 2054; x_wconf 73' lang='lat'>385</span> <span class='ocrx_word' id='word_1_491' title='bbox 1847 2024 1964 2058; x_wconf 86' lang='lat' dir='ltr'>Nap1es,</span> <span class='ocrx_word' id='word_1_492' title='bbox 1981 2024 2015 2050; x_wconf 74' lang='lat'>‘25</span> <span class='ocrx_word' id='word_1_493' title='bbox 2031 2023 2101 2050; x_wconf 85' lang='lat' dir='ltr'>avril</span> <span class='ocrx_word' id='word_1_494' title='bbox 2120 2023 2198 2050; x_wconf 72' lang='lat'>1255.</span> 
     </span>
    </p>
   </div>
   <div class='ocr_carea' id='block_1_20' title="bbox 1260 2086 2271 2267">
    <p class='ocr_par' dir='ltr' id='par_1_20' title="bbox 1260 2086 2271 2267">
     <span class='ocr_line' id='line_1_73' title="bbox 1295 2086 2270 2123; baseline -0.002 -9"><span class='ocrx_word' id='word_1_495' title='bbox 1295 2088 1440 2123; x_wconf 87' lang='lat' dir='ltr'>Episcopo</span> <span class='ocrx_word' id='word_1_496' title='bbox 1467 2087 1674 2114; x_wconf 81' lang='lat' dir='ltr'>Lichefeldensi</span> <span class='ocrx_word' id='word_1_497' title='bbox 1700 2087 1824 2117; x_wconf 83' lang='lat' dir='ltr'>mandat,</span> <span class='ocrx_word' id='word_1_498' title='bbox 1853 2087 1990 2120; x_wconf 84' lang='lat' dir='ltr'>quatinus</span> <span class='ocrx_word' id='word_1_499' title='bbox 2009 2086 2158 2121; x_wconf 86' lang='lat' dir='ltr'>dispenset</span> <span class='ocrx_word' id='word_1_500' title='bbox 2178 2086 2270 2113; x_wconf 89' lang='lat' dir='ltr'>Alano</span> 
     </span>
     <span class='ocr_line' id='line_1_74' title="bbox 1260 2134 2271 2170; baseline -0.002 -7"><span class='ocrx_word' id='word_1_501' title='bbox 1260 2138 1337 2164; x_wconf 89' lang='lat' dir='ltr'>dicto</span> <span class='ocrx_word' id='word_1_502' title='bbox 1357 2137 1466 2164; x_wconf 89' lang='lat' dir='ltr'>Villano</span> <span class='ocrx_word' id='word_1_503' title='bbox 1485 2140 1513 2163; x_wconf 89' lang='lat' dir='ltr'>et</span> <span class='ocrx_word' id='word_1_504' title='bbox 1527 2136 1678 2163; x_wconf 81' lang='lat' dir='ltr'>Ysabellae</span> <span class='ocrx_word' id='word_1_505' title='bbox 1694 2141 1774 2162; x_wconf 87' lang='lat' dir='ltr'>natae</span> <span class='ocrx_word' id='word_1_506' title='bbox 1791 2134 1958 2167; x_wconf 79' lang='lat' dir='ltr'>Clementis,</span> <span class='ocrx_word' id='word_1_507' title='bbox 1976 2138 2078 2169; x_wconf 91' lang='lat' dir='ltr'>quarto</span> <span class='ocrx_word' id='word_1_508' title='bbox 2095 2135 2271 2170; x_wconf 85' lang='lat' dir='ltr'>consangui-</span> 
     </span>
     <span class='ocr_line' id='line_1_75' title="bbox 1261 2184 2270 2220; baseline -0.002 -8"><span class='ocrx_word' id='word_1_509' title='bbox 1261 2187 1359 2213; x_wconf 84' lang='lat' dir='ltr'>nitatis</span> <span class='ocrx_word' id='word_1_510' title='bbox 1374 2186 1464 2220; x_wconf 89' lang='lat' dir='ltr'>gradu</span> <span class='ocrx_word' id='word_1_511' title='bbox 1477 2185 1598 2220; x_wconf 81' lang='lat' dir='ltr'>Junctis‚</span> <span class='ocrx_word' id='word_1_512' title='bbox 1617 2184 1865 2212; x_wconf 85' lang='lat' dir='ltr'>matrimonialiter</span> <span class='ocrx_word' id='word_1_513' title='bbox 1880 2188 1976 2210; x_wconf 87' lang='lat' dir='ltr'>tamen</span> <span class='ocrx_word' id='word_1_514' title='bbox 1991 2184 2144 2218; x_wconf 81' lang='lat' dir='ltr'>copulatis,</span> <span class='ocrx_word' id='word_1_515' title='bbox 2163 2188 2192 2210; x_wconf 92' lang='lat' dir='ltr'>ut</span> <span class='ocrx_word' id='word_1_516' title='bbox 2207 2191 2270 2210; x_wconf 86' lang='lat' dir='ltr'>ser-</span> 
     </span>
     <span class='ocr_line' id='line_1_76' title="bbox 1260 2222 1978 2267; baseline -0.003 -6"><span class='ocrx_word' id='word_1_517' title='bbox 1260 2239 1343 2261; x_wconf 86' lang='lat' dir='ltr'>vetur</span> <span class='ocrx_word' id='word_1_518' title='bbox 1358 2234 1582 2262; x_wconf 87' lang='lat' dir='ltr'>matrimonium.</span> <span class='ocrx_word' id='word_1_519' title='bbox 1600 2233 1683 2267; x_wconf 66' lang='lat' dir='ltr'>(Rae.</span> <span class='ocrx_word' id='word_1_520' title='bbox 1702 2234 1746 2267; x_wconf 67' lang='lat'>2²4,</span> <span class='ocrx_word' id='word_1_521' title='bbox 1763 2242 1789 2260; x_wconf 93' lang='lat' dir='ltr'>c.</span> <span class='ocrx_word' id='word_1_522' title='bbox 1807 2222 1868 2266; x_wconf 82' lang='lat'><strong>31‘8‚</strong></span> <span class='ocrx_word' id='word_1_523' title='bbox 1887 2233 1905 2259; x_wconf 82' lang='lat' dir='ltr'>s.</span> <span class='ocrx_word' id='word_1_524' title='bbox 1922 2233 1978 2266; x_wconf 83' lang='lat'><strong>47.)</strong></span> 
     </span>
    </p>
   </div>
   <div class='ocr_carea' id='block_1_21' title="bbox 1258 2333 2272 2902">
    <p class='ocr_par' dir='ltr' id='par_1_21' title="bbox 1258 2333 2272 2902">
     <span class='ocr_line' id='line_1_77' title="bbox 1302 2333 2272 2374; baseline 0 -11"><span class='ocrx_word' id='word_1_525' title='bbox 1302 2349 1314 2363; x_wconf 86' lang='lat'>«</span> <span class='ocrx_word' id='word_1_526' title='bbox 1387 2337 1520 2374; x_wconf 80' lang='lat' dir='ltr'>episcopo</span> <span class='ocrx_word' id='word_1_527' title='bbox 1536 2336 1759 2372; x_wconf 73' lang='lat' dir='ltr'>Liehefeldensi.</span> <span class='ocrx_word' id='word_1_528' title='bbox 1784 2334 1939 2365; x_wconf 80' lang='lat' dir='ltr'>Exhibita</span> <span class='ocrx_word' id='word_1_529' title='bbox 1955 2334 2050 2364; x_wconf 90' lang='lat' dir='ltr'>nobis</span> <span class='ocrx_word' id='word_1_530' title='bbox 2067 2333 2189 2364; x_wconf 85' lang='lat' dir='ltr'>nobilis</span> <span class='ocrx_word' id='word_1_531' title='bbox 2207 2333 2272 2364; x_wconf 86' lang='lat' dir='ltr'>viri</span> 
     </span>
     <span class='ocr_line' id='line_1_78' title="bbox 1259 2386 2271 2426; baseline -0.002 -8"><span class='ocrx_word' id='word_1_532' title='bbox 1259 2389 1358 2419; x_wconf 88' lang='lat' dir='ltr'>Alani</span> <span class='ocrx_word' id='word_1_533' title='bbox 1375 2388 1453 2418; x_wconf 87' lang='lat' dir='ltr'>dicti</span> <span class='ocrx_word' id='word_1_534' title='bbox 1467 2387 1605 2423; x_wconf 83' lang='lat' dir='ltr'>Villani,</span> <span class='ocrx_word' id='word_1_535' title='bbox 1626 2392 1679 2417; x_wconf 89' lang='lat' dir='ltr'>tue</span> <span class='ocrx_word' id='word_1_536' title='bbox 1697 2387 1858 2419; x_wconf 82' lang='lat' dir='ltr'>diocesis.</span> <span class='ocrx_word' id='word_1_537' title='bbox 1880 2387 2059 2426; x_wconf 86' lang='lat' dir='ltr'>petitione,</span> <span class='ocrx_word' id='word_1_538' title='bbox 2083 2386 2271 2425; x_wconf 88' lang='lat' dir='ltr'>accepimus</span> 
     </span>
     <span class='ocr_line' id='line_1_79' title="bbox 1260 2439 2272 2480; baseline -0.002 -9"><span class='ocrx_word' id='word_1_539' title='bbox 1260 2441 1357 2480; x_wconf 86' lang='lat' dir='ltr'>quod,</span> <span class='ocrx_word' id='word_1_540' title='bbox 1376 2441 1533 2479; x_wconf 88' lang='lat' dir='ltr'>cumipse</span> <span class='ocrx_word' id='word_1_541' title='bbox 1549 2450 1622 2470; x_wconf 84' lang='lat' dir='ltr'>cum</span> <span class='ocrx_word' id='word_1_542' title='bbox 1637 2440 1803 2475; x_wconf 79' lang='lat' dir='ltr'>Ysabella,</span> <span class='ocrx_word' id='word_1_543' title='bbox 1825 2444 1901 2469; x_wconf 85' lang='lat' dir='ltr'>nata</span> <span class='ocrx_word' id='word_1_544' title='bbox 1914 2439 2107 2474; x_wconf 84' lang='lat' dir='ltr'>Clementis,</span> <span class='ocrx_word' id='word_1_545' title='bbox 2123 2439 2272 2478; x_wconf 86' lang='lat' dir='ltr'>ejusdem</span> 
     </span>
     <span class='ocr_line' id='line_1_80' title="bbox 1259 2491 2272 2532; baseline -0.003 -8"><span class='ocrx_word' id='word_1_546' title='bbox 1259 2494 1419 2529; x_wconf 87' lang='lat' dir='ltr'>diocesis⁷</span> <span class='ocrx_word' id='word_1_547' title='bbox 1444 2493 1523 2523; x_wconf 90' lang='lat' dir='ltr'>olim</span> <span class='ocrx_word' id='word_1_548' title='bbox 1545 2503 1603 2532; x_wconf 85' lang='lat' dir='ltr'>per</span> <span class='ocrx_word' id='word_1_549' title='bbox 1626 2493 1725 2523; x_wconf 76' lang='lat' dir='ltr'>verba</span> <span class='ocrx_word' id='word_1_550' title='bbox 1743 2494 1925 2523; x_wconf 74' lang='lat' dir='ltr'>contrahens</span> <span class='ocrx_word' id='word_1_551' title='bbox 1947 2493 1980 2521; x_wconf 79' lang='lat' dir='ltr'>de</span> <span class='ocrx_word' id='word_1_552' title='bbox 1998 2493 2134 2530; x_wconf 72' lang='lat' dir='ltr'>presenti</span> <span class='ocrx_word' id='word_1_553' title='bbox 2155 2491 2272 2522; x_wconf 83' lang='lat' dir='ltr'>matri-</span> 
     </span>
     <span class='ocr_line' id='line_1_81' title="bbox 1259 2544 2272 2584; baseline -0.003 -7"><span class='ocrx_word' id='word_1_554' title='bbox 1259 2547 1409 2577; x_wconf 89' lang='lat' dir='ltr'>monium</span> <span class='ocrx_word' id='word_1_555' title='bbox 1425 2556 1500 2577; x_wconf 87' lang='lat' dir='ltr'>cum</span> <span class='ocrx_word' id='word_1_556' title='bbox 1522 2556 1559 2577; x_wconf 86' lang='lat' dir='ltr'>ca</span> <span class='ocrx_word' id='word_1_557' title='bbox 1578 2546 1703 2576; x_wconf 83' lang='lat' dir='ltr'>carnali</span> <span class='ocrx_word' id='word_1_558' title='bbox 1728 2546 1904 2577; x_wconf 81' lang='lat' dir='ltr'>subsecuta</span> <span class='ocrx_word' id='word_1_559' title='bbox 1930 2545 2139 2584; x_wconf 83' lang='lat' dir='ltr'>postmodum</span> <span class='ocrx_word' id='word_1_560' title='bbox 2155 2544 2272 2584; x_wconf 87' lang='lat' dir='ltr'>copula</span> 
     </span>
     <span class='ocr_line' id='line_1_82' title="bbox 1260 2598 2271 2638; baseline -0.003 -8"><span class='ocrx_word' id='word_1_561' title='bbox 1260 2604 1508 2635; x_wconf 81' lang='lat' dir='ltr'>consumasset,</span> <span class='ocrx_word' id='word_1_562' title='bbox 1539 2600 1670 2630; x_wconf 84' lang='lat' dir='ltr'>demum</span> <span class='ocrx_word' id='word_1_563' title='bbox 1696 2600 1765 2638; x_wconf 85' lang='lat' dir='ltr'>ipse</span> <span class='ocrx_word' id='word_1_564' title='bbox 1791 2608 1947 2638; x_wconf 82' lang='lat' dir='ltr'>processu</span> <span class='ocrx_word' id='word_1_565' title='bbox 1973 2598 2129 2637; x_wconf 85' lang='lat' dir='ltr'>temporis</span> <span class='ocrx_word' id='word_1_566' title='bbox 2154 2601 2271 2637; x_wconf 83' lang='lat' dir='ltr'>quarto</span> 
     </span>
     <span class='ocr_line' id='line_1_83' title="bbox 1259 2652 2270 2691; baseline -0.003 -8"><span class='ocrx_word' id='word_1_567' title='bbox 1259 2653 1561 2691; x_wconf 81' lang='lat' dir='ltr'>consanguinitatis</span> <span class='ocrx_word' id='word_1_568' title='bbox 1583 2653 1685 2690; x_wconf 75' lang='lat' dir='ltr'>gradu</span> <span class='ocrx_word' id='word_1_569' title='bbox 1705 2652 1853 2683; x_wconf 81' lang='lat' dir='ltr'>camdem</span> <span class='ocrx_word' id='word_1_570' title='bbox 1870 2653 1910 2682; x_wconf 78' lang='lat' dir='ltr'>Y.</span> <span class='ocrx_word' id='word_1_571' title='bbox 1929 2661 1966 2681; x_wconf 84' lang='lat' dir='ltr'>ex</span> <span class='ocrx_word' id='word_1_572' title='bbox 1982 2655 2122 2689; x_wconf 87' lang='lat' dir='ltr'>utroque</span> <span class='ocrx_word' id='word_1_573' title='bbox 2141 2659 2176 2680; x_wconf 90' lang='lat' dir='ltr'>se</span> <span class='ocrx_word' id='word_1_574' title='bbox 2192 2658 2270 2680; x_wconf 90' lang='lat' dir='ltr'>con-</span> 
     </span>
     <span class='ocr_line' id='line_1_84' title="bbox 1260 2704 2268 2744; baseline -0.003 -9"><span class='ocrx_word' id='word_1_575' title='bbox 1260 2706 1389 2744; x_wconf 81' lang='lat' dir='ltr'>tingere</span> <span class='ocrx_word' id='word_1_576' title='bbox 1419 2705 1521 2736; x_wconf 87' lang='lat' dir='ltr'>latere</span> <span class='ocrx_word' id='word_1_577' title='bbox 1553 2706 1731 2744; x_wconf 80' lang='lat' dir='ltr'>comperit.</span> <span class='ocrx_word' id='word_1_578' title='bbox 1760 2705 1871 2743; x_wconf 82' lang='lat' dir='ltr'>stipite</span> <span class='ocrx_word' id='word_1_579' title='bbox 1902 2704 2039 2733; x_wconf 86' lang='lat' dir='ltr'>minime</span> <span class='ocrx_word' id='word_1_580' title='bbox 2069 2706 2268 2741; x_wconf 88' lang='lat' dir='ltr'>computato.</span> 
     </span>
     <span class='ocr_line' id='line_1_85' title="bbox 1261 2754 2270 2796; baseline -0.004 -8"><span class='ocrx_word' id='word_1_581' title='bbox 1261 2759 1369 2795; x_wconf 83' lang='lat' dir='ltr'>Quare</span> <span class='ocrx_word' id='word_1_582' title='bbox 1387 2758 1580 2796; x_wconf 80' lang='lat' dir='ltr'>suppliciter</span> <span class='ocrx_word' id='word_1_583' title='bbox 1594 2758 1766 2796; x_wconf 80' lang='lat' dir='ltr'>petebatur</span> <span class='ocrx_word' id='word_1_584' title='bbox 1782 2767 1799 2786; x_wconf 85' lang='lat' dir='ltr'>a</span> <span class='ocrx_word' id='word_1_585' title='bbox 1816 2757 1922 2791; x_wconf 85' lang='lat' dir='ltr'>nohis,</span> <span class='ocrx_word' id='word_1_586' title='bbox 1937 2760 1971 2785; x_wconf 88' lang='lat' dir='ltr'>ut</span> <span class='ocrx_word' id='word_1_587' title='bbox 1983 2764 2057 2785; x_wconf 88' lang='lat' dir='ltr'>cum</span> <span class='ocrx_word' id='word_1_588' title='bbox 2073 2763 2132 2785; x_wconf 89' lang='lat' dir='ltr'>nos</span> <span class='ocrx_word' id='word_1_589' title='bbox 2145 2754 2270 2793; x_wconf 85' lang='lat' dir='ltr'>absque</span> 
     </span>
     <span class='ocr_line' id='line_1_86' title="bbox 1261 2807 2268 2848; baseline -0.003 -9"><span class='ocrx_word' id='word_1_590' title='bbox 1261 2811 1353 2848; x_wconf 78' lang='lat' dir='ltr'>gravi</span> <span class='ocrx_word' id='word_1_591' title='bbox 1370 2810 1524 2840; x_wconf 83' lang='lat' dir='ltr'>scandalo</span> <span class='ocrx_word' id='word_1_592' title='bbox 1539 2814 1569 2840; x_wconf 89' lang='lat' dir='ltr'>et</span> <span class='ocrx_word' id='word_1_593' title='bbox 1586 2815 1694 2847; x_wconf 75' lang='lat' dir='ltr'>strage</span> <span class='ocrx_word' id='word_1_594' title='bbox 1709 2810 1888 2839; x_wconf 87' lang='lat' dir='ltr'>multorum</span> <span class='ocrx_word' id='word_1_595' title='bbox 1898 2807 2189 2839; x_wconf 87' lang='lat' dir='ltr'>matrimonialiter</span> <span class='ocrx_word' id='word_1_596' title='bbox 2203 2815 2268 2837; x_wconf 92' lang='lat' dir='ltr'>non</span> 
     </span>
     <span class='ocr_line' id='line_1_87' title="bbox 1258 2860 2266 2902; baseline -0.004 -10"><span class='ocrx_word' id='word_1_597' title='bbox 1258 2867 1369 2901; x_wconf 87' lang='lat' dir='ltr'>posset</span> <span class='ocrx_word' id='word_1_598' title='bbox 1397 2863 1521 2893; x_wconf 78' lang='lat' dir='ltr'>eisdem</span> <span class='ocrx_word' id='word_1_599' title='bbox 1541 2863 1656 2902; x_wconf 81' lang='lat' dir='ltr'>copula</span> <span class='ocrx_word' id='word_1_600' title='bbox 1684 2863 1857 2897; x_wconf 78' lang='lat' dir='ltr'>interdici,</span> <span class='ocrx_word' id='word_1_601' title='bbox 1885 2862 1974 2891; x_wconf 79' lang='lat' dir='ltr'>licite</span> <span class='ocrx_word' id='word_1_602' title='bbox 2000 2861 2109 2899; x_wconf 89' lang='lat' dir='ltr'>ipsum</span> <span class='ocrx_word' id='word_1_603' title='bbox 2129 2868 2204 2890; x_wconf 91' lang='lat' dir='ltr'>cum</span> <span class='ocrx_word' id='word_1_604' title='bbox 2225 2860 2266 2889; x_wconf 90' lang='lat' dir='ltr'>Y.</span> 
     </span>
    </p>
   </div>
   <div class='ocr_carea' id='block_1_22' title="bbox 2380 0 2441 2910">
    <p class='ocr_par' dir='ltr' id='par_1_22' title="bbox 2380 0 2441 2910">
     <span class='ocr_line' id='line_1_88' title="bbox 2380 0 2441 2910; baseline 0 0"><span class='ocrx_word' id='word_1_605' title='bbox 2380 0 2441 2910; x_wconf 95' lang='lat' dir='ltr'> </span> 
     </span>
    </p>
   </div>
  </div>
 </body>
</html>
