<?xml version="1.0" encoding="UTF-8"?>
<!DOCTYPE html PUBLIC "-//W3C//DTD XHTML 1.0 Transitional//EN"
    "http://www.w3.org/TR/xhtml1/DTD/xhtml1-transitional.dtd">
<html xmlns="http://www.w3.org/1999/xhtml" xml:lang="en" lang="en">
 <head>
  <title>
</title>
<meta http-equiv="Content-Type" content="text/html;charset=utf-8" />
  <meta name='ocr-system' content='tesseract 3.04.00' />
  <meta name='ocr-capabilities' content='ocr_page ocr_carea ocr_par ocr_line ocrx_word'/>
</head>
<body>
  <div class='ocr_page' id='page_1' title='image "./lesregistresdale01cathuoft_0316.png"; bbox 0 0 2498 3325; ppageno 0'>
   <div class='ocr_carea' id='block_1_1' title="bbox 237 270 1605 307">
    <p class='ocr_par' dir='ltr' id='par_1_1' title="bbox 237 270 1605 307">
     <span class='ocr_line' id='line_1_1' title="bbox 237 270 1605 307; baseline -0.004 -1"><span class='ocrx_word' id='word_1_1' title='bbox 237 276 294 307; x_wconf 79' lang='lat'>306</span> <span class='ocrx_word' id='word_1_2' title='bbox 960 272 1199 304; x_wconf 82' lang='lat' dir='ltr'>REGtSTRES</span> <span class='ocrx_word' id='word_1_3' title='bbox 1221 270 1528 301; x_wconf 69' lang='lat' dir='ltr'>D‘ALEXANDRE</span> <span class='ocrx_word' id='word_1_4' title='bbox 1553 272 1605 301; x_wconf 83' lang='lat' dir='ltr'>lv.</span> 
     </span>
    </p>
   </div>
   <div class='ocr_carea' id='block_1_2' title="bbox 235 338 1242 747">
    <p class='ocr_par' dir='ltr' id='par_1_2' title="bbox 235 338 1242 747">
     <span class='ocr_line' id='line_1_2' title="bbox 236 338 1242 380; baseline -0.005 -9"><span class='ocrx_word' id='word_1_5' title='bbox 236 342 398 380; x_wconf 74' lang='lat' dir='ltr'>pendente</span> <span class='ocrx_word' id='word_1_6' title='bbox 418 340 563 379; x_wconf 88' lang='lat' dir='ltr'>predicta</span> <span class='ocrx_word' id='word_1_7' title='bbox 584 340 732 375; x_wconf 86' lang='lat' dir='ltr'>ordines,</span> <span class='ocrx_word' id='word_1_8' title='bbox 754 340 937 378; x_wconf 87' lang='lat' dir='ltr'>prebendas</span> <span class='ocrx_word' id='word_1_9' title='bbox 956 343 986 369; x_wconf 90' lang='lat' dir='ltr'>et</span> <span class='ocrx_word' id='word_1_10' title='bbox 1007 339 1071 368; x_wconf 85' lang='lat' dir='ltr'>alia</span> <span class='ocrx_word' id='word_1_11' title='bbox 1089 338 1173 368; x_wconf 88' lang='lat' dir='ltr'>bona</span> <span class='ocrx_word' id='word_1_12' title='bbox 1190 346 1242 367; x_wconf 84' lang='lat' dir='ltr'>ee-</span> 
     </span>
     <span class='ocr_line' id='line_1_3' title="bbox 236 389 1242 430; baseline -0.006 -6"><span class='ocrx_word' id='word_1_13' title='bbox 236 394 423 424; x_wconf 86' lang='lat' dir='ltr'>clesiastica</span> <span class='ocrx_word' id='word_1_14' title='bbox 444 392 614 422; x_wconf 75' lang='lat' dir='ltr'>contulisti</span> <span class='ocrx_word' id='word_1_15' title='bbox 638 396 667 430; x_wconf 84' lang='lat' dir='ltr'>et</span> <span class='ocrx_word' id='word_1_16' title='bbox 692 392 892 422; x_wconf 70' lang='lat' dir='ltr'>consecrasti</span> <span class='ocrx_word' id='word_1_17' title='bbox 915 391 1033 421; x_wconf 88' lang='lat' dir='ltr'>altaria</span> <span class='ocrx_word' id='word_1_18' title='bbox 1051 389 1242 428; x_wconf 80' lang='lat' dir='ltr'>exequendo</span> 
     </span>
     <span class='ocr_line' id='line_1_4' title="bbox 235 443 1240 483; baseline -0.004 -7"><span class='ocrx_word' id='word_1_19' title='bbox 235 447 335 476; x_wconf 84' lang='lat' dir='ltr'>ctiam</span> <span class='ocrx_word' id='word_1_20' title='bbox 358 446 392 475; x_wconf 90' lang='lat' dir='ltr'>in</span> <span class='ocrx_word' id='word_1_21' title='bbox 414 445 489 475; x_wconf 86' lang='lat' dir='ltr'>aliis</span> <span class='ocrx_word' id='word_1_22' title='bbox 514 445 658 474; x_wconf 82' lang='lat' dir='ltr'>officium</span> <span class='ocrx_word' id='word_1_23' title='bbox 684 444 847 483; x_wconf 73' lang='lat' dir='ltr'>pastorale</span> <span class='ocrx_word' id='word_1_24' title='bbox 870 444 1009 474; x_wconf 75' lang='lat' dir='ltr'>forsitan</span> <span class='ocrx_word' id='word_1_25' title='bbox 1035 443 1240 478; x_wconf 75' lang='lat' dir='ltr'>contraxisti,</span> 
     </span>
     <span class='ocr_line' id='line_1_5' title="bbox 237 495 1242 536; baseline -0.003 -8"><span class='ocrx_word' id='word_1_26' title='bbox 237 499 431 528; x_wconf 88' lang='lat' dir='ltr'>auctoritate</span> <span class='ocrx_word' id='word_1_27' title='bbox 459 498 664 536; x_wconf 86' lang='lat' dir='ltr'>presentium</span> <span class='ocrx_word' id='word_1_28' title='bbox 693 498 941 535; x_wconf 77' lang='lat' dir='ltr'>dispensaums,</span> <span class='ocrx_word' id='word_1_29' title='bbox 971 505 1006 525; x_wconf 92' lang='lat' dir='ltr'>ac</span> <span class='ocrx_word' id='word_1_30' title='bbox 1032 495 1242 525; x_wconf 80' lang='lat' dir='ltr'>decernimus</span> 
     </span>
     <span class='ocr_line' id='line_1_6' title="bbox 236 548 1242 588; baseline -0.004 -8"><span class='ocrx_word' id='word_1_31' title='bbox 236 551 429 581; x_wconf 75' lang='lat' dir='ltr'>collationes</span> <span class='ocrx_word' id='word_1_32' title='bbox 452 554 482 580; x_wconf 92' lang='lat' dir='ltr'>et</span> <span class='ocrx_word' id='word_1_33' title='bbox 504 550 569 579; x_wconf 87' lang='lat' dir='ltr'>alia</span> <span class='ocrx_word' id='word_1_34' title='bbox 593 550 739 588; x_wconf 81' lang='lat' dir='ltr'>predicta</span> <span class='ocrx_word' id='word_1_35' title='bbox 765 550 872 579; x_wconf 85' lang='lat' dir='ltr'>medio</span> <span class='ocrx_word' id='word_1_36' title='bbox 894 553 1038 587; x_wconf 82' lang='lat' dir='ltr'>tempore</span> <span class='ocrx_word' id='word_1_37' title='bbox 1062 558 1078 577; x_wconf 90' lang='lat' dir='ltr'>a</span> <span class='ocrx_word' id='word_1_38' title='bbox 1103 552 1131 577; x_wconf 89' lang='lat' dir='ltr'>te</span> <span class='ocrx_word' id='word_1_39' title='bbox 1157 548 1242 577; x_wconf 86' lang='lat' dir='ltr'>saeta</span> 
     </span>
     <span class='ocr_line' id='line_1_7' title="bbox 235 601 1242 640; baseline -0.003 -8"><span class='ocrx_word' id='word_1_40' title='bbox 235 604 336 633; x_wconf 89' lang='lat' dir='ltr'>robur</span> <span class='ocrx_word' id='word_1_41' title='bbox 357 602 526 632; x_wconf 84' lang='lat' dir='ltr'>firmitatis</span> <span class='ocrx_word' id='word_1_42' title='bbox 551 606 706 640; x_wconf 82' lang='lat' dir='ltr'>perpetue</span> <span class='ocrx_word' id='word_1_43' title='bbox 732 602 893 632; x_wconf 85' lang='lat' dir='ltr'>obtinere.</span> <span class='ocrx_word' id='word_1_44' title='bbox 920 601 1012 631; x_wconf 82' lang='lat' dir='ltr'>Nulli</span> <span class='ocrx_word' id='word_1_45' title='bbox 1041 604 1102 630; x_wconf 83' lang='lat' dir='ltr'>etc.</span> <span class='ocrx_word' id='word_1_46' title='bbox 1131 604 1242 629; x_wconf 86' lang='lat' dir='ltr'>nostre</span> 
     </span>
     <span class='ocr_line' id='line_1_8' title="bbox 235 653 1240 694; baseline -0.004 -9"><span class='ocrx_word' id='word_1_47' title='bbox 235 655 495 694; x_wconf 88' lang='lat' dir='ltr'>dispensationis</span> <span class='ocrx_word' id='word_1_48' title='bbox 526 659 556 684; x_wconf 88' lang='lat' dir='ltr'>et</span> <span class='ocrx_word' id='word_1_49' title='bbox 585 655 834 684; x_wconf 68' lang='lat' dir='ltr'>constitutionis</span> <span class='ocrx_word' id='word_1_50' title='bbox 866 658 927 683; x_wconf 85' lang='lat' dir='ltr'>etc.</span> <span class='ocrx_word' id='word_1_51' title='bbox 959 655 1032 683; x_wconf 83' lang='lat' dir='ltr'>Dat.</span> <span class='ocrx_word' id='word_1_52' title='bbox 1065 653 1240 687; x_wconf 79' lang='lat' dir='ltr'>Laterani,</span> 
     </span>
     <span class='ocr_line' id='line_1_9' title="bbox 235 707 941 747; baseline -0.006 -8"><span class='ocrx_word' id='word_1_53' title='bbox 235 710 281 739; x_wconf 81' lang='lat' dir='ltr'>XI</span> <span class='ocrx_word' id='word_1_54' title='bbox 300 709 458 738; x_wconf 81' lang='lat' dir='ltr'>kalendas</span> <span class='ocrx_word' id='word_1_55' title='bbox 470 708 629 747; x_wconf 89' lang='lat' dir='ltr'>januarii.</span> <span class='ocrx_word' id='word_1_56' title='bbox 647 717 733 737; x_wconf 85' lang='lat' dir='ltr'>anno</span> <span class='ocrx_word' id='word_1_57' title='bbox 753 707 908 737; x_wconf 79' lang='lat' dir='ltr'>secundo.</span> <span class='ocrx_word' id='word_1_58' title='bbox 929 720 941 733; x_wconf 56' lang='lat' dir='ltr'>&gt;v</span> 
     </span>
    </p>
   </div>
   <div class='ocr_carea' id='block_1_3' title="bbox 311 893 432 921">
    <p class='ocr_par' dir='ltr' id='par_1_3' title="bbox 311 893 432 921">
     <span class='ocr_line' id='line_1_10' title="bbox 311 893 432 921; baseline -0.008 0"><span class='ocrx_word' id='word_1_59' title='bbox 311 893 432 921; x_wconf 75' lang='grc'><strong>1016</strong></span> 
     </span>
    </p>
   </div>
   <div class='ocr_carea' id='block_1_4' title="bbox 270 951 1244 989">
    <p class='ocr_par' dir='ltr' id='par_1_4' title="bbox 270 951 1244 989">
     <span class='ocr_line' id='line_1_11' title="bbox 270 951 1244 989; baseline -0.004 -8"><span class='ocrx_word' id='word_1_60' title='bbox 270 955 389 985; x_wconf 78' lang='lat' dir='ltr'>Jacobo,</span> <span class='ocrx_word' id='word_1_61' title='bbox 407 955 582 989; x_wconf 79' lang='lat' dir='ltr'>patriarchae</span> <span class='ocrx_word' id='word_1_62' title='bbox 595 954 848 987; x_wconf 70' lang='lat' dir='ltr'>Jcrosolymitano,</span> <span class='ocrx_word' id='word_1_63' title='bbox 865 952 997 979; x_wconf 79' lang='lat' dir='ltr'>concedit</span> <span class='ocrx_word' id='word_1_64' title='bbox 1014 953 1174 978; x_wconf 79' lang='lat' dir='ltr'>facultatem</span> <span class='ocrx_word' id='word_1_65' title='bbox 1188 951 1244 977; x_wconf 88' lang='lat' dir='ltr'>dis-</span> 
     </span>
    </p>
   </div>
   <div class='ocr_carea' id='block_1_5' title="bbox 744 890 1171 923">
    <p class='ocr_par' dir='ltr' id='par_1_5' title="bbox 744 890 1171 923">
     <span class='ocr_line' id='line_1_12' title="bbox 744 890 1171 923; baseline -0.005 -6"><span class='ocrx_word' id='word_1_66' title='bbox 744 891 860 923; x_wconf 84' lang='lat' dir='ltr'>Latran,</span> <span class='ocrx_word' id='word_1_67' title='bbox 877 891 909 918; x_wconf 68' lang='lat'>23</span> <span class='ocrx_word' id='word_1_68' title='bbox 926 890 1077 917; x_wconf 77' lang='lat' dir='ltr'>decembre</span> <span class='ocrx_word' id='word_1_69' title='bbox 1096 890 1171 916; x_wconf 66' lang='lat' dir='ltr'>t‘255.</span> 
     </span>
    </p>
   </div>
   <div class='ocr_carea' id='block_1_6' title="bbox 235 1001 1243 1087">
    <p class='ocr_par' dir='ltr' id='par_1_6' title="bbox 235 1001 1243 1087">
     <span class='ocr_line' id='line_1_13' title="bbox 237 1001 1243 1038; baseline -0.004 -8"><span class='ocrx_word' id='word_1_70' title='bbox 237 1003 373 1038; x_wconf 71' lang='lat' dir='ltr'>pensandi</span> <span class='ocrx_word' id='word_1_71' title='bbox 390 1012 455 1030; x_wconf 86' lang='lat' dir='ltr'>cum</span> <span class='ocrx_word' id='word_1_72' title='bbox 472 1003 584 1028; x_wconf 86' lang='lat' dir='ltr'>clericis</span> <span class='ocrx_word' id='word_1_73' title='bbox 602 1002 810 1036; x_wconf 64' lang='lat' dir='ltr'>patriarchatu&lt;</span> <span class='ocrx_word' id='word_1_74' title='bbox 826 1010 877 1027; x_wconf 82' lang='lat' dir='ltr'>seu</span> <span class='ocrx_word' id='word_1_75' title='bbox 896 1001 1055 1035; x_wconf 70' lang='lat' dir='ltr'>peregrinis</span> <span class='ocrx_word' id='word_1_76' title='bbox 1071 1009 1159 1035; x_wconf 84' lang='lat' dir='ltr'>super</span> <span class='ocrx_word' id='word_1_77' title='bbox 1175 1001 1243 1027; x_wconf 86' lang='lat' dir='ltr'>irre—</span> 
     </span>
     <span class='ocr_line' id='line_1_14' title="bbox 235 1049 1049 1087; baseline -0.005 -8"><span class='ocrx_word' id='word_1_78' title='bbox 235 1053 387 1087; x_wconf 83' lang='lat' dir='ltr'>gularitate</span> <span class='ocrx_word' id='word_1_79' title='bbox 403 1060 513 1078; x_wconf 86' lang='lat' dir='ltr'>eorum.</span> <span class='ocrx_word' id='word_1_80' title='bbox 533 1051 615 1082; x_wconf 70' lang='lat' dir='ltr'>(Hm.</span> <span class='ocrx_word' id='word_1_81' title='bbox 632 1051 681 1084; x_wconf 70' lang='lat'>24,</span> <span class='ocrx_word' id='word_1_82' title='bbox 700 1051 717 1076; x_wconf 83' lang='lat' dir='ltr'>t.</span> <span class='ocrx_word' id='word_1_83' title='bbox 738 1049 975 1081; x_wconf 65' lang='lat' dir='ltr'>1²26‚ann.11‚c.</span> <span class='ocrx_word' id='word_1_84' title='bbox 996 1050 1049 1082; x_wconf 86' lang='lat'>10.)</span> 
     </span>
    </p>
   </div>
   <div class='ocr_carea' id='block_1_7' title="bbox 235 1151 1245 1874">
    <p class='ocr_par' dir='ltr' id='par_1_7' title="bbox 235 1151 1245 1874">
     <span class='ocr_line' id='line_1_15' title="bbox 278 1151 1244 1190; baseline 0 -11"><span class='ocrx_word' id='word_1_85' title='bbox 278 1165 290 1179; x_wconf 77' lang='lat' dir='ltr'>(t</span> <span class='ocrx_word' id='word_1_86' title='bbox 309 1153 431 1187; x_wconf 83' lang='lat' dir='ltr'>Jacobo,</span> <span class='ocrx_word' id='word_1_87' title='bbox 446 1153 627 1190; x_wconf 78' lang='lat' dir='ltr'>patriarche</span> <span class='ocrx_word' id='word_1_88' title='bbox 641 1153 901 1187; x_wconf 72' lang='lat' dir='ltr'>Jerosolimt&#39;tano,</span> <span class='ocrx_word' id='word_1_89' title='bbox 925 1151 1084 1188; x_wconf 76' lang='lat' dir='ltr'>apostolice</span> <span class='ocrx_word' id='word_1_90' title='bbox 1102 1151 1186 1180; x_wconf 82' lang='lat' dir='ltr'>Sedis</span> <span class='ocrx_word' id='word_1_91' title='bbox 1202 1152 1244 1179; x_wconf 82' lang='lat' dir='ltr'>le-</span> 
     </span>
     <span class='ocr_line' id='line_1_16' title="bbox 235 1202 1244 1243; baseline -0.002 -9"><span class='ocrx_word' id='word_1_92' title='bbox 235 1211 314 1243; x_wconf 79' lang='lat' dir='ltr'>yaco.</span> <span class='ocrx_word' id='word_1_93' title='bbox 337 1205 405 1234; x_wconf 92' lang='lat' dir='ltr'>Tue</span> <span class='ocrx_word' id='word_1_94' title='bbox 427 1204 648 1233; x_wconf 73' lang='lat' dir='ltr'>fraternitatis</span> <span class='ocrx_word' id='word_1_95' title='bbox 671 1203 823 1238; x_wconf 87' lang='lat' dir='ltr'>obtentu,</span> <span class='ocrx_word' id='word_1_96' title='bbox 846 1202 906 1232; x_wconf 90' lang='lat' dir='ltr'>tibi</span> <span class='ocrx_word' id='word_1_97' title='bbox 931 1202 1111 1240; x_wconf 79' lang='lat' dir='ltr'>gratificari</span> <span class='ocrx_word' id='word_1_98' title='bbox 1134 1206 1165 1232; x_wconf 86' lang='lat' dir='ltr'>et</span> <span class='ocrx_word' id='word_1_99' title='bbox 1186 1211 1244 1241; x_wconf 83' lang='lat' dir='ltr'>per</span> 
     </span>
     <span class='ocr_line' id='line_1_17' title="bbox 236 1254 1244 1293; baseline -0.002 -7"><span class='ocrx_word' id='word_1_100' title='bbox 236 1257 417 1287; x_wconf 85' lang='lat' dir='ltr'>exhibitam</span> <span class='ocrx_word' id='word_1_101' title='bbox 433 1256 491 1285; x_wconf 87' lang='lat' dir='ltr'>tibi</span> <span class='ocrx_word' id='word_1_102' title='bbox 510 1256 650 1293; x_wconf 72' lang='lat' dir='ltr'>gratiam</span> <span class='ocrx_word' id='word_1_103' title='bbox 666 1255 807 1285; x_wconf 89' lang='lat' dir='ltr'>aliorum</span> <span class='ocrx_word' id='word_1_104' title='bbox 828 1255 926 1284; x_wconf 89' lang='lat' dir='ltr'>saluti</span> <span class='ocrx_word' id='word_1_105' title='bbox 944 1255 1115 1293; x_wconf 85' lang='lat' dir='ltr'>providere</span> <span class='ocrx_word' id='word_1_106' title='bbox 1130 1254 1244 1284; x_wconf 85' lang='lat' dir='ltr'>volen-</span> 
     </span>
     <span class='ocr_line' id='line_1_18' title="bbox 236 1307 1244 1347; baseline -0.003 -8"><span class='ocrx_word' id='word_1_107' title='bbox 236 1314 294 1345; x_wconf 52' lang='lat' dir='ltr'>tes</span> <span class='ocrx_word' id='word_1_108' title='bbox 317 1308 531 1347; x_wconf 85' lang='lat' dir='ltr'>dispensandi</span> <span class='ocrx_word' id='word_1_109' title='bbox 557 1317 630 1338; x_wconf 81' lang='lat' dir='ltr'>eum</span> <span class='ocrx_word' id='word_1_110' title='bbox 651 1307 782 1338; x_wconf 75' lang='lat' dir='ltr'>clericis</span> <span class='ocrx_word' id='word_1_111' title='bbox 801 1312 867 1337; x_wconf 86' lang='lat' dir='ltr'>tam</span> <span class='ocrx_word' id='word_1_112' title='bbox 889 1307 1057 1345; x_wconf 75' lang='lat' dir='ltr'>religiosis</span> <span class='ocrx_word' id='word_1_113' title='bbox 1074 1315 1173 1345; x_wconf 83' lang='lat' dir='ltr'>quam</span> <span class='ocrx_word' id='word_1_114' title='bbox 1191 1316 1244 1337; x_wconf 89' lang='lat' dir='ltr'>se-</span> 
     </span>
     <span class='ocr_line' id='line_1_19' title="bbox 235 1359 1245 1399; baseline -0.003 -7"><span class='ocrx_word' id='word_1_115' title='bbox 235 1362 405 1392; x_wconf 86' lang='lat' dir='ltr'>cularibus</span> <span class='ocrx_word' id='word_1_116' title='bbox 433 1361 677 1399; x_wconf 81' lang='lat' dir='ltr'>patriarchatus</span> <span class='ocrx_word' id='word_1_117' title='bbox 710 1360 756 1390; x_wconf 88' lang='lat' dir='ltr'>tui</span> <span class='ocrx_word' id='word_1_118' title='bbox 789 1364 820 1389; x_wconf 89' lang='lat' dir='ltr'>et</span> <span class='ocrx_word' id='word_1_119' title='bbox 849 1360 949 1389; x_wconf 88' lang='lat' dir='ltr'>etiam</span> <span class='ocrx_word' id='word_1_120' title='bbox 978 1368 1053 1389; x_wconf 84' lang='lat' dir='ltr'>cum</span> <span class='ocrx_word' id='word_1_121' title='bbox 1080 1359 1156 1389; x_wconf 87' lang='lat' dir='ltr'>aliis</span> <span class='ocrx_word' id='word_1_122' title='bbox 1187 1360 1245 1398; x_wconf 85' lang='lat' dir='ltr'>qui</span> 
     </span>
     <span class='ocr_line' id='line_1_20' title="bbox 236 1412 1244 1452; baseline -0.002 -7"><span class='ocrx_word' id='word_1_123' title='bbox 236 1424 337 1445; x_wconf 77' lang='lat' dir='ltr'>eausa</span> <span class='ocrx_word' id='word_1_124' title='bbox 352 1414 631 1452; x_wconf 80' lang='lat' dir='ltr'>peregrinationis</span> <span class='ocrx_word' id='word_1_125' title='bbox 643 1413 722 1443; x_wconf 89' lang='lat' dir='ltr'>illuc</span> <span class='ocrx_word' id='word_1_126' title='bbox 735 1412 869 1442; x_wconf 80' lang='lat' dir='ltr'>aliunde</span> <span class='ocrx_word' id='word_1_127' title='bbox 886 1412 1049 1448; x_wconf 84' lang='lat' dir='ltr'>venerint,</span> <span class='ocrx_word' id='word_1_128' title='bbox 1068 1412 1244 1443; x_wconf 89' lang='lat' dir='ltr'>dummodo</span> 
     </span>
     <span class='ocr_line' id='line_1_21' title="bbox 235 1465 1245 1504; baseline -0.001 -7"><span class='ocrx_word' id='word_1_129' title='bbox 235 1472 407 1497; x_wconf 80' lang='lat' dir='ltr'>morentur</span> <span class='ocrx_word' id='word_1_130' title='bbox 426 1467 566 1502; x_wconf 81' lang='lat' dir='ltr'>ibidem,</span> <span class='ocrx_word' id='word_1_131' title='bbox 587 1476 686 1504; x_wconf 89' lang='lat' dir='ltr'>super</span> <span class='ocrx_word' id='word_1_132' title='bbox 710 1465 973 1503; x_wconf 77' lang='lat' dir='ltr'>irregularitate,</span> <span class='ocrx_word' id='word_1_133' title='bbox 996 1466 1024 1495; x_wconf 84' lang='lat' dir='ltr'>si</span> <span class='ocrx_word' id='word_1_134' title='bbox 1046 1474 1146 1504; x_wconf 88' lang='lat' dir='ltr'>quam</span> <span class='ocrx_word' id='word_1_135' title='bbox 1170 1475 1245 1496; x_wconf 86' lang='lat' dir='ltr'>sus-</span> 
     </span>
     <span class='ocr_line' id='line_1_22' title="bbox 236 1519 1245 1559; baseline -0.002 -9"><span class='ocrx_word' id='word_1_136' title='bbox 236 1521 330 1559; x_wconf 90' lang='lat' dir='ltr'>pensi</span> <span class='ocrx_word' id='word_1_137' title='bbox 349 1520 400 1550; x_wconf 87' lang='lat' dir='ltr'>vel</span> <span class='ocrx_word' id='word_1_138' title='bbox 419 1519 588 1550; x_wconf 86' lang='lat' dir='ltr'>interdicti</span> <span class='ocrx_word' id='word_1_139' title='bbox 605 1523 661 1549; x_wconf 88' lang='lat' dir='ltr'>aut</span> <span class='ocrx_word' id='word_1_140' title='bbox 677 1519 953 1549; x_wconf 77' lang='lat' dir='ltr'>excommunicati</span> <span class='ocrx_word' id='word_1_141' title='bbox 973 1519 1051 1548; x_wconf 84' lang='lat' dir='ltr'>faeti</span> <span class='ocrx_word' id='word_1_142' title='bbox 1071 1519 1245 1549; x_wconf 87' lang='lat' dir='ltr'>immemo-</span> 
     </span>
     <span class='ocr_line' id='line_1_23' title="bbox 236 1572 1244 1612; baseline -0.001 -9"><span class='ocrx_word' id='word_1_143' title='bbox 236 1584 289 1604; x_wconf 88' lang='lat' dir='ltr'>res</span> <span class='ocrx_word' id='word_1_144' title='bbox 301 1573 351 1603; x_wconf 92' lang='lat' dir='ltr'>vel</span> <span class='ocrx_word' id='word_1_145' title='bbox 365 1573 451 1612; x_wconf 85' lang='lat' dir='ltr'>juris</span> <span class='ocrx_word' id='word_1_146' title='bbox 464 1573 584 1611; x_wconf 80' lang='lat' dir='ltr'>ignari,</span> <span class='ocrx_word' id='word_1_147' title='bbox 600 1572 825 1610; x_wconf 88' lang='lat' dir='ltr'>suscipiendio</span> <span class='ocrx_word' id='word_1_148' title='bbox 835 1572 968 1601; x_wconf 87' lang='lat' dir='ltr'>ordines</span> <span class='ocrx_word' id='word_1_149' title='bbox 981 1576 1012 1601; x_wconf 83' lang='lat' dir='ltr'>et</span> <span class='ocrx_word' id='word_1_150' title='bbox 1023 1572 1244 1602; x_wconf 88' lang='lat' dir='ltr'>ministrando</span> 
     </span>
     <span class='ocr_line' id='line_1_24' title="bbox 235 1625 1245 1663; baseline -0.002 -7"><span class='ocrx_word' id='word_1_151' title='bbox 235 1627 269 1656; x_wconf 89' lang='lat' dir='ltr'>in</span> <span class='ocrx_word' id='word_1_152' title='bbox 298 1626 362 1661; x_wconf 83' lang='lat' dir='ltr'>eis,</span> <span class='ocrx_word' id='word_1_153' title='bbox 396 1625 571 1655; x_wconf 89' lang='lat' dir='ltr'>dummodo</span> <span class='ocrx_word' id='word_1_154' title='bbox 597 1625 858 1662; x_wconf 86' lang='lat' dir='ltr'>incontemptum</span> <span class='ocrx_word' id='word_1_155' title='bbox 891 1628 1041 1658; x_wconf 82' lang='lat' dir='ltr'>cautum,</span> <span class='ocrx_word' id='word_1_156' title='bbox 1070 1628 1245 1663; x_wconf 83' lang='lat' dir='ltr'>postquam</span> 
     </span>
     <span class='ocr_line' id='line_1_25' title="bbox 237 1677 1242 1716; baseline -0.003 -8"><span class='ocrx_word' id='word_1_157' title='bbox 237 1678 379 1708; x_wconf 88' lang='lat' dir='ltr'>absoluti</span> <span class='ocrx_word' id='word_1_158' title='bbox 394 1679 518 1708; x_wconf 86' lang='lat' dir='ltr'>suerint</span> <span class='ocrx_word' id='word_1_159' title='bbox 532 1678 572 1708; x_wconf 89' lang='lat' dir='ltr'>ab</span> <span class='ocrx_word' id='word_1_160' title='bbox 587 1677 779 1716; x_wconf 87' lang='lat' dir='ltr'>hujusmodi</span> <span class='ocrx_word' id='word_1_161' title='bbox 793 1677 980 1710; x_wconf 79' lang='lat' dir='ltr'>sententiis,</span> <span class='ocrx_word' id='word_1_162' title='bbox 997 1681 1242 1712; x_wconf 83' lang='lat' dir='ltr'>contraxerunt,</span> 
     </span>
     <span class='ocr_line' id='line_1_26' title="bbox 236 1729 1242 1768; baseline -0.001 -8"><span class='ocrx_word' id='word_1_163' title='bbox 236 1731 297 1760; x_wconf 88' lang='lat' dir='ltr'>tibi</span> <span class='ocrx_word' id='word_1_164' title='bbox 324 1731 518 1760; x_wconf 84' lang='lat' dir='ltr'>auctoritate</span> <span class='ocrx_word' id='word_1_165' title='bbox 546 1730 752 1768; x_wconf 87' lang='lat' dir='ltr'>presentium</span> <span class='ocrx_word' id='word_1_166' title='bbox 777 1729 989 1759; x_wconf 83' lang='lat' dir='ltr'>concedimus</span> <span class='ocrx_word' id='word_1_167' title='bbox 1018 1729 1209 1759; x_wconf 83' lang='lat' dir='ltr'>facultatem</span> <span class='ocrx_word' id='word_1_168' title='bbox 1235 1739 1242 1758; x_wconf 77' lang='lat' dir='ltr'>t</span> 
     </span>
     <span class='ocr_line' id='line_1_27' title="bbox 237 1781 1244 1820; baseline -0.001 -7"><span class='ocrx_word' id='word_1_169' title='bbox 237 1783 453 1813; x_wconf 83' lang='lat' dir='ltr'>Presentibus</span> <span class='ocrx_word' id='word_1_170' title='bbox 477 1787 548 1820; x_wconf 88' lang='lat' dir='ltr'>post</span> <span class='ocrx_word' id='word_1_171' title='bbox 572 1782 765 1817; x_wconf 84' lang='lat' dir='ltr'>triennium,</span> <span class='ocrx_word' id='word_1_172' title='bbox 783 1785 957 1820; x_wconf 84' lang='lat' dir='ltr'>postquam</span> <span class='ocrx_word' id='word_1_173' title='bbox 974 1782 1013 1811; x_wconf 87' lang='lat' dir='ltr'>ad</span> <span class='ocrx_word' id='word_1_174' title='bbox 1036 1786 1145 1820; x_wconf 86' lang='lat' dir='ltr'>partes</span> <span class='ocrx_word' id='word_1_175' title='bbox 1168 1781 1244 1812; x_wconf 85' lang='lat' dir='ltr'>illas</span> 
     </span>
     <span class='ocr_line' id='line_1_28' title="bbox 237 1834 1081 1874; baseline -0.005 -9"><span class='ocrx_word' id='word_1_176' title='bbox 237 1836 438 1874; x_wconf 87' lang='lat' dir='ltr'>perveneris,</span> <span class='ocrx_word' id='word_1_177' title='bbox 456 1835 594 1865; x_wconf 86' lang='lat' dir='ltr'>minime</span> <span class='ocrx_word' id='word_1_178' title='bbox 613 1834 777 1864; x_wconf 84' lang='lat' dir='ltr'>valituris.</span> <span class='ocrx_word' id='word_1_179' title='bbox 795 1835 868 1864; x_wconf 87' lang='lat' dir='ltr'>Dat.</span> <span class='ocrx_word' id='word_1_180' title='bbox 886 1838 922 1864; x_wconf 85' lang='lat' dir='ltr'>ut</span> <span class='ocrx_word' id='word_1_181' title='bbox 938 1843 1049 1872; x_wconf 86' lang='lat' dir='ltr'>supra.</span> <span class='ocrx_word' id='word_1_182' title='bbox 1070 1846 1081 1861; x_wconf 73' lang='lat' dir='ltr'>n</span> 
     </span>
    </p>
   </div>
   <div class='ocr_carea' id='block_1_8' title="bbox 311 2026 423 2054">
    <p class='ocr_par' dir='ltr' id='par_1_8' title="bbox 311 2026 423 2054">
     <span class='ocr_line' id='line_1_29' title="bbox 311 2026 423 2054; baseline 0 0"><span class='ocrx_word' id='word_1_183' title='bbox 311 2026 423 2054; x_wconf 62' lang='lat'>1012</span> 
     </span>
    </p>
   </div>
   <div class='ocr_carea' id='block_1_9' title="bbox 235 2086 1245 2169">
    <p class='ocr_par' dir='ltr' id='par_1_9' title="bbox 235 2086 1245 2169">
     <span class='ocr_line' id='line_1_30' title="bbox 273 2086 1245 2121; baseline 0 -7"><span class='ocrx_word' id='word_1_184' title='bbox 273 2088 399 2118; x_wconf 80' lang='lat' dir='ltr'>Petrum.</span> <span class='ocrx_word' id='word_1_185' title='bbox 416 2088 604 2114; x_wconf 79' lang='lat' dir='ltr'>camerarium</span> <span class='ocrx_word' id='word_1_186' title='bbox 621 2095 644 2113; x_wconf 87' lang='lat' dir='ltr'>s.</span> <span class='ocrx_word' id='word_1_187' title='bbox 663 2087 776 2114; x_wconf 83' lang='lat' dir='ltr'>Martini</span> <span class='ocrx_word' id='word_1_188' title='bbox 793 2086 1018 2121; x_wconf 79' lang='lat' dir='ltr'>canigonensis,</span> <span class='ocrx_word' id='word_1_189' title='bbox 1034 2087 1168 2114; x_wconf 82' lang='lat' dir='ltr'>Elnensis</span> <span class='ocrx_word' id='word_1_190' title='bbox 1184 2087 1245 2114; x_wconf 85' lang='lat' dir='ltr'>dio-</span> 
     </span>
     <span class='ocr_line' id='line_1_31' title="bbox 235 2135 1206 2169; baseline 0 -6"><span class='ocrx_word' id='word_1_191' title='bbox 235 2137 322 2166; x_wconf 80' lang='lat' dir='ltr'>cesis,</span> <span class='ocrx_word' id='word_1_192' title='bbox 338 2137 366 2162; x_wconf 90' lang='lat' dir='ltr'>in</span> <span class='ocrx_word' id='word_1_193' title='bbox 382 2136 512 2162; x_wconf 85' lang='lat' dir='ltr'>abbatem</span> <span class='ocrx_word' id='word_1_194' title='bbox 528 2135 688 2162; x_wconf 82' lang='lat' dir='ltr'>confirmat.</span> <span class='ocrx_word' id='word_1_195' title='bbox 702 2135 785 2168; x_wconf 71' lang='lat' dir='ltr'>(Rae.</span> <span class='ocrx_word' id='word_1_196' title='bbox 801 2135 844 2169; x_wconf 65' lang='lat'>24,</span> <span class='ocrx_word' id='word_1_197' title='bbox 861 2135 879 2162; x_wconf 81' lang='lat' dir='ltr'>f.</span> <span class='ocrx_word' id='word_1_198' title='bbox 895 2135 953 2167; x_wconf 77' lang='lat'>1‘26,</span> <span class='ocrx_word' id='word_1_199' title='bbox 970 2144 1037 2163; x_wconf 85' lang='lat' dir='ltr'>ann.</span> <span class='ocrx_word' id='word_1_200' title='bbox 1054 2135 1092 2169; x_wconf 84' lang='grc' dir='ltr'>ΙΙ,</span> <span class='ocrx_word' id='word_1_201' title='bbox 1109 2143 1135 2163; x_wconf 90' lang='lat' dir='ltr'>c.</span> <span class='ocrx_word' id='word_1_202' title='bbox 1154 2136 1206 2167; x_wconf 85' lang='lat' dir='ltr'>tt.)</span> 
     </span>
    </p>
   </div>
   <div class='ocr_carea' id='block_1_10' title="bbox 746 2025 1171 2057">
    <p class='ocr_par' dir='ltr' id='par_1_10' title="bbox 746 2025 1171 2057">
     <span class='ocr_line' id='line_1_32' title="bbox 746 2025 1171 2057; baseline 0.002 -6"><span class='ocrx_word' id='word_1_203' title='bbox 746 2025 858 2057; x_wconf 86' lang='lat' dir='ltr'>Latran,</span> <span class='ocrx_word' id='word_1_204' title='bbox 877 2025 909 2051; x_wconf 71' lang='grc' dir='ltr'>ζ23</span> <span class='ocrx_word' id='word_1_205' title='bbox 925 2025 1077 2051; x_wconf 77' lang='lat' dir='ltr'>decembre</span> <span class='ocrx_word' id='word_1_206' title='bbox 1096 2026 1171 2052; x_wconf 65' lang='lat'>1255.</span> 
     </span>
    </p>
   </div>
   <div class='ocr_carea' id='block_1_11' title="bbox 235 2237 1246 2959">
    <p class='ocr_par' dir='ltr' id='par_1_11' title="bbox 235 2237 1246 2959">
     <span class='ocr_line' id='line_1_33' title="bbox 278 2237 1245 2274; baseline -0.002 -7"><span class='ocrx_word' id='word_1_207' title='bbox 278 2250 289 2263; x_wconf 71' lang='grc' dir='ltr'>α</span> <span class='ocrx_word' id='word_1_208' title='bbox 309 2238 479 2267; x_wconf 75' lang='lat' dir='ltr'>Conoentzii</span> <span class='ocrx_word' id='word_1_209' title='bbox 496 2238 676 2266; x_wconf 80' lang='lat' dir='ltr'>monasterii</span> <span class='ocrx_word' id='word_1_210' title='bbox 691 2238 790 2266; x_wconf 77' lang='lat' dir='ltr'>sancti</span> <span class='ocrx_word' id='word_1_211' title='bbox 806 2237 936 2266; x_wconf 82' lang='lat' dir='ltr'>Martini</span> <span class='ocrx_word' id='word_1_212' title='bbox 952 2237 1187 2274; x_wconf 73' lang='lat' dir='ltr'>Cariiqoncnsis,</span> <span class='ocrx_word' id='word_1_213' title='bbox 1206 2237 1245 2266; x_wconf 83' lang='lat' dir='ltr'>ad</span> 
     </span>
     <span class='ocr_line' id='line_1_34' title="bbox 236 2289 1245 2327; baseline -0.001 -8"><span class='ocrx_word' id='word_1_214' title='bbox 236 2292 403 2319; x_wconf 78' lang='lat' dir='ltr'>Romanam</span> <span class='ocrx_word' id='word_1_215' title='bbox 444 2290 607 2318; x_wconf 78' lang='lat' dir='ltr'>Ecclesiam</span> <span class='ocrx_word' id='word_1_216' title='bbox 639 2291 723 2318; x_wconf 80' lang='lat' dir='ltr'>nullo</span> <span class='ocrx_word' id='word_1_217' title='bbox 758 2290 855 2318; x_wconf 81' lang='lat' dir='ltr'>medio</span> <span class='ocrx_word' id='word_1_218' title='bbox 884 2290 1086 2327; x_wconf 73' lang='lat' dir='ltr'>pertinentis,</span> <span class='ocrx_word' id='word_1_219' title='bbox 1125 2289 1245 2319; x_wconf 77' lang='lat' dir='ltr'>ordinis</span> 
     </span>
     <span class='ocr_line' id='line_1_35' title="bbox 235 2341 1245 2375; baseline 0 -3"><span class='ocrx_word' id='word_1_220' title='bbox 235 2344 335 2372; x_wconf 75' lang='lat' dir='ltr'>sancti</span> <span class='ocrx_word' id='word_1_221' title='bbox 350 2343 511 2375; x_wconf 73' lang='lat' dir='ltr'>Benedicti,</span> <span class='ocrx_word' id='word_1_222' title='bbox 530 2343 685 2371; x_wconf 72' lang='lat' dir='ltr'>Elenensis</span> <span class='ocrx_word' id='word_1_223' title='bbox 702 2343 835 2371; x_wconf 78' lang='lat' dir='ltr'>diocesis.</span> <span class='ocrx_word' id='word_1_224' title='bbox 852 2341 937 2372; x_wconf 90' lang='lat' dir='ltr'>Olim</span> <span class='ocrx_word' id='word_1_225' title='bbox 955 2342 1156 2371; x_wconf 85' lang='lat' dir='ltr'>monasterio</span> <span class='ocrx_word' id='word_1_226' title='bbox 1176 2351 1245 2372; x_wconf 82' lang='lat' dir='ltr'>ves-</span> 
     </span>
     <span class='ocr_line' id='line_1_36' title="bbox 238 2394 1244 2431; baseline 0.001 -7"><span class='ocrx_word' id='word_1_227' title='bbox 238 2400 286 2424; x_wconf 88' lang='lat' dir='ltr'>tro</span> <span class='ocrx_word' id='word_1_228' title='bbox 305 2395 434 2424; x_wconf 84' lang='lat' dir='ltr'>abbatis</span> <span class='ocrx_word' id='word_1_229' title='bbox 448 2394 610 2431; x_wconf 77' lang='lat' dir='ltr'>regimine</span> <span class='ocrx_word' id='word_1_230' title='bbox 627 2394 796 2430; x_wconf 86' lang='lat' dir='ltr'>destituto,</span> <span class='ocrx_word' id='word_1_231' title='bbox 814 2403 871 2423; x_wconf 86' lang='lat' dir='ltr'>vos</span> <span class='ocrx_word' id='word_1_232' title='bbox 892 2399 926 2424; x_wconf 91' lang='lat' dir='ltr'>ut</span> <span class='ocrx_word' id='word_1_233' title='bbox 942 2395 1043 2423; x_wconf 79' lang='lat' dir='ltr'>moris</span> <span class='ocrx_word' id='word_1_234' title='bbox 1060 2399 1109 2425; x_wconf 85' lang='lat' dir='ltr'>est</span> <span class='ocrx_word' id='word_1_235' title='bbox 1125 2404 1244 2425; x_wconf 87' lang='lat' dir='ltr'>eonve-</span> 
     </span>
     <span class='ocr_line' id='line_1_37' title="bbox 238 2446 1245 2484; baseline -0.001 -7"><span class='ocrx_word' id='word_1_236' title='bbox 238 2447 368 2477; x_wconf 85' lang='lat' dir='ltr'>nientes</span> <span class='ocrx_word' id='word_1_237' title='bbox 389 2447 423 2475; x_wconf 91' lang='lat' dir='ltr'>in</span> <span class='ocrx_word' id='word_1_238' title='bbox 445 2455 564 2482; x_wconf 89' lang='lat' dir='ltr'>unum,</span> <span class='ocrx_word' id='word_1_239' title='bbox 586 2446 729 2484; x_wconf 75' lang='lat' dir='ltr'>Spiritus</span> <span class='ocrx_word' id='word_1_240' title='bbox 753 2447 866 2477; x_wconf 80' lang='lat' dir='ltr'>Sancti</span> <span class='ocrx_word' id='word_1_241' title='bbox 891 2447 996 2483; x_wconf 67' lang='lat' dir='ltr'>gratia</span> <span class='ocrx_word' id='word_1_242' title='bbox 1018 2447 1185 2483; x_wconf 82' lang='lat' dir='ltr'>invocata,</span> <span class='ocrx_word' id='word_1_243' title='bbox 1210 2448 1245 2476; x_wconf 90' lang='lat' dir='ltr'>in</span> 
     </span>
     <span class='ocr_line' id='line_1_38' title="bbox 237 2499 1245 2537; baseline 0 -8"><span class='ocrx_word' id='word_1_244' title='bbox 237 2500 394 2530; x_wconf 82' lang='lat' dir='ltr'>dilectum</span> <span class='ocrx_word' id='word_1_245' title='bbox 411 2499 516 2528; x_wconf 82' lang='lat' dir='ltr'>filium</span> <span class='ocrx_word' id='word_1_246' title='bbox 534 2499 716 2528; x_wconf 86' lang='lat' dir='ltr'>Arnaldum</span> <span class='ocrx_word' id='word_1_247' title='bbox 735 2500 857 2529; x_wconf 75' lang='lat' dir='ltr'>Tetloni</span> <span class='ocrx_word' id='word_1_248' title='bbox 875 2500 1089 2537; x_wconf 77' lang='lat' dir='ltr'>prepositum,</span> <span class='ocrx_word' id='word_1_249' title='bbox 1106 2501 1245 2530; x_wconf 87' lang='lat' dir='ltr'>Bernar-</span> 
     </span>
     <span class='ocr_line' id='line_1_39' title="bbox 237 2552 1246 2588; baseline 0 -6"><span class='ocrx_word' id='word_1_250' title='bbox 237 2553 315 2582; x_wconf 90' lang='lat' dir='ltr'>dum</span> <span class='ocrx_word' id='word_1_251' title='bbox 331 2552 520 2583; x_wconf 80' lang='lat' dir='ltr'>Carbonelli</span> <span class='ocrx_word' id='word_1_252' title='bbox 540 2552 712 2581; x_wconf 77' lang='lat' dir='ltr'>sacristam</span> <span class='ocrx_word' id='word_1_253' title='bbox 732 2557 761 2582; x_wconf 87' lang='lat' dir='ltr'>et</span> <span class='ocrx_word' id='word_1_254' title='bbox 781 2553 961 2582; x_wconf 71' lang='lat' dir='ltr'>Arnaldum</span> <span class='ocrx_word' id='word_1_255' title='bbox 982 2553 1105 2588; x_wconf 82' lang='lat' dir='ltr'>Pinosi,</span> <span class='ocrx_word' id='word_1_256' title='bbox 1124 2553 1246 2583; x_wconf 85' lang='lat' dir='ltr'>elemo-</span> 
     </span>
     <span class='ocr_line' id='line_1_40' title="bbox 238 2605 1246 2644; baseline 0.002 -10"><span class='ocrx_word' id='word_1_257' title='bbox 238 2606 402 2635; x_wconf 89' lang='lat' dir='ltr'>sinarium</span> <span class='ocrx_word' id='word_1_258' title='bbox 419 2605 566 2644; x_wconf 80' lang='lat' dir='ltr'>ejusdem</span> <span class='ocrx_word' id='word_1_259' title='bbox 585 2606 796 2640; x_wconf 73' lang='lat' dir='ltr'>monasterii,</span> <span class='ocrx_word' id='word_1_260' title='bbox 817 2606 873 2644; x_wconf 79' lang='lat' dir='ltr'>qui</span> <span class='ocrx_word' id='word_1_261' title='bbox 896 2606 924 2635; x_wconf 84' lang='lat' dir='ltr'>ei</span> <span class='ocrx_word' id='word_1_262' title='bbox 945 2606 1153 2644; x_wconf 79' lang='lat' dir='ltr'>providerent</span> <span class='ocrx_word' id='word_1_263' title='bbox 1176 2607 1246 2636; x_wconf 82' lang='lat' dir='ltr'>viee</span> 
     </span>
     <span class='ocr_line' id='line_1_41' title="bbox 237 2657 1244 2697; baseline 0 -10"><span class='ocrx_word' id='word_1_264' title='bbox 237 2658 386 2688; x_wconf 86' lang='lat' dir='ltr'>omnium</span> <span class='ocrx_word' id='word_1_265' title='bbox 398 2658 436 2687; x_wconf 86' lang='lat' dir='ltr'>de</span> <span class='ocrx_word' id='word_1_266' title='bbox 447 2658 575 2693; x_wconf 79' lang='lat' dir='ltr'>abbate,</span> <span class='ocrx_word' id='word_1_267' title='bbox 589 2657 807 2687; x_wconf 74' lang='lat' dir='ltr'>transtulistis</span> <span class='ocrx_word' id='word_1_268' title='bbox 823 2659 1026 2687; x_wconf 84' lang='lat' dir='ltr'>unanimiter</span> <span class='ocrx_word' id='word_1_269' title='bbox 1038 2663 1244 2697; x_wconf 81' lang='lat' dir='ltr'>potestatem.</span> 
     </span>
     <span class='ocr_line' id='line_1_42' title="bbox 238 2710 1246 2748; baseline 0.001 -9"><span class='ocrx_word' id='word_1_270' title='bbox 238 2711 312 2746; x_wconf 76' lang='lat' dir='ltr'>Qui,</span> <span class='ocrx_word' id='word_1_271' title='bbox 334 2710 494 2739; x_wconf 82' lang='lat' dir='ltr'>habentes</span> <span class='ocrx_word' id='word_1_272' title='bbox 508 2720 564 2748; x_wconf 83' lang='lat' dir='ltr'>pre</span> <span class='ocrx_word' id='word_1_273' title='bbox 581 2710 685 2739; x_wconf 88' lang='lat' dir='ltr'>oculis</span> <span class='ocrx_word' id='word_1_274' title='bbox 703 2710 808 2739; x_wconf 89' lang='lat' dir='ltr'>solum</span> <span class='ocrx_word' id='word_1_275' title='bbox 828 2711 948 2745; x_wconf 89' lang='lat' dir='ltr'>Deum,</span> <span class='ocrx_word' id='word_1_276' title='bbox 967 2711 1123 2740; x_wconf 69' lang='lat' dir='ltr'>dilectum</span> <span class='ocrx_word' id='word_1_277' title='bbox 1141 2711 1246 2741; x_wconf 77' lang='lat' dir='ltr'>silium</span> 
     </span>
     <span class='ocr_line' id='line_1_43' title="bbox 239 2762 1246 2802; baseline 0.002 -10"><span class='ocrx_word' id='word_1_278' title='bbox 239 2764 390 2797; x_wconf 86' lang='lat' dir='ltr'>Petrum,</span> <span class='ocrx_word' id='word_1_279' title='bbox 419 2762 497 2791; x_wconf 88' lang='lat' dir='ltr'>dieti</span> <span class='ocrx_word' id='word_1_280' title='bbox 522 2762 715 2792; x_wconf 87' lang='lat' dir='ltr'>monasterii</span> <span class='ocrx_word' id='word_1_281' title='bbox 741 2763 976 2796; x_wconf 86' lang='lat' dir='ltr'>camerarium,</span> <span class='ocrx_word' id='word_1_282' title='bbox 1002 2763 1109 2793; x_wconf 72' lang='lat' dir='ltr'>virum</span> <span class='ocrx_word' id='word_1_283' title='bbox 1131 2764 1246 2802; x_wconf 78' lang='lat' dir='ltr'>utique</span> 
     </span>
     <span class='ocr_line' id='line_1_44' title="bbox 239 2814 1244 2852; baseline 0.002 -9"><span class='ocrx_word' id='word_1_284' title='bbox 239 2815 399 2851; x_wconf 62' lang='lat' dir='ltr'>religione</span> <span class='ocrx_word' id='word_1_285' title='bbox 416 2814 600 2852; x_wconf 88' lang='lat' dir='ltr'>probatum,</span> <span class='ocrx_word' id='word_1_286' title='bbox 618 2815 772 2852; x_wconf 84' lang='lat' dir='ltr'>preconio</span> <span class='ocrx_word' id='word_1_287' title='bbox 789 2814 966 2843; x_wconf 80' lang='lat' dir='ltr'>laudabilis</span> <span class='ocrx_word' id='word_1_288' title='bbox 985 2816 1069 2845; x_wconf 80' lang='lat' dir='ltr'>fame</span> <span class='ocrx_word' id='word_1_289' title='bbox 1086 2816 1244 2851; x_wconf 71' lang='lat' dir='ltr'>«lotatum,</span> 
     </span>
     <span class='ocr_line' id='line_1_45' title="bbox 240 2866 1246 2905; baseline 0.003 -10"><span class='ocrx_word' id='word_1_290' title='bbox 240 2867 272 2895; x_wconf 90' lang='lat' dir='ltr'>in</span> <span class='ocrx_word' id='word_1_291' title='bbox 291 2866 522 2904; x_wconf 79' lang='lat' dir='ltr'>spiritualibus</span> <span class='ocrx_word' id='word_1_292' title='bbox 539 2871 568 2895; x_wconf 86' lang='lat' dir='ltr'>et</span> <span class='ocrx_word' id='word_1_293' title='bbox 586 2866 822 2904; x_wconf 82' lang='lat' dir='ltr'>temporalibus</span> <span class='ocrx_word' id='word_1_294' title='bbox 837 2868 1123 2905; x_wconf 59' lang='lat' dir='ltr'>circumspstwtum,</span> <span class='ocrx_word' id='word_1_295' title='bbox 1142 2869 1176 2897; x_wconf 88' lang='lat' dir='ltr'>in</span> <span class='ocrx_word' id='word_1_296' title='bbox 1193 2869 1246 2898; x_wconf 85' lang='lat' dir='ltr'>ab·</span> 
     </span>
     <span class='ocr_line' id='line_1_46' title="bbox 241 2918 1246 2959; baseline 0.004 -12"><span class='ocrx_word' id='word_1_297' title='bbox 241 2919 345 2948; x_wconf 81' lang='lat' dir='ltr'>batem</span> <span class='ocrx_word' id='word_1_298' title='bbox 364 2918 469 2956; x_wconf 87' lang='lat' dir='ltr'>ipsius</span> <span class='ocrx_word' id='word_1_299' title='bbox 487 2919 680 2948; x_wconf 88' lang='lat' dir='ltr'>monasterii</span> <span class='ocrx_word' id='word_1_300' title='bbox 697 2919 854 2949; x_wconf 82' lang='lat' dir='ltr'>canonice</span> <span class='ocrx_word' id='word_1_301' title='bbox 872 2923 900 2949; x_wconf 83' lang='lat' dir='ltr'>ct</span> <span class='ocrx_word' id='word_1_302' title='bbox 916 2920 1121 2950; x_wconf 80' lang='lat' dir='ltr'>concorditer</span> <span class='ocrx_word' id='word_1_303' title='bbox 1138 2920 1246 2959; x_wconf 81' lang='lat' dir='ltr'>elege-</span> 
     </span>
    </p>
   </div>
   <div class='ocr_carea' id='block_1_12' title="bbox 1325 337 2340 1428">
    <p class='ocr_par' dir='ltr' id='par_1_12' title="bbox 1325 337 2340 1428">
     <span class='ocr_line' id='line_1_47' title="bbox 1325 337 2336 376; baseline 0.003 -11"><span class='ocrx_word' id='word_1_304' title='bbox 1325 340 1413 371; x_wconf 89' lang='lat' dir='ltr'>runt,</span> <span class='ocrx_word' id='word_1_305' title='bbox 1430 346 1552 376; x_wconf 77' lang='lat' dir='ltr'>vosque</span> <span class='ocrx_word' id='word_1_306' title='bbox 1567 342 1757 375; x_wconf 83' lang='lat' dir='ltr'>presentata</span> <span class='ocrx_word' id='word_1_307' title='bbox 1775 337 1869 368; x_wconf 85' lang='lat' dir='ltr'>nobis</span> <span class='ocrx_word' id='word_1_308' title='bbox 1886 337 2047 368; x_wconf 85' lang='lat' dir='ltr'>electione</span> <span class='ocrx_word' id='word_1_309' title='bbox 2060 337 2206 376; x_wconf 85' lang='lat' dir='ltr'>predicta</span> <span class='ocrx_word' id='word_1_310' title='bbox 2220 338 2336 368; x_wconf 86' lang='lat' dir='ltr'>confir-</span> 
     </span>
     <span class='ocr_line' id='line_1_48' title="bbox 1325 389 2336 430; baseline 0.003 -13"><span class='ocrx_word' id='word_1_311' title='bbox 1325 389 1503 418; x_wconf 86' lang='lat' dir='ltr'>mationem</span> <span class='ocrx_word' id='word_1_312' title='bbox 1523 390 1629 428; x_wconf 85' lang='lat' dir='ltr'>ipsius</span> <span class='ocrx_word' id='word_1_313' title='bbox 1646 390 1819 420; x_wconf 84' lang='lat' dir='ltr'>humiliter</span> <span class='ocrx_word' id='word_1_314' title='bbox 1836 390 2003 428; x_wconf 83' lang='lat' dir='ltr'>petivistis</span> <span class='ocrx_word' id='word_1_315' title='bbox 2025 400 2043 420; x_wconf 89' lang='lat' dir='ltr'>a</span> <span class='ocrx_word' id='word_1_316' title='bbox 2070 389 2176 420; x_wconf 85' lang='lat' dir='ltr'>nobis.</span> <span class='ocrx_word' id='word_1_317' title='bbox 2198 391 2237 420; x_wconf 89' lang='lat' dir='ltr'>Et</span> <span class='ocrx_word' id='word_1_318' title='bbox 2256 390 2336 430; x_wconf 87' lang='lat' dir='ltr'>quia</span> 
     </span>
     <span class='ocr_line' id='line_1_49' title="bbox 1326 442 2338 481; baseline 0.002 -11"><span class='ocrx_word' id='word_1_319' title='bbox 1326 442 1527 472; x_wconf 84' lang='lat' dir='ltr'>venerabilis</span> <span class='ocrx_word' id='word_1_320' title='bbox 1549 443 1650 472; x_wconf 86' lang='lat' dir='ltr'>frater</span> <span class='ocrx_word' id='word_1_321' title='bbox 1673 466 1708 478; x_wconf 89' lang='lat'>..‚</span> <span class='ocrx_word' id='word_1_322' title='bbox 1729 443 1902 481; x_wconf 86' lang='lat' dir='ltr'>episeopus</span> <span class='ocrx_word' id='word_1_323' title='bbox 1922 442 2146 477; x_wconf 88' lang='lat' dir='ltr'>Tusculanus,</span> <span class='ocrx_word' id='word_1_324' title='bbox 2169 448 2200 472; x_wconf 90' lang='lat' dir='ltr'>et</span> <span class='ocrx_word' id='word_1_325' title='bbox 2224 442 2338 473; x_wconf 85' lang='lat' dir='ltr'>dilecti</span> 
     </span>
     <span class='ocr_line' id='line_1_50' title="bbox 1326 495 2334 534; baseline 0.002 -11"><span class='ocrx_word' id='word_1_326' title='bbox 1326 495 1385 524; x_wconf 82' lang='lat' dir='ltr'>filii</span> <span class='ocrx_word' id='word_1_327' title='bbox 1411 495 1516 524; x_wconf 78' lang='lat' dir='ltr'>nostri</span> <span class='ocrx_word' id='word_1_328' title='bbox 1539 496 1593 526; x_wconf 80' lang='grc' dir='ltr'>ΙΙ..</span> <span class='ocrx_word' id='word_1_329' title='bbox 1620 495 1708 525; x_wconf 85' lang='lat' dir='ltr'>tituli</span> <span class='ocrx_word' id='word_1_330' title='bbox 1732 496 1852 526; x_wconf 85' lang='lat' dir='ltr'>Sancte</span> <span class='ocrx_word' id='word_1_331' title='bbox 1878 495 2001 525; x_wconf 88' lang='lat' dir='ltr'>Sabine</span> <span class='ocrx_word' id='word_1_332' title='bbox 2028 495 2203 534; x_wconf 84' lang='lat' dir='ltr'>presbiter,</span> <span class='ocrx_word' id='word_1_333' title='bbox 2232 504 2269 525; x_wconf 85' lang='lat' dir='ltr'>ac</span> <span class='ocrx_word' id='word_1_334' title='bbox 2294 496 2334 526; x_wconf 87' lang='lat' dir='ltr'>R.</span> 
     </span>
     <span class='ocr_line' id='line_1_51' title="bbox 1327 548 2338 587; baseline 0 -9"><span class='ocrx_word' id='word_1_335' title='bbox 1327 548 1438 578; x_wconf 83' lang='lat' dir='ltr'>Sancti</span> <span class='ocrx_word' id='word_1_336' title='bbox 1456 548 1573 585; x_wconf 66' lang='lat' dir='ltr'>Angeli</span> <span class='ocrx_word' id='word_1_337' title='bbox 1591 548 1750 578; x_wconf 88' lang='lat' dir='ltr'>diaconus</span> <span class='ocrx_word' id='word_1_338' title='bbox 1764 548 1962 583; x_wconf 88' lang='lat' dir='ltr'>cardinales,</span> <span class='ocrx_word' id='word_1_339' title='bbox 1980 548 2102 587; x_wconf 86' lang='lat' dir='ltr'>quibus</span> <span class='ocrx_word' id='word_1_340' title='bbox 2119 548 2338 578; x_wconf 82' lang='lat' dir='ltr'>examinatio-</span> 
     </span>
     <span class='ocr_line' id='line_1_52' title="bbox 1327 600 2338 639; baseline 0.002 -10"><span class='ocrx_word' id='word_1_341' title='bbox 1327 609 1400 630; x_wconf 87' lang='lat' dir='ltr'>nem</span> <span class='ocrx_word' id='word_1_342' title='bbox 1418 600 1590 630; x_wconf 83' lang='lat' dir='ltr'>electionis</span> <span class='ocrx_word' id='word_1_343' title='bbox 1608 601 1751 639; x_wconf 85' lang='lat' dir='ltr'>predicte</span> <span class='ocrx_word' id='word_1_344' title='bbox 1771 601 1925 631; x_wconf 84' lang='lat' dir='ltr'>duximus</span> <span class='ocrx_word' id='word_1_345' title='bbox 1944 601 2229 635; x_wconf 84' lang='lat' dir='ltr'>committendam,</span> <span class='ocrx_word' id='word_1_346' title='bbox 2250 600 2338 631; x_wconf 86' lang='lat' dir='ltr'>elec-</span> 
     </span>
     <span class='ocr_line' id='line_1_53' title="bbox 1327 653 2337 691; baseline 0.001 -9"><span class='ocrx_word' id='word_1_347' title='bbox 1327 653 1448 682; x_wconf 79' lang='lat' dir='ltr'>tionem</span> <span class='ocrx_word' id='word_1_348' title='bbox 1471 653 1576 691; x_wconf 86' lang='lat' dir='ltr'>ipsam</span> <span class='ocrx_word' id='word_1_349' title='bbox 1598 653 1797 682; x_wconf 84' lang='lat' dir='ltr'>invenerunt</span> <span class='ocrx_word' id='word_1_350' title='bbox 1821 653 1859 683; x_wconf 92' lang='lat' dir='ltr'>de</span> <span class='ocrx_word' id='word_1_351' title='bbox 1880 662 2021 691; x_wconf 85' lang='lat' dir='ltr'>persona</span> <span class='ocrx_word' id='word_1_352' title='bbox 2042 653 2161 683; x_wconf 86' lang='lat' dir='ltr'>idonea</span> <span class='ocrx_word' id='word_1_353' title='bbox 2177 653 2337 684; x_wconf 86' lang='lat' dir='ltr'>canonice</span> 
     </span>
     <span class='ocr_line' id='line_1_54' title="bbox 1326 704 2337 744; baseline 0.003 -11"><span class='ocrx_word' id='word_1_354' title='bbox 1326 705 1536 739; x_wconf 71' lang='lat' dir='ltr'>celebratam,</span> <span class='ocrx_word' id='word_1_355' title='bbox 1556 714 1614 735; x_wconf 85' lang='lat' dir='ltr'>nos</span> <span class='ocrx_word' id='word_1_356' title='bbox 1629 706 1685 744; x_wconf 80' lang='lat' dir='ltr'>qui</span> <span class='ocrx_word' id='word_1_357' title='bbox 1704 705 1874 735; x_wconf 87' lang='lat' dir='ltr'>commoda</span> <span class='ocrx_word' id='word_1_358' title='bbox 1891 714 1953 744; x_wconf 83' lang='lat' dir='ltr'>qne</span> <span class='ocrx_word' id='word_1_359' title='bbox 1973 705 2168 735; x_wconf 88' lang='lat' dir='ltr'>vacantibus</span> <span class='ocrx_word' id='word_1_360' title='bbox 2185 704 2337 736; x_wconf 82' lang='lat' dir='ltr'>ecclesiis</span> 
     </span>
     <span class='ocr_line' id='line_1_55' title="bbox 1325 757 2338 796; baseline 0.001 -9"><span class='ocrx_word' id='word_1_361' title='bbox 1325 758 1364 787; x_wconf 89' lang='lat' dir='ltr'>de</span> <span class='ocrx_word' id='word_1_362' title='bbox 1381 757 1507 787; x_wconf 88' lang='lat' dir='ltr'>salubri</span> <span class='ocrx_word' id='word_1_363' title='bbox 1525 758 1712 796; x_wconf 86' lang='lat' dir='ltr'>provisione.</span> <span class='ocrx_word' id='word_1_364' title='bbox 1729 758 1929 796; x_wconf 88' lang='lat' dir='ltr'>proveniunt</span> <span class='ocrx_word' id='word_1_365' title='bbox 1949 758 2088 788; x_wconf 90' lang='lat' dir='ltr'>rationis</span> <span class='ocrx_word' id='word_1_366' title='bbox 2107 757 2213 788; x_wconf 89' lang='lat' dir='ltr'>oculis</span> <span class='ocrx_word' id='word_1_367' title='bbox 2226 757 2338 788; x_wconf 84' lang='lat' dir='ltr'>intue-</span> 
     </span>
     <span class='ocr_line' id='line_1_56' title="bbox 1326 809 2338 845; baseline 0.001 -6"><span class='ocrx_word' id='word_1_368' title='bbox 1326 820 1410 845; x_wconf 86' lang='lat' dir='ltr'>mur,</span> <span class='ocrx_word' id='word_1_369' title='bbox 1429 810 1624 840; x_wconf 85' lang='lat' dir='ltr'>electionem</span> <span class='ocrx_word' id='word_1_370' title='bbox 1641 810 1680 840; x_wconf 87' lang='lat' dir='ltr'>de</span> <span class='ocrx_word' id='word_1_371' title='bbox 1698 811 1837 840; x_wconf 82' lang='lat' dir='ltr'>fratrum</span> <span class='ocrx_word' id='word_1_372' title='bbox 1856 814 2044 840; x_wconf 88' lang='lat' dir='ltr'>nostrorum</span> <span class='ocrx_word' id='word_1_373' title='bbox 2061 809 2200 840; x_wconf 90' lang='lat' dir='ltr'>consilio</span> <span class='ocrx_word' id='word_1_374' title='bbox 2216 809 2338 840; x_wconf 83' lang='lat' dir='ltr'>confir-</span> 
     </span>
     <span class='ocr_line' id='line_1_57' title="bbox 1327 863 2338 901; baseline 0.001 -10"><span class='ocrx_word' id='word_1_375' title='bbox 1327 863 1490 892; x_wconf 85' lang='lat' dir='ltr'>mavimus</span> <span class='ocrx_word' id='word_1_376' title='bbox 1507 863 1718 892; x_wconf 83' lang='lat' dir='ltr'>antedictam.</span> <span class='ocrx_word' id='word_1_377' title='bbox 1742 863 1903 900; x_wconf 85' lang='lat' dir='ltr'>Quocirca</span> <span class='ocrx_word' id='word_1_378' title='bbox 1927 863 2138 893; x_wconf 84' lang='lat' dir='ltr'>universitati</span> <span class='ocrx_word' id='word_1_379' title='bbox 2155 867 2262 892; x_wconf 77' lang='lat' dir='ltr'>vestre</span> <span class='ocrx_word' id='word_1_380' title='bbox 2279 871 2338 901; x_wconf 85' lang='lat' dir='ltr'>per</span> 
     </span>
     <span class='ocr_line' id='line_1_58' title="bbox 1327 914 2339 954; baseline -0.001 -9"><span class='ocrx_word' id='word_1_381' title='bbox 1327 915 1505 953; x_wconf 77' lang='lat' dir='ltr'>apostolica</span> <span class='ocrx_word' id='word_1_382' title='bbox 1523 915 1644 953; x_wconf 86' lang='lat' dir='ltr'>scripta</span> <span class='ocrx_word' id='word_1_383' title='bbox 1661 916 1875 950; x_wconf 82' lang='lat' dir='ltr'>mandamus,</span> <span class='ocrx_word' id='word_1_384' title='bbox 1898 915 2057 954; x_wconf 80' lang='lat' dir='ltr'>quatinus</span> <span class='ocrx_word' id='word_1_385' title='bbox 2078 914 2219 945; x_wconf 87' lang='lat' dir='ltr'>eundem</span> <span class='ocrx_word' id='word_1_386' title='bbox 2236 914 2339 945; x_wconf 84' lang='lat' dir='ltr'>ahba-</span> 
     </span>
     <span class='ocr_line' id='line_1_59' title="bbox 1326 966 2339 1006; baseline -0.001 -9"><span class='ocrx_word' id='word_1_387' title='bbox 1326 972 1391 997; x_wconf 86' lang='lat' dir='ltr'>tem</span> <span class='ocrx_word' id='word_1_388' title='bbox 1408 976 1465 1006; x_wconf 90' lang='lat' dir='ltr'>pro</span> <span class='ocrx_word' id='word_1_389' title='bbox 1482 972 1594 997; x_wconf 75' lang='lat' dir='ltr'>nostra</span> <span class='ocrx_word' id='word_1_390' title='bbox 1608 972 1636 996; x_wconf 87' lang='lat' dir='ltr'>et</span> <span class='ocrx_word' id='word_1_391' title='bbox 1655 967 1833 1006; x_wconf 84' lang='lat' dir='ltr'>apostolice</span> <span class='ocrx_word' id='word_1_392' title='bbox 1851 967 1945 997; x_wconf 82' lang='lat' dir='ltr'>Sedis</span> <span class='ocrx_word' id='word_1_393' title='bbox 1962 967 2147 997; x_wconf 85' lang='lat' dir='ltr'>reverentia</span> <span class='ocrx_word' id='word_1_394' title='bbox 2164 966 2339 996; x_wconf 83' lang='lat' dir='ltr'>admitten-</span> 
     </span>
     <span class='ocr_line' id='line_1_60' title="bbox 1326 1019 2338 1058; baseline -0.001 -9"><span class='ocrx_word' id='word_1_395' title='bbox 1326 1024 1374 1049; x_wconf 75' lang='lat' dir='ltr'>tes</span> <span class='ocrx_word' id='word_1_396' title='bbox 1392 1020 1530 1058; x_wconf 66' lang='lat' dir='ltr'>ylaritcr</span> <span class='ocrx_word' id='word_1_397' title='bbox 1547 1025 1577 1049; x_wconf 91' lang='lat' dir='ltr'>et</span> <span class='ocrx_word' id='word_1_398' title='bbox 1596 1020 1776 1049; x_wconf 83' lang='lat' dir='ltr'>honorifice</span> <span class='ocrx_word' id='word_1_399' title='bbox 1797 1024 2055 1058; x_wconf 83' lang='lat' dir='ltr'>pertractantes,</span> <span class='ocrx_word' id='word_1_400' title='bbox 2084 1019 2149 1048; x_wconf 88' lang='lat' dir='ltr'>sibi</span> <span class='ocrx_word' id='word_1_401' title='bbox 2169 1023 2338 1058; x_wconf 86' lang='lat' dir='ltr'>tamquam</span> 
     </span>
     <span class='ocr_line' id='line_1_61' title="bbox 1326 1070 2340 1111; baseline 0 -9"><span class='ocrx_word' id='word_1_402' title='bbox 1326 1073 1410 1111; x_wconf 88' lang='lat' dir='ltr'>patri</span> <span class='ocrx_word' id='word_1_403' title='bbox 1428 1077 1458 1102; x_wconf 89' lang='lat' dir='ltr'>et</span> <span class='ocrx_word' id='word_1_404' title='bbox 1475 1073 1598 1111; x_wconf 87' lang='lat' dir='ltr'>pastori</span> <span class='ocrx_word' id='word_1_405' title='bbox 1620 1072 1807 1102; x_wconf 89' lang='lat' dir='ltr'>animarum</span> <span class='ocrx_word' id='word_1_406' title='bbox 1831 1076 2016 1102; x_wconf 88' lang='lat' dir='ltr'>vestrarum</span> <span class='ocrx_word' id='word_1_407' title='bbox 2040 1071 2240 1110; x_wconf 89' lang='lat' dir='ltr'>impendatis</span> <span class='ocrx_word' id='word_1_408' title='bbox 2260 1070 2340 1102; x_wconf 84' lang='lat' dir='ltr'>obe-</span> 
     </span>
     <span class='ocr_line' id='line_1_62' title="bbox 1326 1123 2338 1163; baseline -0.002 -8"><span class='ocrx_word' id='word_1_409' title='bbox 1326 1125 1487 1155; x_wconf 85' lang='lat' dir='ltr'>dientiam</span> <span class='ocrx_word' id='word_1_410' title='bbox 1515 1130 1546 1154; x_wconf 89' lang='lat' dir='ltr'>et</span> <span class='ocrx_word' id='word_1_411' title='bbox 1572 1125 1795 1154; x_wconf 83' lang='lat' dir='ltr'>reverentiam</span> <span class='ocrx_word' id='word_1_412' title='bbox 1822 1125 1964 1154; x_wconf 85' lang='lat' dir='ltr'>debitam</span> <span class='ocrx_word' id='word_1_413' title='bbox 1993 1129 2023 1154; x_wconf 86' lang='lat' dir='ltr'>et</span> <span class='ocrx_word' id='word_1_414' title='bbox 2049 1125 2120 1163; x_wconf 86' lang='lat' dir='ltr'>ejus</span> <span class='ocrx_word' id='word_1_415' title='bbox 2146 1123 2338 1154; x_wconf 85' lang='lat' dir='ltr'>salubribus</span> 
     </span>
     <span class='ocr_line' id='line_1_63' title="bbox 1325 1175 2339 1216; baseline -0.001 -9"><span class='ocrx_word' id='word_1_416' title='bbox 1325 1178 1492 1208; x_wconf 86' lang='lat' dir='ltr'>mandatis</span> <span class='ocrx_word' id='word_1_417' title='bbox 1510 1182 1540 1208; x_wconf 88' lang='lat' dir='ltr'>et</span> <span class='ocrx_word' id='word_1_418' title='bbox 1557 1178 1693 1207; x_wconf 82' lang='lat' dir='ltr'>monitis</span> <span class='ocrx_word' id='word_1_419' title='bbox 1705 1178 1883 1207; x_wconf 82' lang='lat' dir='ltr'>efficaciter</span> <span class='ocrx_word' id='word_1_420' title='bbox 1896 1177 2092 1207; x_wconf 81' lang='lat' dir='ltr'>intendatis.</span> <span class='ocrx_word' id='word_1_421' title='bbox 2107 1178 2155 1207; x_wconf 85' lang='lat' dir='ltr'>Ita</span> <span class='ocrx_word' id='word_1_422' title='bbox 2169 1176 2257 1216; x_wconf 81' lang='lat' dir='ltr'>quod</span> <span class='ocrx_word' id='word_1_423' title='bbox 2267 1175 2339 1214; x_wconf 84' lang='lat' dir='ltr'>ipse</span> 
     </span>
     <span class='ocr_line' id='line_1_64' title="bbox 1326 1228 2340 1268; baseline 0 -9"><span class='ocrx_word' id='word_1_424' title='bbox 1326 1231 1361 1259; x_wconf 90' lang='lat' dir='ltr'>in</span> <span class='ocrx_word' id='word_1_425' title='bbox 1384 1230 1478 1260; x_wconf 93' lang='lat' dir='ltr'>vobis</span> <span class='ocrx_word' id='word_1_426' title='bbox 1501 1230 1686 1260; x_wconf 85' lang='lat' dir='ltr'>devotionis</span> <span class='ocrx_word' id='word_1_427' title='bbox 1708 1230 1810 1264; x_wconf 81' lang='lat' dir='ltr'>filios,</span> <span class='ocrx_word' id='word_1_428' title='bbox 1837 1238 1873 1259; x_wconf 85' lang='lat' dir='ltr'>ac</span> <span class='ocrx_word' id='word_1_429' title='bbox 1896 1238 1953 1259; x_wconf 87' lang='lat' dir='ltr'>vos</span> <span class='ocrx_word' id='word_1_430' title='bbox 1977 1233 2220 1268; x_wconf 84' lang='lat' dir='ltr'>consequenter</span> <span class='ocrx_word' id='word_1_431' title='bbox 2241 1228 2276 1258; x_wconf 87' lang='lat' dir='ltr'>in</span> <span class='ocrx_word' id='word_1_432' title='bbox 2301 1236 2340 1259; x_wconf 87' lang='lat' dir='ltr'>eo</span> 
     </span>
     <span class='ocr_line' id='line_1_65' title="bbox 1326 1281 2339 1321; baseline -0.002 -9"><span class='ocrx_word' id='word_1_433' title='bbox 1326 1287 1453 1321; x_wconf 86' lang='lat' dir='ltr'>patrem</span> <span class='ocrx_word' id='word_1_434' title='bbox 1475 1282 1646 1312; x_wconf 85' lang='lat' dir='ltr'>invenisse</span> <span class='ocrx_word' id='word_1_435' title='bbox 1667 1282 1858 1312; x_wconf 87' lang='lat' dir='ltr'>benivolum</span> <span class='ocrx_word' id='word_1_436' title='bbox 1879 1282 2062 1319; x_wconf 74' lang='lat' dir='ltr'>gaudeatis.</span> <span class='ocrx_word' id='word_1_437' title='bbox 2088 1281 2245 1320; x_wconf 84' lang='lat' dir='ltr'>Alioquin</span> <span class='ocrx_word' id='word_1_438' title='bbox 2261 1289 2339 1311; x_wconf 86' lang='lat' dir='ltr'>sen·</span> 
     </span>
     <span class='ocr_line' id='line_1_66' title="bbox 1326 1333 2340 1373; baseline -0.002 -8"><span class='ocrx_word' id='word_1_439' title='bbox 1326 1336 1465 1365; x_wconf 87' lang='lat' dir='ltr'>tentiam</span> <span class='ocrx_word' id='word_1_440' title='bbox 1486 1339 1545 1365; x_wconf 85' lang='lat' dir='ltr'>ete.</span> <span class='ocrx_word' id='word_1_441' title='bbox 1570 1344 1675 1373; x_wconf 80' lang='lat' dir='ltr'>usque</span> <span class='ocrx_word' id='word_1_442' title='bbox 1703 1345 1708 1363; x_wconf 91' lang='lat'>:</span> <span class='ocrx_word' id='word_1_443' title='bbox 1736 1334 1918 1364; x_wconf 86' lang='lat' dir='ltr'>observari.</span> <span class='ocrx_word' id='word_1_444' title='bbox 1941 1335 2015 1364; x_wconf 87' lang='lat' dir='ltr'>Dat.</span> <span class='ocrx_word' id='word_1_445' title='bbox 2038 1334 2209 1369; x_wconf 85' lang='lat' dir='ltr'>Laterani,</span> <span class='ocrx_word' id='word_1_446' title='bbox 2230 1334 2262 1364; x_wconf 90' lang='lat' dir='ltr'>X</span> <span class='ocrx_word' id='word_1_447' title='bbox 2278 1333 2340 1364; x_wconf 83' lang='lat' dir='ltr'>ka-</span> 
     </span>
     <span class='ocr_line' id='line_1_67' title="bbox 1325 1387 1927 1428; baseline -0.003 -10"><span class='ocrx_word' id='word_1_448' title='bbox 1325 1388 1441 1419; x_wconf 85' lang='lat' dir='ltr'>lendas</span> <span class='ocrx_word' id='word_1_449' title='bbox 1453 1388 1614 1428; x_wconf 85' lang='lat' dir='ltr'>januarii,</span> <span class='ocrx_word' id='word_1_450' title='bbox 1633 1396 1720 1417; x_wconf 89' lang='lat' dir='ltr'>anno</span> <span class='ocrx_word' id='word_1_451' title='bbox 1737 1387 1893 1417; x_wconf 86' lang='lat' dir='ltr'>secundo.</span> <span class='ocrx_word' id='word_1_452' title='bbox 1914 1399 1927 1413; x_wconf 73' lang='lat' dir='ltr'>n</span> 
     </span>
    </p>
   </div>
   <div class='ocr_carea' id='block_1_13' title="bbox 1402 1577 2268 1610">
    <p class='ocr_par' dir='ltr' id='par_1_13' title="bbox 1402 1577 2268 1610">
     <span class='ocr_line' id='line_1_68' title="bbox 1402 1577 2268 1610; baseline -0.002 -4"><span class='ocrx_word' id='word_1_453' title='bbox 1402 1580 1421 1606; x_wconf 80' lang='grc' dir='ltr'>Ι</span> <span class='ocrx_word' id='word_1_454' title='bbox 1430 1579 1482 1607; x_wconf 76' lang='grc'>01</span> <span class='ocrx_word' id='word_1_455' title='bbox 1491 1579 1519 1607; x_wconf 85' lang='grc'>8</span> <span class='ocrx_word' id='word_1_456' title='bbox 1835 1578 1934 1606; x_wconf 73' lang='lat' dir='ltr'>Lati-an</span> <span class='ocrx_word' id='word_1_457' title='bbox 1944 1599 1951 1610; x_wconf 85' lang='lat'>,</span> <span class='ocrx_word' id='word_1_458' title='bbox 1968 1577 2003 1605; x_wconf 76' lang='lat'>‘23</span> <span class='ocrx_word' id='word_1_459' title='bbox 2019 1577 2172 1604; x_wconf 75' lang='lat' dir='ltr'>decembre</span> <span class='ocrx_word' id='word_1_460' title='bbox 2190 1577 2268 1605; x_wconf 77' lang='lat'>1255.</span> 
     </span>
    </p>
   </div>
   <div class='ocr_carea' id='block_1_14' title="bbox 1326 1639 2339 1723">
    <p class='ocr_par' dir='ltr' id='par_1_14' title="bbox 1326 1639 2339 1723">
     <span class='ocr_line' id='line_1_69' title="bbox 1362 1639 2338 1677; baseline -0.002 -9"><span class='ocrx_word' id='word_1_461' title='bbox 1362 1641 1505 1677; x_wconf 85' lang='lat' dir='ltr'>Episcopo</span> <span class='ocrx_word' id='word_1_462' title='bbox 1524 1640 1680 1667; x_wconf 82' lang='lat' dir='ltr'>Biterrensi</span> <span class='ocrx_word' id='word_1_463' title='bbox 1699 1641 1827 1674; x_wconf 80' lang='lat' dir='ltr'>mandat,</span> <span class='ocrx_word' id='word_1_464' title='bbox 1845 1644 1874 1666; x_wconf 91' lang='lat' dir='ltr'>ut</span> <span class='ocrx_word' id='word_1_465' title='bbox 1895 1640 1988 1667; x_wconf 82' lang='lat' dir='ltr'>eidem</span> <span class='ocrx_word' id='word_1_466' title='bbox 2011 1640 2106 1666; x_wconf 82' lang='lat' dir='ltr'>abbati</span> <span class='ocrx_word' id='word_1_467' title='bbox 2127 1639 2295 1666; x_wconf 83' lang='lat' dir='ltr'>monasterii</span> <span class='ocrx_word' id='word_1_468' title='bbox 2311 1646 2338 1666; x_wconf 84' lang='lat' dir='ltr'>s.</span> 
     </span>
     <span class='ocr_line' id='line_1_70' title="bbox 1326 1686 2339 1723; baseline -0.002 -7"><span class='ocrx_word' id='word_1_469' title='bbox 1326 1689 1441 1716; x_wconf 86' lang='lat' dir='ltr'>Martini</span> <span class='ocrx_word' id='word_1_470' title='bbox 1458 1689 1669 1723; x_wconf 82' lang='lat' dir='ltr'>Canigonensis</span> <span class='ocrx_word' id='word_1_471' title='bbox 1685 1697 1792 1716; x_wconf 90' lang='lat' dir='ltr'>munus</span> <span class='ocrx_word' id='word_1_472' title='bbox 1805 1689 2017 1716; x_wconf 77' lang='lat' dir='ltr'>benedictionis</span> <span class='ocrx_word' id='word_1_473' title='bbox 2029 1687 2186 1723; x_wconf 84' lang='lat' dir='ltr'>impendat.</span> <span class='ocrx_word' id='word_1_474' title='bbox 2199 1687 2282 1722; x_wconf 65' lang='lat' dir='ltr'>(Rau.</span> <span class='ocrx_word' id='word_1_475' title='bbox 2293 1686 2339 1721; x_wconf 74' lang='lat'>24,</span> 
     </span>
    </p>
   </div>
   <div class='ocr_carea' id='block_1_15' title="bbox 1326 1738 1676 1770">
    <p class='ocr_par' dir='ltr' id='par_1_15' title="bbox 1326 1738 1676 1770">
     <span class='ocr_line' id='line_1_71' title="bbox 1326 1738 1676 1770; baseline -0.003 -5"><span class='ocrx_word' id='word_1_476' title='bbox 1326 1738 1344 1765; x_wconf 84' lang='lat' dir='ltr'>f.</span> <span class='ocrx_word' id='word_1_477' title='bbox 1364 1738 1423 1770; x_wconf 71' lang='lat'>¹⁵26,</span> <span class='ocrx_word' id='word_1_478' title='bbox 1439 1747 1506 1766; x_wconf 87' lang='lat' dir='ltr'>ann.</span> <span class='ocrx_word' id='word_1_479' title='bbox 1523 1738 1561 1770; x_wconf 87' lang='grc' dir='ltr'>ΙΙ,</span> <span class='ocrx_word' id='word_1_480' title='bbox 1578 1746 1603 1765; x_wconf 90' lang='lat' dir='ltr'>c.</span> <span class='ocrx_word' id='word_1_481' title='bbox 1623 1738 1676 1768; x_wconf 65' lang='lat' dir='ltr'>l‘l.)</span> 
     </span>
    </p>
   </div>
   <div class='ocr_carea' id='block_1_16' title="bbox 1326 1837 2338 1930">
    <p class='ocr_par' dir='ltr' id='par_1_16' title="bbox 1326 1837 2338 1930">
     <span class='ocr_line' id='line_1_72' title="bbox 1369 1837 2338 1877; baseline 0 -11"><span class='ocrx_word' id='word_1_482' title='bbox 1369 1852 1381 1866; x_wconf 89' lang='lat'>«</span> <span class='ocrx_word' id='word_1_483' title='bbox 1402 1840 1545 1877; x_wconf 80' lang='lat' dir='ltr'>Episcopo</span> <span class='ocrx_word' id='word_1_484' title='bbox 1564 1840 1743 1868; x_wconf 77' lang='lat' dir='ltr'>Biterrensi.</span> <span class='ocrx_word' id='word_1_485' title='bbox 1769 1838 1971 1868; x_wconf 88' lang='lat' dir='ltr'>Monasterio</span> <span class='ocrx_word' id='word_1_486' title='bbox 1994 1837 2102 1868; x_wconf 87' lang='lat' dir='ltr'>sancti</span> <span class='ocrx_word' id='word_1_487' title='bbox 2127 1837 2264 1868; x_wconf 86' lang='lat' dir='ltr'>Martini</span> <span class='ocrx_word' id='word_1_488' title='bbox 2287 1854 2338 1866; x_wconf 91' lang='lat'>—.</span> 
     </span>
     <span class='ocr_line' id='line_1_73' title="bbox 1326 1894 1616 1930; baseline -0.007 -8"><span class='ocrx_word' id='word_1_489' title='bbox 1326 1894 1398 1922; x_wconf 87' lang='lat' dir='ltr'>Dat.</span> <span class='ocrx_word' id='word_1_490' title='bbox 1417 1896 1453 1922; x_wconf 86' lang='lat' dir='ltr'>ut</span> <span class='ocrx_word' id='word_1_491' title='bbox 1469 1901 1581 1930; x_wconf 85' lang='lat' dir='ltr'>supra.</span> <span class='ocrx_word' id='word_1_492' title='bbox 1604 1904 1616 1918; x_wconf 87' lang='lat'>»</span> 
     </span>
    </p>
   </div>
   <div class='ocr_carea' id='block_1_17' title="bbox 1400 2076 1518 2105">
    <p class='ocr_par' dir='ltr' id='par_1_17' title="bbox 1400 2076 1518 2105">
     <span class='ocr_line' id='line_1_74' title="bbox 1400 2076 1518 2105; baseline 0 -1"><span class='ocrx_word' id='word_1_493' title='bbox 1400 2076 1518 2105; x_wconf 71' lang='lat'>1019</span> 
     </span>
    </p>
   </div>
   <div class='ocr_carea' id='block_1_18' title="bbox 1327 2133 2344 2363">
    <p class='ocr_par' dir='ltr' id='par_1_18' title="bbox 1327 2133 2344 2363">
     <span class='ocr_line' id='line_1_75' title="bbox 1363 2133 2342 2170; baseline -0.004 -6"><span class='ocrx_word' id='word_1_494' title='bbox 1363 2137 1486 2164; x_wconf 76' lang='lat' dir='ltr'>Radult‘o</span> <span class='ocrx_word' id='word_1_495' title='bbox 1507 2137 1542 2163; x_wconf 85' lang='lat' dir='ltr'>de</span> <span class='ocrx_word' id='word_1_496' title='bbox 1566 2136 1710 2167; x_wconf 84' lang='lat' dir='ltr'>Mortone‚</span> <span class='ocrx_word' id='word_1_497' title='bbox 1729 2135 1832 2161; x_wconf 79' lang='lat' dir='ltr'>rectori</span> <span class='ocrx_word' id='word_1_498' title='bbox 1856 2135 1998 2161; x_wconf 83' lang='lat' dir='ltr'>ecclcsiae</span> <span class='ocrx_word' id='word_1_499' title='bbox 2021 2134 2055 2160; x_wconf 87' lang='lat' dir='ltr'>de</span> <span class='ocrx_word' id='word_1_500' title='bbox 2072 2133 2209 2170; x_wconf 83' lang='lat' dir='ltr'>Bunesby</span> <span class='ocrx_word' id='word_1_501' title='bbox 2227 2134 2342 2161; x_wconf 88' lang='lat' dir='ltr'>Lincol-</span> 
     </span>
     <span class='ocr_line' id='line_1_76' title="bbox 1329 2181 2343 2220; baseline -0.004 -8"><span class='ocrx_word' id='word_1_502' title='bbox 1329 2185 1447 2218; x_wconf 81' lang='lat' dir='ltr'>niensis,</span> <span class='ocrx_word' id='word_1_503' title='bbox 1464 2185 1622 2220; x_wconf 83' lang='lat' dir='ltr'>dispensat,</span> <span class='ocrx_word' id='word_1_504' title='bbox 1638 2187 1677 2217; x_wconf 81' lang='lat' dir='ltr'>ut,</span> <span class='ocrx_word' id='word_1_505' title='bbox 1691 2187 1802 2218; x_wconf 83' lang='lat' dir='ltr'>praeter</span> <span class='ocrx_word' id='word_1_506' title='bbox 1813 2183 1965 2209; x_wconf 81' lang='lat' dir='ltr'>ecclesiam</span> <span class='ocrx_word' id='word_1_507' title='bbox 1983 2181 2017 2208; x_wconf 83' lang='lat' dir='ltr'>de</span> <span class='ocrx_word' id='word_1_508' title='bbox 2036 2181 2158 2217; x_wconf 79' lang='lat' dir='ltr'>Duneby</span> <span class='ocrx_word' id='word_1_509' title='bbox 2169 2190 2267 2209; x_wconf 83' lang='lat' dir='ltr'>curam</span> <span class='ocrx_word' id='word_1_510' title='bbox 2278 2182 2343 2209; x_wconf 80' lang='lat' dir='ltr'>ani-</span> 
     </span>
     <span class='ocr_line' id='line_1_77' title="bbox 1329 2231 2341 2266; baseline -0.003 -6"><span class='ocrx_word' id='word_1_511' title='bbox 1329 2242 1438 2261; x_wconf 86' lang='lat' dir='ltr'>marum</span> <span class='ocrx_word' id='word_1_512' title='bbox 1461 2234 1627 2266; x_wconf 78' lang='lat' dir='ltr'>habentem,</span> <span class='ocrx_word' id='word_1_513' title='bbox 1652 2233 1769 2258; x_wconf 89' lang='lat' dir='ltr'>unicum</span> <span class='ocrx_word' id='word_1_514' title='bbox 1794 2231 1870 2257; x_wconf 86' lang='lat' dir='ltr'>allud</span> <span class='ocrx_word' id='word_1_515' title='bbox 1895 2231 2065 2257; x_wconf 84' lang='lat' dir='ltr'>beneficium</span> <span class='ocrx_word' id='word_1_516' title='bbox 2092 2231 2341 2265; x_wconf 80' lang='lat' dir='ltr'>ecclesiasticum,</span> 
     </span>
     <span class='ocr_line' id='line_1_78' title="bbox 1327 2279 2344 2314; baseline -0.005 -4"><span class='ocrx_word' id='word_1_517' title='bbox 1327 2283 1413 2310; x_wconf 86' lang='lat' dir='ltr'>etiam</span> <span class='ocrx_word' id='word_1_518' title='bbox 1429 2282 1454 2309; x_wconf 90' lang='lat' dir='ltr'>si</span> <span class='ocrx_word' id='word_1_519' title='bbox 1470 2282 1495 2308; x_wconf 87' lang='lat' dir='ltr'>ei</span> <span class='ocrx_word' id='word_1_520' title='bbox 1512 2282 1616 2308; x_wconf 83' lang='lat' dir='ltr'>similis</span> <span class='ocrx_word' id='word_1_521' title='bbox 1632 2289 1700 2307; x_wconf 85' lang='lat' dir='ltr'>cura</span> <span class='ocrx_word' id='word_1_522' title='bbox 1721 2280 1883 2312; x_wconf 82' lang='lat' dir='ltr'>immineat,</span> <span class='ocrx_word' id='word_1_523' title='bbox 1902 2280 1990 2306; x_wconf 74' lang='lat' dir='ltr'>libore</span> <span class='ocrx_word' id='word_1_524' title='bbox 2006 2280 2134 2314; x_wconf 81' lang='lat' dir='ltr'>recipere</span> <span class='ocrx_word' id='word_1_525' title='bbox 2151 2287 2185 2306; x_wconf 82' lang='lat' dir='ltr'>ac</span> <span class='ocrx_word' id='word_1_526' title='bbox 2201 2279 2277 2306; x_wconf 88' lang='lat' dir='ltr'>licite</span> <span class='ocrx_word' id='word_1_527' title='bbox 2295 2287 2344 2306; x_wconf 84' lang='lat' dir='ltr'>re·</span> 
     </span>
     <span class='ocr_line' id='line_1_79' title="bbox 1328 2327 2082 2363; baseline -0.005 -5"><span class='ocrx_word' id='word_1_528' title='bbox 1328 2332 1418 2358; x_wconf 85' lang='lat' dir='ltr'>tinere</span> <span class='ocrx_word' id='word_1_529' title='bbox 1435 2331 1536 2357; x_wconf 78' lang='lat' dir='ltr'>valeat.</span> <span class='ocrx_word' id='word_1_530' title='bbox 1556 2329 1638 2362; x_wconf 71' lang='lat' dir='ltr'>(nm.</span> <span class='ocrx_word' id='word_1_531' title='bbox 1654 2329 1699 2363; x_wconf 63' lang='lat'>24,</span> <span class='ocrx_word' id='word_1_532' title='bbox 1716 2329 1734 2355; x_wconf 82' lang='lat' dir='ltr'>f.</span> <span class='ocrx_word' id='word_1_533' title='bbox 1756 2328 1813 2362; x_wconf 73' lang='lat'>1²26,</span> <span class='ocrx_word' id='word_1_534' title='bbox 1831 2337 1898 2354; x_wconf 86' lang='lat' dir='ltr'>ann.</span> <span class='ocrx_word' id='word_1_535' title='bbox 1915 2327 1952 2359; x_wconf 89' lang='grc' dir='ltr'>ΙΙ,</span> <span class='ocrx_word' id='word_1_536' title='bbox 1969 2336 1995 2355; x_wconf 69' lang='grc' dir='ltr'>α,</span> <span class='ocrx_word' id='word_1_537' title='bbox 2016 2328 2082 2360; x_wconf 71' lang='lat'><strong>12².)</strong></span> 
     </span>
    </p>
   </div>
   <div class='ocr_carea' id='block_1_19' title="bbox 1900 2073 2268 2108">
    <p class='ocr_par' dir='ltr' id='par_1_19' title="bbox 1900 2073 2268 2108">
     <span class='ocr_line' id='line_1_80' title="bbox 1900 2073 2268 2108; baseline 0.003 -9"><span class='ocrx_word' id='word_1_538' title='bbox 1900 2073 2014 2105; x_wconf 74' lang='lat' dir='ltr'>Latran,</span> <span class='ocrx_word' id='word_1_539' title='bbox 2032 2073 2046 2100; x_wconf 67' lang='lat' dir='ltr'>Q</span> <span class='ocrx_word' id='word_1_540' title='bbox 2060 2074 2172 2108; x_wconf 79' lang='lat' dir='ltr'>janvIer</span> <span class='ocrx_word' id='word_1_541' title='bbox 2191 2073 2268 2100; x_wconf 77' lang='lat'>1‘255.</span> 
     </span>
    </p>
   </div>
   <div class='ocr_carea' id='block_1_20' title="bbox 1328 2428 2342 2571">
    <p class='ocr_par' dir='ltr' id='par_1_20' title="bbox 1328 2428 2342 2571">
     <span class='ocr_line' id='line_1_81' title="bbox 1371 2428 2341 2468; baseline -0.002 -9"><span class='ocrx_word' id='word_1_542' title='bbox 1371 2444 1384 2459; x_wconf 72' lang='lat' dir='ltr'>t(</span> <span class='ocrx_word' id='word_1_543' title='bbox 1402 2432 1529 2468; x_wconf 79' lang='lat' dir='ltr'>Radulfo</span> <span class='ocrx_word' id='word_1_544' title='bbox 1545 2431 1578 2459; x_wconf 82' lang='lat' dir='ltr'>dc</span> <span class='ocrx_word' id='word_1_545' title='bbox 1594 2432 1736 2465; x_wconf 76' lang='lat' dir='ltr'>Mor-tone,</span> <span class='ocrx_word' id='word_1_546' title='bbox 1756 2431 1868 2459; x_wconf 76' lang='lat' dir='ltr'>rectori</span> <span class='ocrx_word' id='word_1_547' title='bbox 1884 2428 2001 2459; x_wconf 84' lang='lat' dir='ltr'>ecclesie</span> <span class='ocrx_word' id='word_1_548' title='bbox 2019 2429 2052 2458; x_wconf 79' lang='lat' dir='ltr'>de</span> <span class='ocrx_word' id='word_1_549' title='bbox 2068 2429 2204 2466; x_wconf 84' lang='lat' dir='ltr'>Banesby</span> <span class='ocrx_word' id='word_1_550' title='bbox 2219 2428 2341 2458; x_wconf 68' lang='grc' dir='ltr'><em>[Ληουῖ-</em></span> 
     </span>
     <span class='ocr_line' id='line_1_82' title="bbox 1328 2480 2342 2521; baseline -0.003 -8"><span class='ocrx_word' id='word_1_551' title='bbox 1328 2485 1456 2514; x_wconf 79' lang='lat' dir='ltr'>niensis.</span> <span class='ocrx_word' id='word_1_552' title='bbox 1475 2483 1546 2513; x_wconf 73' lang='lat' dir='ltr'>Etsi</span> <span class='ocrx_word' id='word_1_553' title='bbox 1568 2488 1699 2521; x_wconf 89' lang='lat' dir='ltr'>propter</span> <span class='ocrx_word' id='word_1_554' title='bbox 1719 2500 1766 2511; x_wconf 88' lang='lat'>—.</span> <span class='ocrx_word' id='word_1_555' title='bbox 1786 2483 1860 2512; x_wconf 84' lang='lat' dir='ltr'>Dat.</span> <span class='ocrx_word' id='word_1_556' title='bbox 1883 2481 2056 2517; x_wconf 84' lang='lat' dir='ltr'>Laterani,</span> <span class='ocrx_word' id='word_1_557' title='bbox 2078 2482 2146 2511; x_wconf 93' lang='lat' dir='ltr'>IIII</span> <span class='ocrx_word' id='word_1_558' title='bbox 2165 2489 2269 2511; x_wconf 82' lang='lat' dir='ltr'>nonas</span> <span class='ocrx_word' id='word_1_559' title='bbox 2287 2480 2342 2520; x_wconf 80' lang='lat' dir='ltr'>ja-</span> 
     </span>
     <span class='ocr_line' id='line_1_83' title="bbox 1329 2535 1766 2571; baseline -0.007 -5"><span class='ocrx_word' id='word_1_560' title='bbox 1329 2536 1451 2571; x_wconf 88' lang='lat' dir='ltr'>nuarii,</span> <span class='ocrx_word' id='word_1_561' title='bbox 1470 2544 1556 2565; x_wconf 92' lang='lat' dir='ltr'>anno</span> <span class='ocrx_word' id='word_1_562' title='bbox 1574 2535 1730 2564; x_wconf 87' lang='lat' dir='ltr'>secundo.</span> <span class='ocrx_word' id='word_1_563' title='bbox 1753 2546 1766 2561; x_wconf 91' lang='lat'>»</span> 
     </span>
    </p>
   </div>
   <div class='ocr_carea' id='block_1_21' title="bbox 1403 2719 1526 2747">
    <p class='ocr_par' dir='ltr' id='par_1_21' title="bbox 1403 2719 1526 2747">
     <span class='ocr_line' id='line_1_84' title="bbox 1403 2719 1526 2747; baseline 0 0"><span class='ocrx_word' id='word_1_564' title='bbox 1403 2719 1526 2747; x_wconf 70' lang='lat'>1020</span> 
     </span>
    </p>
   </div>
   <div class='ocr_carea' id='block_1_22' title="bbox 1328 2775 2340 2960">
    <p class='ocr_par' dir='ltr' id='par_1_22' title="bbox 1328 2775 2340 2960">
     <span class='ocr_line' id='line_1_85' title="bbox 1365 2775 2340 2816; baseline -0.004 -9"><span class='ocrx_word' id='word_1_565' title='bbox 1365 2781 1540 2816; x_wconf 83' lang='lat' dir='ltr'>Episcopum</span> <span class='ocrx_word' id='word_1_566' title='bbox 1568 2781 1802 2807; x_wconf 81' lang='lat' dir='ltr'>Lemovicensem</span> <span class='ocrx_word' id='word_1_567' title='bbox 1826 2783 1921 2814; x_wconf 82' lang='lat' dir='ltr'>rogat,</span> <span class='ocrx_word' id='word_1_568' title='bbox 1941 2782 1971 2806; x_wconf 83' lang='lat' dir='ltr'>ut</span> <span class='ocrx_word' id='word_1_569' title='bbox 1995 2779 2132 2812; x_wconf 82' lang='lat' dir='ltr'>magistro</span> <span class='ocrx_word' id='word_1_570' title='bbox 2158 2777 2242 2803; x_wconf 73' lang='lat' dir='ltr'>Petro</span> <span class='ocrx_word' id='word_1_571' title='bbox 2263 2775 2340 2804; x_wconf 86' lang='lat' dir='ltr'>dicto</span> 
     </span>
     <span class='ocr_line' id='line_1_86' title="bbox 1333 2824 2340 2862; baseline -0.005 -7"><span class='ocrx_word' id='word_1_572' title='bbox 1333 2830 1457 2860; x_wconf 83' lang='lat' dir='ltr'>Arnaut,</span> <span class='ocrx_word' id='word_1_573' title='bbox 1475 2830 1579 2855; x_wconf 77' lang='lat' dir='ltr'>clerico</span> <span class='ocrx_word' id='word_1_574' title='bbox 1593 2838 1663 2856; x_wconf 87' lang='lat' dir='ltr'>suae</span> <span class='ocrx_word' id='word_1_575' title='bbox 1680 2830 1821 2861; x_wconf 81' lang='lat' dir='ltr'>diocesis,</span> <span class='ocrx_word' id='word_1_576' title='bbox 1839 2829 1873 2854; x_wconf 89' lang='lat' dir='ltr'>de</span> <span class='ocrx_word' id='word_1_577' title='bbox 1894 2828 1989 2862; x_wconf 86' lang='lat' dir='ltr'>aliquo</span> <span class='ocrx_word' id='word_1_578' title='bbox 2009 2826 2149 2852; x_wconf 82' lang='lat' dir='ltr'>beneficio</span> <span class='ocrx_word' id='word_1_579' title='bbox 2165 2824 2340 2859; x_wconf 79' lang='lat' dir='ltr'>competenti</span> 
     </span>
     <span class='ocr_line' id='line_1_87' title="bbox 1328 2871 2339 2911; baseline -0.005 -8"><span class='ocrx_word' id='word_1_580' title='bbox 1328 2877 1363 2903; x_wconf 81' lang='lat' dir='ltr'>ad</span> <span class='ocrx_word' id='word_1_581' title='bbox 1381 2879 1593 2911; x_wconf 80' lang='lat' dir='ltr'>cujuscumque</span> <span class='ocrx_word' id='word_1_582' title='bbox 1609 2878 1790 2904; x_wconf 86' lang='lat' dir='ltr'>collationem</span> <span class='ocrx_word' id='word_1_583' title='bbox 1808 2880 1957 2911; x_wconf 83' lang='lat' dir='ltr'>spectante</span> <span class='ocrx_word' id='word_1_584' title='bbox 1974 2875 2001 2901; x_wconf 88' lang='lat' dir='ltr'>in</span> <span class='ocrx_word' id='word_1_585' title='bbox 2019 2883 2072 2900; x_wconf 78' lang='lat' dir='ltr'>sua</span> <span class='ocrx_word' id='word_1_586' title='bbox 2088 2875 2203 2900; x_wconf 79' lang='lat' dir='ltr'>civitate</span> <span class='ocrx_word' id='word_1_587' title='bbox 2219 2872 2262 2898; x_wconf 83' lang='lat' dir='ltr'>vel</span> <span class='ocrx_word' id='word_1_588' title='bbox 2277 2871 2339 2898; x_wconf 83' lang='lat' dir='ltr'>dio·</span> 
     </span>
     <span class='ocr_line' id='line_1_88' title="bbox 1329 2920 2340 2960; baseline -0.006 -8"><span class='ocrx_word' id='word_1_589' title='bbox 1329 2925 1388 2952; x_wconf 88' lang='lat' dir='ltr'>cesi</span> <span class='ocrx_word' id='word_1_590' title='bbox 1413 2925 1559 2960; x_wconf 85' lang='lat' dir='ltr'>provideat</span> <span class='ocrx_word' id='word_1_591' title='bbox 1580 2926 1622 2952; x_wconf 85' lang='lat' dir='ltr'>vel</span> <span class='ocrx_word' id='word_1_592' title='bbox 1644 2926 1729 2952; x_wconf 79' lang='lat' dir='ltr'>saciat</span> <span class='ocrx_word' id='word_1_593' title='bbox 1752 2924 1907 2960; x_wconf 81' lang='lat' dir='ltr'>provideri,</span> <span class='ocrx_word' id='word_1_594' title='bbox 1932 2923 2042 2950; x_wconf 81' lang='lat' dir='ltr'>faciens</span> <span class='ocrx_word' id='word_1_595' title='bbox 2057 2922 2154 2957; x_wconf 86' lang='lat' dir='ltr'>ipsum</span> <span class='ocrx_word' id='word_1_596' title='bbox 2178 2921 2295 2947; x_wconf 84' lang='lat' dir='ltr'>Petrum</span> <span class='ocrx_word' id='word_1_597' title='bbox 2311 2920 2340 2947; x_wconf 88' lang='lat' dir='ltr'>in</span> 
     </span>
    </p>
   </div>
   <div class='ocr_carea' id='block_1_23' title="bbox 1841 2716 2268 2750">
    <p class='ocr_par' dir='ltr' id='par_1_23' title="bbox 1841 2716 2268 2750">
     <span class='ocr_line' id='line_1_89' title="bbox 1841 2716 2268 2750; baseline -0.007 -5"><span class='ocrx_word' id='word_1_598' title='bbox 1841 2719 1954 2750; x_wconf 81' lang='lat' dir='ltr'>Latran,</span> <span class='ocrx_word' id='word_1_599' title='bbox 1970 2718 2005 2744; x_wconf 78' lang='lat'>‘20</span> <span class='ocrx_word' id='word_1_600' title='bbox 2020 2717 2172 2744; x_wconf 81' lang='lat' dir='ltr'>decembre</span> <span class='ocrx_word' id='word_1_601' title='bbox 2192 2716 2268 2743; x_wconf 70' lang='lat'>1255.</span> 
     </span>
    </p>
   </div>
   <div class='ocr_carea' id='block_1_24' title="bbox 2433 0 2498 3325">
    <p class='ocr_par' dir='ltr' id='par_1_24' title="bbox 2433 0 2498 3325">
     <span class='ocr_line' id='line_1_90' title="bbox 2433 0 2498 3325; baseline 0 0"><span class='ocrx_word' id='word_1_602' title='bbox 2433 0 2498 3325; x_wconf 95' lang='lat' dir='ltr'> </span> 
     </span>
    </p>
   </div>
  </div>
 </body>
</html>
