2456 3585
939 367 1163 406 PREMIERE
1184 368 1343 406 ANNEE.
2151 379 2186 409 15

90 445 326 475 confirmamus
343 453 379 474 ac
394 444 559 482 presentis
576 443 690 482 scripti
705 443 827 481 pagina
843 442 1099 472 communimus.

93 498 187 528 Nulli
200 501 260 528 etc.
276 501 386 527 nostre
399 497 623 527 concessionis
637 500 667 526 et
679 495 940 526 confirmationis
952 499 1012 525 etc.
1025 496 1098 525 Dat.

92 551 244 589 Neapoli,
262 552 312 581 III
328 551 403 580 idus
413 550 575 589 januarii,
594 558 680 579 anno
695 549 813 588 primo.
833 561 846 575 »

163 736 223 764 54
640 732 757 767 Naples,
777 733 807 759 18
819 732 932 766 janvier
950 732 1027 759 1255.

130 796 235 824 Abbati
258 796 397 822 secularis
419 795 558 821 ecclesiae
579 803 603 821 s.
625 794 730 821 Mariae
755 794 902 820 Alatrinae
924 794 1052 826 mandat,
1071 797 1101 819 ut

93 845 230 880 impediat
246 853 280 871 ne
295 844 450 877 Anagnina
464 844 587 870 ecclesia
604 843 758 877 procedere
771 846 901 868 teneatur
912 843 945 867 ad
960 843 1100 876 provisio-

95 902 159 920 nem
182 897 232 920 aut
255 892 447 927 receptionem
470 899 730 926 quorumcumque.
748 891 832 924 (Rau.
853 891 902 924 ⁶2¹1,
919 899 944 917 c.
962 890 1010 923 46,
1027 891 1045 916 f.
1063 891 1101 923 7.)

136 1007 149 1022 «
166 1017 198 1030 ..‚
215 995 315 1023 abbati
325 995 472 1023 secularis
487 993 603 1022 ecclesie
618 997 719 1021 sancte
732 993 827 1021 Marte
838 993 987 1021 Alam-ine.
1004 991 1099 1025 Cum,

93 1048 180 1078 sicut
194 1047 340 1077 veridica
360 1046 520 1075 relatione
542 1045 744 1083 accepimus,
765 1045 943 1083 Anagnina
962 1045 1102 1074 ecclesia

93 1100 133 1130 de
150 1100 304 1129 mandato
319 1099 414 1129 Sedis
432 1097 610 1136 apostolice
631 1098 665 1127 in
683 1098 870 1136 receptione
890 1098 1036 1136 plurium
1059 1098 1102 1127 sit

93 1157 225 1190 gravata
245 1156 274 1182 et
298 1151 451 1181 nonnulli
473 1151 514 1181 ad
535 1151 682 1180 diversos
703 1151 913 1180 executiones
932 1160 1030 1188 super
1051 1160 1103 1180 re-

93 1205 243 1244 ceptione
260 1209 289 1234 et
306 1204 495 1242 provisione
509 1213 569 1233 sua
584 1203 619 1232 in
635 1203 708 1241 ipsa
724 1203 864 1233 ecclesia
882 1203 1034 1232 dicautur
1047 1202 1103 1231 lit-

92 1263 181 1288 teras
203 1257 399 1296 apostolicas
422 1257 630 1295 impetrasse,
653 1265 712 1286 nos
732 1256 840 1286 felicis
865 1256 1104 1286 recordationis

94 1313 121 1342 Ι.
147 1320 230 1350 pape
256 1310 501 1349 predecessoris
533 1309 638 1339 nostri
666 1309 818 1347 vestigiis
848 1309 1041 1338 inherentes
1073 1312 1104 1338 et

94 1364 242 1403 ejusdem
258 1363 396 1393 ecclesie
412 1363 447 1392 in
462 1362 524 1392 hac
538 1366 631 1401 parte
643 1362 826 1400 dispendiis
838 1371 875 1391 ac
887 1370 1105 1400 personarum

94 1417 201 1456 ipsius
218 1416 466 1454 gravaminibus
479 1415 613 1445 obviare
627 1415 792 1446 volentes.
810 1415 1006 1445 mandamus
1023 1424 1105 1453 qua-

94 1470 186 1500 tinus
209 1469 351 1507 singulis
373 1469 413 1498 ad
433 1478 514 1507 quos
535 1468 726 1507 hujusmodi
745 1468 854 1497 littere
875 1472 952 1497 sunt
972 1468 1104 1497 obtente

95 1522 291 1552 auctoritate
307 1525 419 1551 nostra
435 1530 492 1558 per
502 1524 534 1551 te
548 1520 599 1550 vel
612 1529 670 1558 per
683 1520 786 1549 alium
799 1520 983 1549 districtius
994 1520 1103 1559 injun-

95 1582 164 1612 gas,
177 1577 213 1603 ut
223 1582 281 1611 per
292 1572 425 1603 easdem
434 1571 562 1601 litteras
574 1571 811 1610 cujuscumque
825 1571 949 1601 tenoris
961 1572 1104 1601 existant

94 1635 193 1664 super
212 1625 399 1663 receptione
422 1624 473 1654 vel
492 1624 681 1662 provisione
702 1633 986 1663 quorumcumque
1008 1624 1103 1654 dece-

92 1683 162 1708 tero
178 1678 388 1717 aliquatenus
405 1681 519 1707 contra
535 1677 673 1707 eandem
690 1676 865 1707 ecclesiam
877 1676 929 1707 vel
943 1685 1102 1715 personas

89 1731 197 1769 ipsius
213 1730 388 1769 procedere
405 1739 471 1760 non
486 1733 679 1768 presumant
696 1733 727 1759 et
740 1729 980 1759 nichilominus
994 1730 1102 1759 decer-

90 1793 150 1814 nas
173 1784 305 1813 irritum
329 1788 359 1813 et
380 1784 491 1817 inane,
515 1783 544 1813 si
565 1792 659 1813 secus
680 1783 810 1812 duxerit
830 1782 1100 1820 presumendum.

89 1835 368 1866 Contradictores.
392 1836 466 1864 Dat.
488 1835 643 1873 Neapoli,
663 1835 725 1865 XV
744 1834 904 1864 kalendas
926 1835 1100 1870 februarii,

90 1897 178 1918 anno
194 1888 311 1926 primo.
327 1899 340 1914 ›>

164 2075 222 2103 55
640 2073 757 2108 Naples,
778 2072 809 2099 13
822 2073 935 2107 janvier
953 2073 1030 2100 1255.

128 2136 273 2171 Episcopo
288 2135 319 2162 S.
336 2135 470 2162 Andreae
485 2139 514 2162 et
533 2135 630 2162 abbati
649 2135 683 2162 de
704 2135 892 2167 Geddewrth,
910 2136 1103 2171 Glasguensis

93 2185 230 2219 diocesis,
243 2184 367 2217 mandat,
380 2188 411 2211 ut
427 2185 580 2211 universos
595 2188 753 2219 proventus
769 2188 796 2210 et
813 2184 942 2211 redditus
959 2189 1104 2212 monaste-

95 2233 130 2260 rii
145 2233 180 2260 de
196 2232 338 2267 Driburg,
356 2232 652 2260 Praemonstratensis
667 2233 792 2264 ordinis,
809 2232 839 2259 S.
858 2233 991 2260 Andreae
1007 2233 1104 2260 dioce-

95 2283 152 2313 sis,
168 2281 337 2316 colligentes
352 2284 380 2307 et
395 2289 523 2315 congrua
542 2281 577 2307 de
597 2281 653 2307 illis
668 2281 761 2308 abbati
778 2284 807 2308 et
823 2281 967 2316 aliquibus
983 2282 1018 2308 de
1040 2283 1104 2316 ipso

94 2333 239 2356 conventu
262 2330 473 2356 sustentatione
497 2333 626 2361 servata,
654 2329 772 2364 reliquis
798 2330 946 2357 canonicis
971 2331 1102 2364 ejusdem

93 2381 255 2404 conventus
271 2378 299 2404 in
315 2378 378 2404 aliis
395 2378 466 2404 locis
483 2379 600 2412 praefati
617 2377 726 2405 ordinis
746 2378 861 2405 interim
883 2379 1042 2410 collocatis,
1060 2382 1105 2405 to-

94 2428 155 2452 tum
172 2425 320 2452 residuum
338 2430 530 2460 proventuum
546 2427 574 2453 in
591 2426 766 2453 solutionem
778 2426 939 2453 debitorum
957 2427 1024 2453 dicti
1041 2435 1105 2454 mo·-

93 2474 211 2501 nasterii
229 2474 339 2508 integre
361 2478 540 2502 convertant.
565 2474 646 2507 (Rae.
670 2475 719 2507 24,
744 2483 769 2502 c.
788 2475 835 2507 47,
853 2476 871 2502 f.
889 2476 934 2507 7v;
958 2475 1105 2503 Pormnsr

96 2522 205 2555 15637.)

135 2637 149 2651 α
168 2647 201 2660 ..,
221 2625 354 2661 episcopo
368 2624 475 2654 Sancti
493 2625 624 2660 Andrce,
647 2631 671 2654 et
693 2648 726 2660 ..‚
750 2626 899 2655 abbatiale
917 2626 1102 2661 Grddewrch,

95 2678 287 2715 Glasyuensis
304 2677 438 2706 diocesis.
458 2677 556 2707 Lecta
569 2686 679 2707 coram
695 2678 790 2708 nobis
803 2695 852 2707 —.
865 2679 939 2708 Dat.
952 2678 1103 2717 Neapoli,

92 2730 205 2760 idibus
216 2729 374 2769 januarii,
394 2738 480 2760 anno
495 2730 612 2768 primo.
631 2743 643 2757 n

169 2914 227 2943 5ss
644 2914 760 2949 Naples,
780 2915 936 2950 17janv101·
956 2917 1032 2944 1255.

136 2975 272 3010 Magistro
288 2974 450 3006 Willelmo‚
468 2976 571 3001 rectori
591 2976 713 3002 ecclesie
729 2976 763 3002 de
780 2976 984 3010 Bastelesden,
1003 2980 1106 3007 Sares-

100 3024 235 3050 hiriensis
258 3024 397 3054 diocesis,
421 3024 468 3050 cui
488 3025 549 3057 jam
572 3023 758 3051 Innocentius
783 3035 853 3060 papa
876 3027 1052 3061 indulgebat,
1077 3033 1106 3055 ut

1184 445 1295 475 praetor
1315 442 1465 468 ecclesiam
1488 444 1640 477 praefatam
1662 443 1722 469 XX
1745 451 1856 469 marcas
1880 443 2084 478 sterlingorum
2104 445 2187 472 annis

1182 490 1305 523 singulis
1321 490 1461 517 valentem
1479 492 1594 518 unicum
1615 492 1707 518 adhuc
1728 492 1897 518 beneficium
1920 492 2046 527 recipere
2062 493 2184 525 valeret,

1182 537 1256 563 idem
1281 538 1423 571 indulget,
1449 540 1515 573 quia
1539 540 1649 566 litterae
1674 540 1766 574 ipsius
1791 540 1952 566 Innocentii
1971 542 2032 574 jam
2062 542 2187 576 scriptae

1183 591 1274 611 morte
1283 586 1411 619 ejtisdem
1424 587 1624 621 praeveniente
1635 588 1733 614 bullari
1745 588 1861 614 minime
1874 592 2039 623 potuerunt.
2050 590 2133 622 (Rm.
2142 590 2186 622 ⁵24,

1183 642 1207 660 c.
1227 634 1270 665 48,
1287 635 1306 660 t.
1322 635 1370 665 Ἰν.)

1225 747 1237 761 α
1255 736 1398 772 Magistro
1416 737 1577 772 ll'illelmo,
1596 739 1707 766 rectori
1725 739 1842 767 ecclesi?
1864 740 1897 767 cle
1918 740 2111 775 Bastelcsden,
2132 741 2188 769 Sa-

1185 789 1373 817 resto-imm
1395 790 1527 818 diocesis.
1556 790 1626 819 Etsi
1648 794 1779 827 propter
1802 790 2016 820 ambitionem
2040 809 2088 819 -.
2115 792 2187 821 Dat.

1183 839 1339 877 Neapoli,
1357 841 1435 870 XVI
1449 841 1606 871 kalendas
1623 842 1800 873 februarii,
1819 851 1905 872 anno
1920 843 2036 880 primo.
2056 856 2069 870 ›>

1256 1019 1312 1046 57
1732 1019 1849 1053 Naples,
1869 1020 1899 1047 18
1911 1020 2026 1054 janvier
2042 1021 2119 1048 1255.

1222 1079 1377 1114 Dispensat
1392 1083 1422 1106 ut
1434 1079 1671 1106 Bartholomaeus
1683 1080 1823 1107 abhatiam
1838 1082 2003 1108 monasterii
2017 1090 2041 1109 s,
2055 1082 2192 1117 Stephani

1186 1127 1378 1154 Bononiensis
1395 1128 1525 1159 retineat,
1544 1137 1599 1154 non
1617 1129 1749 1155 obstante
1761 1130 1931 1164 scrupulosa
1942 1131 2006 1164 ejus
2018 1131 2193 1157 conscientia

1186 1177 1252 1211 quia
1274 1180 1354 1211 pater
1375 1177 1439 1210 ejus
1463 1178 1542 1211 prius
1563 1185 1722 1204 conversus
1742 1178 1835 1204 suerat
1852 1179 2016 1205 monasterii
2034 1181 2192 1207 memorati.

1185 1225 1267 1259 (Rae.
1284 1225 1327 1259 24,
1345 1234 1371 1253 c.
1389 1226 1431 1256 49,
1449 1226 1467 1251 f.
1486 1226 1537 1257 ἵν.)

1229 1339 1241 1351 «
1266 1327 1488 1361 Bafrtholomeo,
1512 1327 1613 1355 abbati
1635 1328 1817 1356 monasterii
1836 1330 1935 1357 saneta?
1962 1329 2080 1364 Stefani
2098 1330 2195 1358 Bono-

1186 1380 1312 1414 niensis,
1334 1380 1453 1407 ordinis
1467 1381 1567 1408 suncti
1583 1380 1746 1408 Benedicti.
1767 1380 1860 1409 Cum.
1878 1380 1960 1409 sicut
1979 1390 2016 1409 ex
2031 1385 2122 1419 parte
2139 1385 2193 1410 tua

1186 1432 1250 1461 fuit
1272 1432 1476 1470 propositum
1502 1441 1610 1461 coram
1632 1432 1741 1466 nobis,
1766 1433 1967 1462 monasterio
1994 1434 2099 1463 sancti
2123 1434 2195 1463 Ste-

1186 1485 1289 1523 phani
1306 1485 1529 1514 Bononiensis
1546 1485 1675 1514 abbatis
1692 1485 1853 1523 regimine
1870 1486 2038 1515 destituto.
2057 1496 2193 1516 conven-

1187 1542 1239 1568 tus
1269 1538 1417 1576 ejusdem
1448 1542 1478 1567 te
1511 1542 1587 1568 tunc
1615 1538 1720 1576 ipsius
1752 1538 1950 1567 monachum
1977 1539 2011 1567 in
2041 1539 2192 1569 abbatem

1186 1600 1299 1621 eorum
1319 1591 1448 1620 duxerit
1470 1590 1676 1628 eligendum,
1702 1595 1736 1620 tu
1755 1591 1881 1621 hahens
1904 1600 1941 1621 cx
1967 1600 2003 1621 co
2026 1592 2193 1622 conscien-

1184 1643 1266 1673 tiam
1282 1642 1524 1681 scrupulosam,
1543 1643 1630 1681 quod
1645 1643 1722 1673 licet
1742 1644 1907 1682 quondam
1927 1648 2019 1681 pater
2039 1650 2070 1674 et
2089 1648 2194 1674 mater

1185 1696 1234 1725 tui
1250 1700 1409 1734 tanquam
1425 1696 1476 1724 vir
1489 1699 1521 1725 ct
1536 1705 1616 1725 uxor
1632 1696 1770 1725 insimul
1786 1700 1931 1734 tempore
1948 1706 2011 1735 quo
2028 1700 2058 1726 te
2075 1705 2194 1734 genue-

1184 1753 1262 1778 runt
1277 1749 1313 1777 in
1329 1748 1471 1778 seculari
1484 1748 1601 1777 habitu
1617 1748 1743 1778 fuerint
1759 1749 1961 1784 commorati,
1980 1758 2068 1778 nunc
2084 1753 2193 1779 tamen

1185 1811 1203 1830 a
1225 1801 1425 1839 quibusdam
1450 1801 1572 1830 dicitur
1590 1801 1677 1839 quod
1694 1801 1781 1830 idem
1799 1805 1892 1839 pater
1911 1805 1988 1831 tuus
2006 1802 2098 1839 prius
2117 1811 2195 1831 con-

1184 1863 1300 1884 versus
1322 1854 1431 1883 fuerat
1449 1854 1644 1883 monasterii
1666 1854 1851 1889 memorati,
1878 1855 1991 1892 petisti
2014 1855 2074 1884 tihi
2097 1864 2195 1893 super

1184 1907 1246 1936 hoc
1263 1916 1281 1936 a
1300 1906 1396 1936 nobis
1419 1910 1472 1936 tue
1490 1907 1693 1936 conscientie
1715 1907 1892 1945 provideri.
1918 1908 1986 1937 Nos
2003 1907 2106 1945 igitur
2122 1907 2195 1937 lau-

1185 1959 1294 1989 dabile
1308 1959 1537 1989 testimonium
1550 1959 1637 1998 quod
1650 1959 1712 1988 tibi
1728 1960 1765 1989 de
1777 1959 1843 1989 vite
1855 1960 2030 1995 munditia,
2045 1960 2195 1990 honestis

1184 2012 1333 2042 moribus
1358 2012 1552 2050 perhibet-ur
1574 2012 1715 2041 sollicite
1741 2012 1963 2048 attendentes,
1990 2012 2195 2051 presentium

1186 2065 1246 2095 tibi
1270 2065 1464 2094 auctoritate
1487 2065 1698 2094 concedimus
1723 2065 1962 2102 dispensando,
1990 2069 2026 2095 ut
2046 2065 2107 2095 hoc
2129 2074 2194 2095 non

1186 2118 1336 2148 obstante
1356 2117 1524 2147 abhatiam
1540 2117 1620 2146 dicti
1636 2117 1831 2146 monasterii
1848 2117 1888 2146 ad
1908 2126 2007 2156 quam
2030 2117 2195 2147 concordi-

1186 2174 1236 2200 ter
1252 2174 1283 2200 et
1303 2169 1386 2199 alias
1402 2169 1560 2199 canonice
1582 2174 1612 2199 te
1628 2169 1784 2207 proponis
1804 2169 1945 2199 electum
1960 2169 2064 2199 libere
2084 2169 2195 2200 valeas

1186 2223 1342 2253 retinere.
1378 2222 1470 2253 Nulli
1507 2226 1567 2252 etc..
1606 2226 1717 2251 nostre
1753 2222 1978 2251 concessionis
2020 2226 2080 2252 etc.
2120 2223 2193 2252 Dat.

1186 2275 1336 2314 Neapoli,
1354 2276 1415 2306 XV
1430 2275 1589 2305 kalendas
1605 2274 1777 2309 februarii,
1796 2283 1883 2304 anno
1898 2275 2016 2313 primo.
2037 2288 2049 2301 »

1258 2453 1317 2481 58
1736 2451 1851 2486 Naples,
1871 2451 2028 2486 12Janvie1·
2047 2451 2122 2479 1255.

1224 2514 1339 2540 Decano
1363 2512 1556 2539 Londoniensi
1578 2511 1706 2543 mandat,
1733 2516 1775 2543 ut,
1796 2513 1880 2546 juxta
1904 2513 2012 2539 litteras
2033 2512 2194 2540 Innocentii

1187 2570 1292 2597 papae,
1318 2564 1474 2596 proventus
1495 2560 1633 2587 ecclesiae
1656 2560 1690 2586 de
1714 2560 1826 2586 Lodnes
1849 2560 2046 2587 Norwicensis
2069 2561 2194 2588 diocesis

1190 2610 1325 2637 Vei-natio
1351 2609 1569 2644 archiepiscopo
1597 2609 1708 2643 Regino
1734 2609 1819 2635 faciat
1845 2609 2012 2635 ministrari.
2035 2609 2114 2643 (Rae.
2145 2610 2194 2641 24,

1188 2667 1213 2685 c.
1233 2658 1275 2690 50,
1293 2659 1312 2684 f.
1331 2659 1381 2691 Ἰν.)

1231 2773 1243 2787 «
1269 2783 1301 2794 ..‚
1328 2760 1439 2789 decano
1462 2759 1674 2787 Londoniensi.
1699 2758 1856 2795 Exposuit
1878 2758 1972 2787 nohis
1995 2758 2195 2788 venerahilis

1188 2814 1291 2843 frater
1308 2816 1419 2842 noster
1434 2811 1625 2846 Vei-nutius,
1643 2810 1911 2848 archiepiscopus
1928 2811 2091 2849 Reginus,
2110 2812 2195 2849 quod

1188 2866 1298 2896 felicis
1317 2864 1475 2894 memorio
1498 2865 1523 2893 Ι.
1548 2872 1630 2901 papa
1650 2864 1861 2901 predecessor
1882 2868 1993 2893 noster
2013 2863 2122 2901 ipsum
2143 2873 2194 2893 ec-

1190 2919 1290 2949 clesie
1304 2918 1431 2955 Regina
1444 2916 1618 2954 prelicicus
1631 2916 1665 2944 in
1678 2915 1963 2953 archiepiscopitui
1975 2920 2005 2945 ct
2018 2920 2192 2953 pastorem,

1190 2971 1297 3001 eidem
1315 2975 1390 2999 lum:
1407 2969 1546 3006 adipisci
1567 2968 1809 3006 possessionem
1831 2968 1936 3005 ipsius
1954 2967 2089 2997 ecclesio
2103 2977 2195 3006 prop-

1190 3030 1239 3055 ter
1267 3023 1424 3061 temporis
1452 3022 1613 3051 malitiam
1641 3030 1705 3050 non
1734 3021 1866 3055 valenti,
1896 3025 1927 3049 ut
1958 3020 2129 3049 ecclesiam
2157 3021 2194 3049 dc
