2441 3330
958 159 1181 198 PREMIERE
1203 164 1362 202 ANNEE.
2165 188 2205 217 47

113 221 174 252 tim
187 222 274 251 circa
287 222 416 253 nobiles
428 233 491 262 que
501 234 585 262 pura
598 225 661 256 fide
675 228 852 265 conspicue
862 230 930 259 Deo
942 234 971 259 et
981 231 1120 261 ecclesie

113 278 191 304 sunt
206 274 331 304 devote.
348 275 436 305 Hinc
452 280 501 306 est
516 278 603 315 quod
618 287 677 308 nos
694 279 877 311 devotionis
895 286 948 312 tue
966 284 1119 320 precibus

112 326 276 362 inclinati,
295 328 489 358 auctoritate
500 329 562 358 tibi
575 332 781 368 presentium
794 333 1016 372 indulgemus,
1032 340 1067 365 ut
1079 336 1119 365 ad

111 388 353 418 quemcumque
373 379 482 410 locum
501 381 536 410 in
556 390 658 419 regno
686 384 794 414 Scotie
819 386 992 417 deveneris
1014 389 1118 418 eccle-

111 431 245 462 siastico
261 433 469 470 suppositum
483 433 671 470 interdicto,
684 436 871 467 interdictis
888 443 917 468 et
935 448 1118 479 excommu-

110 484 230 514 nicatis
244 484 398 520 exclusis,
417 494 482 515 non
502 486 643 524 pulsatis
660 490 849 526 campanis,
868 491 990 521 clausis
1003 493 1116 530 J'anuis

111 541 141 567 et
157 545 235 566 voce
254 546 444 575 suppressa,
463 547 521 576 per
540 548 644 569 unum
665 540 703 570 de
723 541 903 579 capellanis
920 544 985 573 tuis
1008 544 1069 573 tibi
1086 550 1115 575 et

109 593 164 620 tue
179 590 306 620 familie
323 590 435 621 divina
450 591 555 622 facias
573 592 680 622 officia
696 594 870 630 celebrari,
890 596 1065 625 dummodo
1082 601 1115 626 tu

109 647 140 673 et
155 643 284 672 familia
304 644 418 673 eadem
438 654 571 675 causam
592 654 657 675 non
680 646 837 677 dederitis
859 648 1035 678 interdicto
1055 659 1115 679 nec

106 695 141 725 id
156 695 248 725 vobis
265 697 433 734 contingat
453 697 642 735 specialiter
661 698 828 729 interdici.
850 701 943 730 Nulli
959 705 1019 731 etc.
1038 711 1114 732 nos-

107 752 156 778 tre
172 749 397 779 concessionis
411 754 471 779 etc.
487 751 560 780 Dat.
575 751 726 789 Neapoli,
741 752 803 782 XV
817 752 976 783 kalendas
989 755 1112 790 martii,

107 810 193 831 anno
208 801 326 839 primo.
346 814 359 828 »

177 974 262 1002 1’28

139 1036 269 1068 Alberto,
283 1040 348 1062 nato
364 1036 541 1063 marchionis
558 1037 725 1068 Misnensis,
739 1038 773 1064 ad
790 1039 879 1064 instar
893 1038 1055 1066 Innocentii
1070 1039 1111 1066 IV

103 1092 201 1119 papae,
221 1095 232 1107 (ι
253 1093 306 1110 non
324 1085 458 1111 obstante
473 1085 548 1119 quod
566 1086 592 1111 in
608 1085 702 1120 ipsius
719 1086 820 1112 litteris
837 1087 864 1112 in
883 1087 1005 1121 propriis
1020 1088 1112 1114 nomi-

103 1132 190 1159 nibus
211 1133 248 1159 sit
271 1138 406 1164 erratum,
430 1145 442 1157 n
464 1133 622 1169 dispensat,
647 1137 678 1160 ut
700 1134 844 1168 Agatbam
864 1136 950 1162 filiam
969 1136 1111 1163 Johannis

103 1181 277 1207 marchionis
299 1181 334 1207 de
356 1181 554 1216 Brandeburg,
578 1190 633 1209 non
656 1183 788 1209 obstante
807 1183 883 1217 quod
903 1188 1004 1218 quarto
1021 1184 1110 1221 gradu

102 1230 364 1263 consanguinitatis
384 1230 438 1255 sibi
460 1231 494 1256 ad
515 1230 639 1257 invicem
660 1230 796 1261 attinent,
815 1239 865 1265 pro
886 1239 955 1266 pace
970 1232 1044 1258 inter
1060 1240 1110 1266 pa-

102 1282 199 1304 rentes
216 1285 288 1304 suos
309 1278 489 1304 reformanda
510 1279 564 1305 sibi
586 1276 832 1305 mat1¹imouialiter
849 1279 984 1314 copulare
1007 1279 1107 1313 possit.

101 1325 174 1358 (Res
201 1326 245 1357 24,
261 1334 286 1352 c.
306 1326 365 1357 158,
382 1326 402 1353 f.
420 1326 481 1360 19V3
503 1326 648 1354 Porrffls'r
665 1327 773 1360 115690.)

657 975 774 1010 Naples,
793 976 824 1003 15
841 976 944 1003 fevrier
961 977 1038 1004 1255.

139 1440 152 1454 «
169 1429 303 1462 Alberm,
326 1433 396 1457 nato
416 1429 527 1458 nobilis
546 1429 610 1457 viri
631 1429 822 1458 marchionis
843 1430 1011 1459 Misnensis.
1036 1429 1107 1459 Etsi

94 1480 283 1520 conjunctio
298 1498 346 1509 —.
361 1481 436 1510 Dat.
453 1480 593 1519 Neapoli
605 1481 690 1511 XIII
703 1481 862 1511 kalendas
877 1482 1000 1517 martii,
1019 1491 1105 1512 anno

94 1533 212 1572 primo.
231 1546 244 1559 n

167 1697 251 1726 1³29
670 1698 789 1733 Naples,
808 1699 845 1725 1⁰¹·
859 1706 934 1725 mars
953 1698 1027 1725 1255.

129 1759 273 1786 Diobuldo
289 1759 324 1786 de
341 1759 475 1794 Dragone
491 1764 585 1787 castra
597 1759 740 1795 Dragonis
750 1764 777 1786 et
789 1759 929 1787 Mol-tonis
940 1761 1100 1787 confirmat.

93 1807 175 1842 (Rae.
193 1808 237 1838 24,
255 1816 280 1834 c.
300 1808 359 1842 159,
375 1808 394 1834 f.
415 1808 481 1843 19¹⁷.)

136 1923 148 1937 ι(
175 1911 276 1939 Nobili
296 1912 364 1940 viro
385 1911 530 1940 Diobuldo
552 1911 585 1939 de
603 1911 755 1948 Drayone,
778 1911 862 1948 fideli
880 1916 992 1945 nostro,
1016 1912 1102 1940 salu-

95 1969 151 1993 tem
167 1969 221 1993 etc.
241 1963 338 1994 Clara
353 1967 409 1993 tue
426 1964 611 1993 devotionis
629 1963 790 2002 obsequia
806 1963 927 2002 quibus
943 1967 974 1993 te
991 1963 1101 1993 reddis

92 2016 128 2045 in
144 2016 267 2046 nostris
284 2019 315 2046 et
330 2016 471 2046 fratrum
489 2020 679 2046 nostrorum
692 2016 796 2046 oculis
813 2004 1005 2053 gratiosum,
1024 2025 1102 2046 nos-

93 2072 181 2099 trum
202 2069 367 2099 instanter
389 2069 571 2099 sollicitant
589 2069 748 2105 animum,
771 2073 807 2099 ut
833 2077 899 2098 non
922 2069 1029 2098 solum
1046 2072 1102 2099 tua

92 2121 154 2151 tibi
170 2122 245 2160 jura
265 2122 395 2160 integra
415 2126 447 2152 et
464 2122 560 2152 illesa
582 2131 767 2157 servemus,
790 2122 891 2151 immo
910 2122 1020 2160 potius
1041 2131 1100 2151 au-

92 2183 238 2212 geamus.
260 2174 344 2205 Cum
368 2174 490 2213 itaque,
514 2175 599 2205 sicut
619 2175 653 2204 in
673 2178 785 2204 nostra
800 2174 1003 2213 proposuisti
1024 2183 1100 2212 pre-

91 2227 198 2258 sentia
214 2227 425 2263 constitutus,
443 2227 552 2258 felicis
572 2227 811 2257 recordationis
828 2228 853 2257 I.
878 2236 961 2265 papa
982 2227 1099 2265 prede-

89 2288 200 2311 cessor
216 2284 327 2310 noster
340 2284 485 2310 castrum
499 2280 645 2318 Dragoni
656 2289 731 2309 cum
741 2279 881 2309 baronia
894 2288 953 2309 sua
970 2288 1098 2309 necnon

89 2336 121 2363 et
140 2333 351 2363 donationem
369 2333 408 2363 de
428 2337 535 2363 castro
552 2333 713 2362 Mortonis
730 2342 747 2361 a
763 2332 929 2371 quondam
948 2333 1000 2361 Fr.
1019 2332 1098 2361 olim

89 2385 313 2415 Romanorum
326 2385 524 2423 imperatore
536 2385 597 2414 tibi
611 2389 642 2415 et
653 2384 819 2423 quondam
832 2384 987 2414 Diamute
1003 2384 1098 2413 uxori

88 2441 143 2468 tue
158 2438 282 2467 factum
298 2438 360 2467 tibi
376 2438 509 2476 tuisque
522 2437 713 2473 heredibus,
730 2437 951 2467 anathematis
961 2441 992 2467 et
1003 2438 1097 2475 depo-

88 2489 221 2520 sitionis
238 2490 415 2520 sententiis
435 2490 470 2519 in
490 2490 656 2528 prefatum
677 2490 729 2519 Fr.
747 2498 805 2527 per
821 2489 1006 2527 predictum
1022 2499 1097 2527 pre-

87 2542 293 2573 decessorem
310 2546 459 2572 nostrum
473 2542 550 2572 latis
562 2551 772 2581 nequaquam
786 2542 1006 2577 obstantibus,
1023 2551 1096 2572 con-

87 2594 238 2631 firmarit,
257 2599 303 2625 'ac
327 2596 427 2625 etiam
459 2596 631 2625 baroniam
658 2599 689 2625 et
713 2599 821 2625 castra
848 2595 995 2633 predicta
1021 2604 1096 2625 cum

87 2648 215 2684 castris,
235 2648 335 2683 villis,
354 2649 485 2686 pascuis
502 2652 533 2678 et
549 2648 655 2683 silvis,
675 2648 772 2678 terris
786 2647 884 2677 cultis
901 2652 931 2677 et
945 2648 1093 2683 incultis,

87 2700 268 2731 baronibus
286 2704 315 2731 et
339 2700 415 2730 aliis
431 2701 623 2731 hominibus
646 2700 827 2730 intendatis
852 2704 882 2730 et
900 2709 964 2730 non
984 2700 1094 2730 infeu-

87 2752 172 2783 datis
188 2762 263 2783 curn
276 2754 409 2793 juribus
431 2758 462 2783 et
481 2753 694 2791 pertinentiis
717 2753 757 2783 ad
779 2753 951 2783 baroniam
975 2756 1005 2782 et
1022 2762 1094 2782 cas-

88 2808 139 2835 tra
155 2805 281 2843 prefata
305 2805 542 2844 spectantibus,
567 2805 629 2835 tibi
653 2809 684 2835 et
706 2805 831 2835 eisdem
856 2804 1035 2835 heredibus
1057 2805 1091 2834 in

1200 234 1337 265 feudum
1354 238 1414 267 sub
1431 239 1550 271 debitis
1567 246 1598 271 et
1613 244 1780 274 consuetis
1799 246 1944 276 servitiis
1965 248 2004 278 de
2026 257 2109 280 novo
2125 259 2203 281 con-

1201 289 1338 318 cesserit
1353 290 1391 320 de
1413 293 1518 328 gratia
1536 295 1682 331 speciali,
1700 301 1796 334 prout
1817 297 1851 326 in
1872 300 2059 336 apostolicis
2079 302 2200 334 litteris

1201 347 1299 377 super
1314 341 1375 371 hoc
1388 343 1531 375 obtentis
1547 346 1678 384 plenius
1694 349 1892 386 continetur,
1912 360 1970 382 nos
1989 353 2053 383 tuis
2075 356 2201 394 suppli-

1199 392 1386 423 cationibus
1402 395 1569 429 inclinati,
1588 400 1673 436 quod
1690 400 1729 429 ab
1752 401 1865 431 eodem
1884 404 2114 440 predecessore
2131 408 2200 438 fac-

1199 447 1267 472 tum
1283 450 1331 474 est
1347 446 1382 474 in
1398 447 1458 477 hac
1471 454 1562 486 parte
1578 455 1687 480 ratum
1700 452 1859 483 habentes
1875 459 1903 484 et
1919 461 2058 493 gratum,
2074 459 2118 494 id,
2135 469 2199 490 non

1199 496 1407 528 obstantibus
1426 500 1537 539 aliquo
1558 503 1733 541 privilegio
1756 514 1813 535 seu
1836 506 1956 537 litteris
1979 510 2078 540 alicui
2102 521 2200 551 super

1197 549 1353 586 predictis
1370 552 1421 580 vel
1437 553 1584 590 ipsorum
1605 555 1714 593 aliquo
1730 556 1765 585 in
1786 562 1877 587 tuum
1892 561 2110 598 prejudicium
2126 573 2198 594 con-

1198 602 1300 631 cessis
1317 611 1335 631 a
1351 603 1445 633 nobis
1462 605 1512 633 vel
1526 606 1560 634 in
1576 610 1744 643 posterum
1761 610 1988 641 concedendis.
2005 614 2042 641 de
2058 615 2198 645 fratrum

1197 657 1385 683 nostrorum
1412 657 1551 685 consilio
1581 663 1609 687 et
1637 668 1775 688 assensu
1806 663 1998 692 auctoritate
2021 666 2200 702 apostolica

1197 706 1430 737 confirmamus
1445 712 1504 737 etc.
1520 718 1624 747 usque
1637 712 1890 743 communimus.
1904 715 1996 744 Nulli
2010 720 2070 745 etc.
2088 722 2197 749 nostre

1195 759 1456 789 confirmationis
1474 766 1534 790 etc.
1553 762 1625 791 Dat.
1643 763 1781 801 Neapoli
1802 774 1858 802 per
1874 775 2008 796 manum
2027 770 2197 801 Guillelmi

1195 811 1514 847 magistriscolarum
1531 815 1737 851 Parmensis,
1757 822 1867 847 sancte
1889 819 2034 851 Romane
2052 822 2196 854 Ecclesie

1194 863 1470 900 vicecancellarii,
1494 866 1646 897 kalendis
1665 869 1793 904 martii,
1817 870 1997 902 indictione
2015 874 2127 910 Xssla,
2145 876 2198 905 in-

1195 917 1398 947 carnationis
1421 917 1584 949 dominiee
1610 929 1696 950 anno
1726 922 1964 959 M0CC0L11110,
1986 926 2196 963 pontificatus

1193 977 1271 998 vero
1287 969 1413 999 domini
1427 971 1606 1001 Alexandri
1619 982 1700 1012 pape
1718 975 1786 1004 IIII
1803 984 1889 1005 anno
1904 977 2020 1014 primo.
2041 991 2053 1005 »

1268 1160 1353 1188 180

1229 1220 1404 1248 Praebendis
1419 1223 1557 1250 eeclesiae
1574 1232 1598 1250 s.
1616 1225 1751 1253 Germani
1763 1227 2011 1255 Autisiodorensis
2022 1229 2194 1258 parisiensis

1191 1269 1381 1296 annexionetn
1402 1272 1526 1305 capellae
1545 1280 1569 1299 s.
1592 1272 1724 1300 Leufrec‘i
1745 1276 1903 1303 confirmat.
1928 1277 2007 1308 (Ruso.
2025 1279 2073 1310 Ἡ,
2090 1288 2113 1305 c.
2133 1280 2191 1314 160,

1191 1317 1210 1343 f.
1228 1317 1294 1351 19v.)

1744 1164 1859 1199 Names,
1877 1167 1909 1192 ‘24
1927 1167 2030 1194 ferrier
2047 1168 2124 1196 1‘255.

1231 1430 1243 1445 ι(
1265 1441 1296 1454 ..,
1315 1420 1425 1449 decano
1441 1426 1467 1450 et
1482 1423 1615 1458 capitulo
1633 1424 1750 1452 ecclesie
1765 1426 1864 1453 sancti
1880 1426 2024 1456 Germani
2039 1428 2114 1457 dieti
2127 1429 2191 1458 Au-

1189 1472 1395 1501 tisiodorensis
1412 1474 1606 1503 parisiensis.
1628 1475 1711 1505 Cum
1726 1484 1744 1505 a
1760 1476 1855 1506 nobis
1870 1478 1993 1515 petitur
2009 1483 2068 1509 etc.
2085 1489 2191 1519 usque

1188 1524 1352 1554 effectum.
1370 1525 1453 1555 Cum
1473 1526 1602 1565 itaque,
1621 1527 1706 1557 sicut
1728 1529 1874 1559 exhibita
1895 1531 1989 1561 nobis
2011 1536 2120 1562 vestra
2134 1542 2191 1571 pe-

1186 1577 1260 1607 titio
1272 1578 1472 1614 continebat,
1485 1580 1686 1610 venerabilis
1700 1581 1802 1611 frater
1815 1588 1926 1613 noster
1939 1607 1971 1619 ..,
1990 1585 2191 1616 Parisiensis

1187 1629 1374 1668 episcopus,
1401 1632 1581 1668 prudenter
1605 1633 1818 1664 considerans
1843 1636 1929 1673 quod
1950 1637 2191 1674 prebendarum

1186 1682 1326 1712 ecclesie
1349 1687 1456 1713 vestre
1477 1689 1656 1722 proventus
1681 1686 1761 1716 adeo
1784 1691 1876 1716 erant
1900 1692 2014 1718 tenues
2037 1694 2068 1719 et
2090 1689 2190 1721 exiles

1186 1735 1273 1772 quod
1295 1744 1333 1765 ex
1353 1735 1401 1765 eis
1422 1745 1487 1766 non
1511 1738 1669 1775 poteratis
1691 1740 1857 1769 commode
1880 1741 2071 1777 sustentari,
2095 1746 2131 1771 ut
2151 1743 2191 1772 ad

1185 1787 1298 1817 divina
1311 1788 1471 1827 obsequia
1482 1789 1516 1818 in
1528 1789 1600 1828 ipsa
1614 1791 1753 1821 ecclesia
1767 1793 1957 1830 exequenda
1969 1794 2191 1825 redderemini

1184 1840 1413 1878 promptiores,
1432 1842 1590 1879 capellani
1609 1844 1715 1873 sancti
1733 1845 1889 1874 Leufredi
1905 1846 2120 1883 parisiensis,
2137 1847 2190 1877 cui

1184 1901 1263 1922 cura
1286 1902 1351 1922 non
1378 1894 1530 1924 imminet
1555 1895 1742 1925 animarum
1766 1900 1797 1926 et
1818 1897 1853 1925 in
1876 1906 1942 1935 qua
1961 1898 2016 1936 jus
2041 1899 2188 1930 obtinere

1184 1944 1337 1974 dicimini
1352 1950 1562 1984 patronatus,
1581 1948 1688 1977 eidem
1705 1948 1842 1978 ecclesie
1861 1950 1901 1979 ad
1916 1942 2100 1980 vestrarum
2114 1961 2189 1990 pre—

1184 1997 1367 2028 bendarum
1395 2004 1608 2037 augmentum
1638 2001 1875 2031 deliberatione
1900 2003 2034 2040 provida
2060 2004 2189 2034 duxerit

1184 2051 1432 2087 adnectendam,
1450 2056 1545 2090 prout
1561 2053 1595 2081 in
1612 2053 1760 2092 ejusdem
1776 2055 1920 2092 episcopi
1932 2055 2053 2085 litteris
2071 2056 2187 2087 exinde.

1182 2104 1342 2133 confectis
1360 2104 1491 2142 plenius
1514 2105 1636 2134 dicitur
1659 2106 1838 2142 contineri,
1859 2116 1918 2136 nos
1939 2108 2085 2146 ejusdem
2101 2109 2187 2147 epis-

1182 2156 1253 2194 copi
1276 2161 1307 2185 et
1329 2157 1448 2187 vestris
1472 2158 1769 2195 supplicationibus
1791 2159 1958 2195 inclinati,
1981 2161 2066 2199 quod
2089 2170 2186 2199 super

1180 2209 1242 2238 hoc
1261 2218 1278 2238 a
1295 2209 1439 2246 predicto
1456 2210 1606 2248 episcopo
1622 2211 1756 2248 provide
1772 2212 1895 2241 sactum
1914 2217 1962 2241 est
1978 2218 2107 2249 gratum
2124 2213 2185 2243 ha-

1180 2261 1296 2291 bentes
1310 2266 1341 2292 et
1356 2266 1474 2297 ratum,
1493 2263 1526 2291 id
1545 2263 1739 2293 auctoritate
1756 2264 1934 2301 apostolica
1950 2266 2183 2296 confirmamus

1181 2318 1241 2344 etc.
1261 2324 1366 2353 usque
1385 2315 1639 2345 communimus.
1658 2316 1749 2346 Nulli
1766 2326 1842 2353 ergo
1858 2321 1918 2346 etc.
1939 2321 2049 2347 nostre
2065 2318 2184 2348 confir-

1179 2367 1336 2396 mationis
1354 2371 1414 2397 etc⁴
1438 2368 1511 2397 Dat.
1531 2368 1684 2406 Neapoli,
1706 2370 1752 2398 VI
1772 2369 1929 2399 kalendas
1948 2371 2073 2406 martii,
2098 2380 2183 2401 anno

1179 2428 1296 2457 PHIIIO.
1316 2432 1329 2446 1)

1254 2603 1334 2631 181

1213 2663 1276 2698 W.,
1289 2665 1425 2699 episcopo
1438 2665 1653 2700 δεμ-0301110051,
1668 2667 1806 2702 indulget,
1825 2671 1855 2694 ut
1870 2668 1903 2694 ad
1921 2669 2110 2703 receptionem
2126 2678 2178 2698 seu

1178 2713 1370 2747 provisionem
1382 2713 1504 2747 alicujus
1515 2714 1543 2740 in
1557 2714 1744 2748 pensionibus
1760 2716 1802 2742 vel
1818 2716 1964 2742 beneficiis
1976 2717 2179 2745 ecclesiasticis

1177 2761 1285 2787 invitus
1305 2762 1436 2795 compelli
1459 2770 1512 2788 non
1530 2763 1621 2796 possit
1638 2771 1687 2797 per
1703 2764 1810 2790 litteras
1825 2764 2012 2798 apostolicas,
2032 2765 2085 2791 nisi
2102 2766 2177 2793 litte-

1177 2817 1224 2835 rae
1241 2809 1320 2843 ipsae
1343 2809 1377 2834 de
1394 2810 1508 2836 nomine
1523 2811 1587 2843 ejus
1602 2813 1630 2836 et
1646 2811 1784 2837 ecclesiae
1801 2811 2022 2838 Saresbiriensis
2037 2821 2070 2839 ac
2085 2813 2178 2841 indul-

1731 2605 1845 2640 Naples,
1866 2606 1896 2633 13
1914 2607 2016 2633 fevricr
2036 2607 2109 2634 1255.
