2498 3325
991 222 1404 261 DEUXJEME.ANNEE.
2192 231 2249 261 323

225 301 244 327 1
253 301 340 328 1)ἵῖ

186 362 217 388 ln
239 362 361 388 ecclesia
383 361 412 387 S.
436 361 567 395 Sepulcri
591 361 754 387 facultatem
777 360 910 386 concedit
931 367 982 386 sex
1005 358 1162 384 canonicos

151 409 333 437 instituendi.
350 409 434 442 (nm.
450 408 494 442 ⁶24,
512 409 530 435 s.
553 409 610 440 132,
627 417 694 435 ann.
711 408 749 439 H,
767 416 792 434 c.
809 408 864 440 67)

700 299 817 330 Lati-an,
839 297 867 324 1³2
880 297 993 331 janvier
1012 296 1089 322 1256.

194 536 207 549 «
224 524 343 558 Jacobo,
361 523 539 561 patriarche
560 523 823 556 let-osoltmitano,
846 521 1005 558 apostolice
1021 519 1104 548 Sedis
1120 519 1162 547 le-

150 582 231 614 yczlo.
249 576 343 610 Cum,
367 575 451 604 sicut
475 575 682 613 accepimus,
704 574 739 603 in
760 573 900 603 ecclesia
919 571 1086 602 Dominici
1104 572 1162 601 Se-

152 628 284 667 pulchri
305 628 347 657 sit
371 627 607 657 canonicorum
630 636 788 657 numerus
807 626 1007 659 diminutus,
1031 628 1163 663 propter

153 681 241 720 quod
271 681 410 711 ecclesia
435 681 507 719 ipsa
533 680 720 710 debitorum
747 679 906 717 obsequio
934 677 1160 712 defraudatur,

153 734 354 764 instituendi
377 743 432 764 sex
455 743 613 772 personas
639 733 775 763 idoneas
800 732 834 761 in
858 731 1034 761 canonicos
1056 730 1162 768 ipsius

153 786 304 816 ecclesie.
319 787 347 816 si
360 787 400 816 ad
416 787 477 816 hoe
492 790 667 824 suppetant
679 785 853 815 facultates
864 784 1022 823 ejusdem,
1034 788 1064 813 et
1078 792 1162 813 com-

152 839 309 879 pescendi
334 840 593 869 contradictores
619 848 678 877 per
704 847 879 868 censuram
903 837 1162 867 ecclesiasticam

152 893 373 931 appellatione
398 897 542 925 remota,
567 892 770 922 fraternitati
793 896 847 921 tue
869 890 1064 921 auctoritate
1088 898 1163 927 pre-

152 946 298 976 sentium
316 945 527 975 concedimus
542 945 744 975 facultatem.
760 945 833 974 Dat.
855 943 1022 980 Laterani,
1041 944 1073 972 ΙΙ
1087 942 1162 971 idus

150 998 310 1038 januarii,
329 1007 415 1028 anno
435 998 590 1027 secundo.
610 1010 623 1024 n

227 1195 342 1223 ¹078

190 1256 222 1282 In
239 1257 367 1291 partibus
385 1256 578 1282 ultramarinis
595 1255 772 1290 patriarchae
787 1255 1030 1291 Jerosolymitano
1047 1257 1165 1282 faculta-

706 1194 819 1229 Latran,
839 1195 869 1222 13
882 1195 996 1229 janvier
1013 1194 1091 1221 1256.

155 1310 211 1331 tem
229 1305 361 1341 concedit
382 1305 549 1331 absolvendi
566 1305 688 1331 clericos
711 1308 738 1331 et
762 1304 850 1331 laicos
874 1305 908 1330 ab
928 1305 1165 1331 excommunica-

155 1354 243 1380 tionis
258 1353 410 1380 sententia.
428 1353 512 1386 (Rea.
531 1353 574 1386 ⁶22,
593 1354 610 1380 f.
632 1354 691 1385 133,
708 1362 773 1380 anu.
791 1353 828 1387 ΙΙ,
848 1362 872 1380 c.
892 1354 947 1386 08)

196 1481 208 1494 <s
228 1468 343 1496 Eidem.
359 1469 426 1497 Tue
449 1468 670 1497 fraternitatis
686 1468 838 1503 obtentu,
859 1468 918 1497 tibi
933 1469 1114 1506 gratificari
1134 1473 1165 1498 et

154 1529 212 1558 per
241 1520 422 1549 exhibitam
448 1520 509 1548 tilii
532 1521 673 1557 gratiam
696 1520 837 1550 aliorum
865 1521 965 1551 saluti
991 1521 1164 1559 providere

152 1571 312 1607 volentes,
331 1572 524 1602 absolvendi
537 1573 630 1611 juxta
645 1573 786 1602 sormam
803 1573 949 1603 Ecclesie
965 1582 1080 1603 omnes
1098 1573 1164 1603 cle-

151 1626 239 1655 ricos
263 1629 293 1655 et
315 1625 416 1655 laicos
439 1625 478 1655 al]
504 1626 856 1656 excommunicationis
875 1626 1042 1656 sententia
1065 1636 1164 1665 quam

151 1678 300 1707 vovendo
313 1682 427 1707 eontra
439 1678 681 1716 prohibitiones
696 1688 755 1708 seu
768 1679 1023 1709 constitutiones
1038 1688 1055 1708 a
1068 1689 1163 1710 vene-

151 1730 252 1760 rabili
268 1731 369 1760 sratre
384 1735 497 1760 nostro
513 1753 547 1765 ..‚
564 1730 716 1768 episcopo
732 1731 930 1766 Tusculano,
950 1735 1026 1760 tunc
1043 1732 1078 1760 in
1092 1741 1163 1770 par-

152 1783 242 1812 tibus
254 1783 484 1812 ultramarinis
496 1783 673 1821 apostolice
692 1783 786 1813 Sedis
798 1783 916 1821 legato,
933 1784 1038 1814 editas
1054 1785 1163 1814 incur-

151 1839 229 1864 runt
259 1835 310 1865 vel
339 1835 377 1865 de
408 1839 516 1865 cetero
544 1835 765 1870 incurrerint,
791 1840 822 1866 et
850 1837 1066 1874 dispensandi
1089 1847 1163 1867 cum

151 1888 277 1917 eisdem
303 1888 433 1917 clericis
455 1897 553 1926 super
578 1888 840 1925 irregularitate,
867 1889 977 1927 siqua
1003 1890 1049 1919 sic
1068 1889 1163 1927 ligati

150 1940 347 1970 celebrando
368 1941 481 1970 divina
501 1941 608 1970 officia
631 1950 690 1971 seu
710 1941 929 1971 immiscendo
950 1952 984 1972 se
1007 1942 1076 1973 illis
1097 1952 1163 1973 non

152 1997 260 2023 tamen
278 1993 508 2023 incontentum
531 1993 674 2023 clavium
696 1998 930 2024 contraxerunt
953 2004 1011 2024 seu
1032 1999 1163 2024 contra-

149 2045 229 2075 here
252 2046 407 2084 deinceps
429 2046 597 2084 contingat
623 2047 771 2082 eosdem,
794 2047 998 2077 fraternitati
1018 2052 1072 2077 tue
1093 2047 1163 2085 ple-

150 2107 227 2128 nam
255 2099 450 2128 auctoritate
478 2099 684 2137 presentium
715 2100 927 2129 concedimus
956 2100 1160 2130 facultatem.

150 2151 289 2181 Proviso
307 2151 394 2189 quod
410 2151 566 2190 injungas
588 2151 714 2181 eisdem
730 2152 817 2190 quod
839 2161 856 2181 a
874 2152 1041 2182 similibus
1059 2153 1163 2182 absti-

152 2208 250 2233 ncant
267 2204 301 2232 in
318 2204 480 2233 futurum.
499 2205 572 2233 Dat.
588 2204 754 2241 Laterani,
774 2204 885 2234 idibus
898 2205 1058 2244 januarii,
1075 2215 1162 2235 anno

150 2257 306 2287 secundo.
328 2269 341 2283 »

225 2455 343 2494 ¹⁰⁷2

186 2515 333 2542 statutum
351 2520 514 2542 conventus
530 2515 697 2542 monasterii
717 2524 741 2542 s.
761 2515 837 2543 Petri
856 2516 1001 2548 Perusini,
1018 2528 1030 2541 ιι
1049 2522 1079 2544 ut
1095 2519 1162 2545 nul-

151 2565 196 2591 lus
214 2565 372 2591 monachus
394 2564 422 2590 in
445 2565 500 2591 alio
518 2564 692 2590 monasterio
709 2564 752 2590 vel
771 2565 832 2590 loco
849 2565 986 2599 religioso
1002 2566 1161 2600 professio-

152 2622 214 2639 nein
231 2613 383 2644 omittens,
400 2616 449 2639 aut
464 2612 558 2647 aliqua
573 2613 626 2638 alia
643 2620 766 2647 persona
791 2613 926 2648 religiosa
948 2615 1162 2649 cujuscumque

150 2662 298 2695 religionis
320 2661 420 2687 existit
439 2662 467 2687 in
485 2661 585 2687 eodem
604 2661 778 2687 monasterio
795 2662 888 2688 sancti
911 2661 988 2688 Petri
1011 2662 1045 2688 de
1065 2666 1162 2689 cetero

151 2711 313 2736 mullatenus
332 2709 500 2736 admittatur
524 2710 551 2735 in
579 2709 750 2735 monachum
770 2720 794 2744 n,
814 2710 974 2737 confirmat.
1004 2710 1085 2740 (Rae.
1111 2711 1161 2746 ⁶24,

149 2759 168 2785 f.
190 2758 260 2789 13²3&
278 2766 345 2784 ann.
362 2757 402 2788 ΙΙ,
421 2765 448 2784 c.
464 2757 520 2789 69.)

705 2453 817 2488 Lati-an,
834 2454 868 2480 ‘25
882 2455 993 2489 janvier
1011 2456 1087 2483 1255.

192 2886 204 2900 tt
233 2896 265 2908 ..‚
287 2873 403 2908 abbati,
425 2877 450 2902 el
471 2873 636 2902 conventui
654 2873 837 2902 monasterii
852 2875 953 2903 sancii
968 2875 1051 2903 Petri
1066 2875 1163 2903 Peru-

1242 296 1320 330 sini,
1349 296 1468 325 ordinis
1494 297 1593 325 sancti
1621 297 1786 325 Benedicti.
1814 296 1896 326 Cum
1928 305 1946 325 a
1973 296 2068 326 nobis
2094 315 2143 325 —.
2174 298 2249 326 Dat.

1245 348 1411 383 Laterani,
1429 349 1510 378 VIII
1526 348 1685 378 kalendas
1703 349 1874 383 februarii,
1891 358 1977 378 anno
1994 350 2148 379 secundo.
2170 361 2182 376 n

1318 517 1337 543 1
1346 516 1435 545 ⁰80

1280 577 1506 613 Translationem
1525 579 1679 612 praepositi
1696 582 1723 604 et
1739 579 1855 613 capituli
1872 588 1896 605 s.
1918 580 2041 606 Naboris
2057 580 2253 607 Mediolanen-

1798 518 1910 549 Latran,
1925 519 1958 545 ‘23
1972 519 2083 552 jam-iot·
2103 520 2179 546 1256.

1244 626 1296 659 sis⁷
1312 634 1436 660 quornm
1453 627 1604 652 ecclesiam
1621 630 1648 652 et
1664 627 1821 653 claustrum
1839 628 1995 661 guardiano
2012 633 2039 654 et
2055 629 2190 654 fratribus
2205 637 2254 655 or-

1243 673 1320 700 dinis
1337 673 1477 700 Minorum
1495 683 1544 708 per
1560 675 1673 701 fratrem
1692 674 1814 701 Leonem
1831 675 1864 700 de
1877 675 1974 701 ordine
1988 676 2128 702 Minox-um
2141 676 2254 702 Medio-

1244 722 1391 748 lanensem
1421 723 1671 757 archiepiscopum
1697 724 1821 749 conferri
1845 724 1965 757 fecerat,
1990 725 2024 750 ad
2049 726 2198 751 eeclesiam
2225 725 2251 750 b.

1244 771 1350 797 Mariae
1366 771 1400 797 ad
1417 770 1600 798 Folcorinum
1622 771 1724 798 Portae
1748 772 1926 798 Vercellinae
1944 773 2164 800 Mediolanensis
2180 782 2254 800 con-

1244 819 1352 849 firmat,
1372 820 1482 845 litteras
1497 819 1628 854 ejusdem
1649 819 1752 846 Leonis
1769 822 1793 853 (n
1812 820 1916 846 Actum
1935 821 1961 846 in
1981 822 2095 847 civitate
2114 822 2206 847 Rome
2224 822 2252 848 in

1244 871 1390 893 contracta
1406 867 1440 893 de
1459 867 1597 894 Laterano
1614 868 1640 894 in
1662 877 1717 902 qua
1739 872 1865 894 moratur
1887 869 2032 902 predictus
2049 869 2183 895 dominus
2207 878 2254 895 ar-

1244 915 1500 949 ohiopiscopus,.„
1517 924 1591 942 anno
1614 920 1748 943 currente
1772 915 1953 947 MoCCoLVI,
1978 917 2022 942 die
2046 917 2144 943 martis
2166 917 2255 943 XIIII

1244 967 1309 989 ante
1325 964 1459 990 kalendas
1474 964 1620 995 februarii,
1634 964 1790 990 indictione
1804 964 1890 990 XIIII
1902 968 1924 996 ο)
1938 965 2100 991 inserendo
2114 965 2197 997 (tit-0.
2208 966 2254 999 24,

1244 1013 1263 1039 f.
1284 1013 1356 1046 13⁶2&
1373 1022 1438 1039 ann.
1457 1013 1494 1047 ΙΙ,
1511 1021 1536 1039 e.
1555 1014 1604 1045 703
1624 1013 1770 1040 Porruas‘r
1789 1014 1894 1046 16206.)

1288 1126 1300 1141 α
1323 1115 1477 1143 Universis
1491 1115 1606 1144 Christi
1618 1115 1756 1151 fidelibus
1768 1120 1918 1152 presentes
1931 1116 2048 1144 litteras
2061 1116 2254 1152 inspecturis,

1245 1168 1284 1196 acl
1305 1168 1351 1196 rei
1372 1169 1551 1196 memoriani
1575 1169 1805 1205 sempiternam.
1833 1167 1921 1197 Licet
1951 1177 1987 1197 ea
2013 1176 2075 1206 que
2100 1185 2147 1196 —.
2180 1169 2253 1197 Dat.

1246 1219 1413 1254 Laterani,
1431 1220 1461 1249 X
1474 1219 1633 1249 kalendas
1650 1220 1823 1254 februarii,
1843 1229 1928 1249 anno
1945 1220 2100 1250 secundo.
2120 1232 2132 1246 >u

1320 1391 1431 1419 1081

1283 1452 1451 1487 Praeposito
1473 1453 1613 1479 ccclesiae
1630 1452 1664 1478 de
1681 1452 1823 1479 Cresccnz
1835 1461 1879 1486 ige
1898 1452 2026 1485 mandat,
2045 1456 2074 1478 ut
2092 1452 2256 1477 translatio-

1795 1390 1906 1420 Latran,
1925 1390 1958 1416 *25
1975 1390 2085 1424 janvier
2106 1389 2182 1416 1256.

1248 1510 1321 1533 nem,
1341 1501 1474 1527 unionem
1487 1505 1515 1527 et
1530 1501 1738 1527 ordinationem
1758 1501 1916 1535 praedictas
1931 1501 2037 1526 faciens
2053 1500 2256 1526 inviolabiliter

1246 1549 1404 1579 observari,
1419 1553 1592 1575 memoratos
1609 1549 1803 1584 praepositum
1820 1553 1847 1575 et
1864 1549 2020 1582 capitulum
2038 1550 2064 1575 in
2077 1548 2254 1583 corporalem

1246 1598 1463 1632 possessionem
1480 1597 1619 1623 ecclesiae
1640 1605 1664 1623 s.
1683 1597 1788 1624 Mariae
1811 1597 1927 1623 inducat
1952 1600 1979 1623 ct
2000 1597 2133 1622 defendat
2153 1596 2256 1622 indue-

1245 1650 1301 1673 tos.
1318 1645 1400 1679 (Res.
1422 1646 1471 1679 ⁶24,
1489 1646 1508 1673 f.
1526 1646 1584 1679 133,
1602 1655 1669 1673 ann.
1686 1646 1724 1678 II7
1741 1654 1766 1673 c.
1784 1646 1849 1679 70².)

1288 1760 1300 1775 «
1333 1771 1366 1782 ..‚
1393 1749 1543 1786 preposito
1575 1748 1693 1777 ecclesie
1719 1747 1751 1776 de
1779 1747 1996 1783 Crescenmqo,
2026 1747 2257 1775 llletliolanensis

1246 1802 1378 1831 diocesis.
1397 1801 1488 1831 Licet
1504 1810 1541 1830 ea
1558 1804 1619 1830 ete.
1636 1809 1742 1838 usque
1759 1809 1765 1828 ε
1784 1799 1821 1829 de
1839 1799 2045 1837 plenitudine
2062 1816 2108 1827 —-.
2131 1800 2204 1828 Dat.
2221 1802 2258 1827 ut

1246 1864 1356 1892 SUpr'd.
1379 1866 1392 1880 i)

1321 2025 1437 2053 1082
1799 2023 1913 2056 Latran,
1931 2023 1961 2049 ‘21
1974 2023 2088 2057 janvier
2107 2022 2182 2049 1256.

1280 2087 1428 2120 Indulget,
1447 2090 1477 2112 ut
1500 2086 1638 2119 magister
1660 2085 1809 2111 <Iohannes
1830 2085 1864 2110 de
1889 2085 1991 2114 Ebulo,
2015 2084 2211 2110 subdiaconus
2228 2087 2257 2110 et

1245 2136 1410 2170 capellanus
1426 2142 1511 2166 suus,
1529 2133 1688 2160 eanonicus
1710 2133 1925 2164 Laudunonsts,
1944 2133 2055 2159 fructus
2077 2132 2256 2166 praebendae

1246 2183 1460 2216 Laudunensis,
1480 2182 1564 2208 etiam
1587 2182 1706 2213 absens,
1726 2182 1900 2215 ubicumque
1923 2181 2020 2211 fuerit,
2042 2181 2188 2215 percipere
2206 2188 2255 2206 va-

1244 2233 1308 2259 leat.
1325 2231 1464 2266 (limat,
1482 2231 1500 2258 f.
1519 2230 1579 2264 133,
1597 2239 1663 2256 ann.
1679 2229 1716 2260 II,
1732 2238 1757 2256 c.
1775 2230 1829 2263 71.)

1286 2346 1298 2360 α
1326 2334 1469 2370 Mayistro
1493 2333 1630 2361 Johanm'
1653 2332 1686 2360 de
1710 2331 1820 2366 Ebulo,
1844 2331 2028 2360 subdiacono
2052 2335 2077 2359 ct
2100 2330 2257 2367 capellano

1244 2391 1363 2421 nostro,
1389 2386 1536 2414 canonico
1559 2385 1768 2413 Latiduncnsi.
1798 2383 1927 2413 Meritis
1951 2382 2135 2412 devotionis
2158 2381 2257 2410 indu-

1245 2440 1351 2469 cimur
1367 2456 1413 2466 —.
1433 2439 1504 2467 Dat.
1525 2437 1692 2472 Laterani,
1710 2437 1775 2466 XII
1793 2436 1952 2466 kalendas
1972 2435 2150 2465 februarii.
2170 2442 2257 2463 anno

1244 2491 1399 2522 secundo.
1421 2502 1433 2517 n

1801 2661 1915 2691 Latran,
1931 2660 1960 2687 ’31
1978 2659 2088 2694 janvier
2107 2659 2183 2685 1256.

1320 2662 1438 2692 1083

1281 2724 1397 2751 Mandat
1423 2724 1535 2750 fructus
1560 2723 1738 2758 praebendae
1769 2722 1930 2757 praedictae
1958 2720 2081 2747 faciendi
2106 2721 2131 2746 ci
2156 2719 2257 2745 {ninis-

1245 2773 1323 2800 trari.
1341 2773 1425 2806 (nm.
1442 2772 1484 2803 24,
1503 2772 1523 2800 f.
1542 2772 1599 2803 13-3,
1614 2780 1681 2798 ann.
1697 2771 1740 2806 ΙΙ,
1757 2779 1782 2797 c.
1801 2771 1866 2805 71².)

1289 2886 1302 2901 ι(
1333 2896 1366 2909 ..,
1393 2874 1496 2902 abbati
1521 2873 1670 2908 Bccc‘cnsi,
1694 2872 1940 2909 Roilzomayensis
1965 2871 2099 2899 diocesis.
2128 2867 2258 2898 Meritis
