2441 3330
173 225 210 254 28
900 213 1139 246 REGISTRES
1162 211 1469 242 D'ALEXANDRE
1493 213 1548 243 iv.

172 291 254 319 (linis
270 288 370 317 sans-li
382 286 544 319 Beneficii,
562 284 745 313 Turonensis
761 282 893 311 dior-esis.
913 281 1008 315 Cum,
1026 280 1112 309 sicut
1125 287 1182 316 pe-

173 342 244 371 titi«)
266 344 374 369 vestra
396 337 491 367 nobis
511 336 659 367 exhibita
678 334 884 368 continebat,
904 337 1014 362 contra
1038 331 1181 362 nobilem

173 394 278 423 virum
347 390 500 420 comitem
517 388 791 419 Suessionenscm
810 391 840 415 et
856 386 1105 419 Gai-notensem.
1126 384 1183 413 do-

173 446 298 475 minnm
319 442 472 473 Ainlsazie
490 452 526 471 at:
544 440 686 470 nobilem
709 439 881 469 mulierem
900 440 942 468 M.
961 446 1095 467 uxorem
1112 437 1183 475 ejus

174 497 322 527 habeatis
337 504 471 525 eausam
493 502 592 532 super
608 493 759 522 libertate
777 502 812 521 ae
835 492 910 521 aliis
929 491 1062 530 juribus
1080 490 1183 519 vestri

172 548 365 579 monasterii
382 546 614 577 defendendis.
634 550 764 583 propter
780 545 866 583 quod
887 544 999 573 subire
1016 552 1072 572 vos
1088 552 1184 580 opor-

173 608 214 633 tet
234 604 300 632 non'
316 601 444 631 modica
465 608 564 629 onera
587 608 805 636 expensarum
825 598 864 627 ad
881 606 943 636 qne
961 595 1185 634 supportanda

172 656 225 685 vix
243 655 389 693 ejusdem
406 652 598 683 monasterii
617 655 795 689 suppetunt
812 650 996 679 facultates.
1016 658 1074 678 nos
1091 648 1183 677 voltis

173 718 272 746 super
289 707 348 736 hus·
366 710 502 744 paterno
518 705 755 743 compatientes
777 704 895 732 ass'ertu
917 702 1111 731 auctoritate
1128 710 1184 730 vo-

172 761 223 790 his
234 759 439 798 presentium
454 758 677 794 indulgemus,
693 761 724 786 ut
736 756 1034 795 hujusmodicausa
1044 755 1183 783 durante

175 813 214 842 ad
236 812 459 850 provisionem
482 810 623 849 aliqu'us
646 810 678 838 in
700 808 918 847 pensionibus
938 817 996 836 seu
1013 805 1184 835 benefieiis

175 865 411 895 ecclesiasticis
433 863 583 901 compelli
602 871 665 891 non
683 861 817 900 possitis
834 870 941 898 neque
955 869 1012 898 per
1028 859 1130 888 alium
1147 858 1185 887 (le

174 918 256 957 ipsis
280 917 379 947 alicui
407 915 572 955 provideri
594 914 701 944 valeat
724 924 780 952 per
802 913 930 943 litteras
955 912 1147 950 impetratas
1168 920 1186 939 a

175 971 257 1001 Sede
270 969 520 1008 a1‘iostolicaseu
534 968 652 1005 legatis
667 967 812 1004 ejusdem
826 965 993 995 autetiam
1008 965 1185 1002 impetran-

174 1024 243 1058 das.
271 1032 334 1061 que
357 1022 395 1051 de
420 1020 628 1057 indulgentia
648 1010 837 1058 liujusi‘iniidi
862 1022 892 1047 et
915 1026 1014 1047 caiisa
1038 1016 1185 1055 predicta

174 1076 305 1113 plenam
323 1078 353 1103 et
370 1082 556 1111 expressam
572 1082 628 1101 seu
647 1072 685 1101 de
700 1071 798 1100 vet-lio
815 1070 853 1100 ad
868 1070 1003 1100 verbum
1021 1077 1085 1098 non
1101 1068 1185 1098 fece-

174 1129 242 1157 rint
264 1127 484 1161 mentionem.
509 1125 610 1155 etiam
631 1125 659 1154 si
680 1124 890 1154 contineatur
912 1123 945 1152 in
966 1122 1072 1160 ipsius
1089 1121 1184 1151 Sedis

173 1180 295 1211 litteris
317 1179 403 1218 quod
426 1187 539 1208 earum
560 1176 830 1216 impetratoriluis
851 1176 962 1214 aliqua
984 1175 1070 1204 dicte
1089 1174 1184 1204 Sedis

174 1232 382 1269 indulgentia
405 1240 470 1260 non
493 1230 633 1260 obsistat
660 1238 719 1259 seu
743 1229 830 1267 quod
851 1229 888 1257 de
912 1228 1024 1266 aliqua
1043 1235 1185 1265 persona

173 1285 225 1315 vel
255 1284 396 1323 alicujus
424 1283 557 1312 nomine
586 1282 659 1312 fieri
689 1281 805 1311 debeat
832 1281 957 1310 mentio
986 1280 1021 1309 in
1046 1279 1182 1309 eisdem.

173 1337 267 1368 Nulli
297 1341 358 1367 etc.
390 1341 501 1366 nostre
529 1335 754 1365 concessionis
785 1338 846 1364 etc.
874 1335 948 1364 Dat.
981 1332 1120 1371 Neapoli
1148 1335 1185 1362 ut

174 1400 284 1429 supra.
305 1402 318 1416 »

249 1568 333 1598 '1¹08
724 1565 840 1600 Naples⁷
857 1566 890 1591 27
904 1564 1018 1599 janvier
1036 1564 1112 1590 1255.

211 1629 378 1663 Praeposito
404 1632 432 1654 et
457 1628 612 1654 conventui
638 1626 777 1653 ecclesiae
802 1627 836 1652 de
860 1626 933 1659 Ror,
962 1626 1185 1660 Ratisponensis

174 1679 310 1708 diocesis,
330 1677 470 1711 indulget,
488 1680 518 1702 ut
532 1676 638 1703 festum
657 1675 846 1702 dedicationis
862 1675 1000 1701 ecclesiae
1016 1682 1086 1700 suae
1101 1682 1186 1700 cons-

176 1731 286 1754 tructae
304 1726 332 1752 in
350 1726 457 1752 honore
477 1725 576 1751 beatae
595 1723 723 1758 Virginis
740 1724 859 1756 Mariae,
876 1723 952 1758 quod
972 1724 1000 1749 in
1021 1723 1094 1749 festo
1112 1722 1186 1748 beati

176 1775 285 1802 Urbani
302 1773 455 1800 consuevit
470 1773 611 1799 hactenus
628 1772 780 1804 celebrari.
799 1772 826 1798 in
842 1771 999 1798 crastinum
1021 1770 1186 1796 Nativitatis

175 1823 307 1858 ejusdem
327 1822 455 1856 Virginis
478 1822 591 1856 possint
611 1821 757 1847 annuatim
783 1819 885 1846 tuturis
908 1819 1087 1854 temporibus
1110 1819 1186 1844 cele-

177 1872 268 1898 brare.
286 1871 371 1904 (Rea.
386 1871 431 1904 Ἡ,
451 1878 476 1897 c.
497 1871 542 1903 96,
563 1870 582 1896 f.
602 1870 663 1900 ΗΠ
683 1869 829 1895 Ponam
847 1868 953 1900 1555‘2.)

218 1986 230 1999 ι(
255 1973 448 2009 ...preposito
463 1976 489 2000 et
505 1971 669 1999 conventui
685 1971 802 1999 eeclesia
819 1970 852 1998 [Ie
868 1970 934 2003 lior,
953 1969 1073 1998 ordinis
1087 1969 1187 1997 sancti

175 2027 353 2063 Aussitstini.
379 2025 604 2062 Italisponensis
626 2024 761 2052 diocesis.
782 2022 969 2060 Religionis
990 2026 1097 2052 vestre
1118 2030 1187 2051 me-

177 2083 268 2109 retur
287 2096 336 2106 —.
360 2079 431 2107 Dat.
457 2076 616 2115 Neapoli,
641 2077 687 2106 VI
710 2074 870 2105 kalendas
893 2074 1071 2109 februarii,
1101 2083 1187 2103 anno

176 2140 294 2170 primo.
315 2143 327 2157 »

252 2308 337 2337 107
727 2306 844 2341 Naples,
863 2305 892 2332 31
910 2305 1023 2340 janvier
1040 2305 1116 2331 1255.

215 2371 353 2404 Magistro
365 2372 393 2395 et
404 2369 547 2395 universis
563 2369 700 2395 fratribus
716 2367 826 2394 ordinis
839 2367 1072 2393 Praedicator-um
1085 2374 1190 2392 eonce-

179 2419 235 2450 dit,
252 2423 283 2444 ut
299 2426 365 2444 cum
382 2418 408 2443 in
425 2417 520 2451 aliquo
537 2417 646 2443 ordinis
660 2416 785 2451 capitulo
802 2416 846 2442 vel
862 2419 1005 2442 conventu
1023 2415 1057 2441 de
1075 2415 1190 2449 provin-

179 2466 243 2493 ciali
260 2470 308 2492 aut
324 2465 506 2492 conventuali
525 2465 616 2499 priore
633 2465 790 2490 occurrerit
807 2464 907 2490 electio
924 2463 1066 2497 facienda,
1083 2464 1189 2489 electo-

180 2523 227 2542 res
254 2515 356 2550 prioris
383 2513 550 2547 hujusmodi
575 2514 617 2539 eis
641 2514 690 2547 qui
717 2521 766 2547 pro
796 2512 1012 2539 confirmatione
1037 2512 1191 2538 mittuntur

180 2563 288 2598 ipsius,
310 2563 334 2588 si
356 2570 391 2588 ex
415 2562 509 2595 aliqua
534 2569 622 2587 causa
646 2561 748 2586 electio
771 2560 938 2594 hujusmodi
963 2569 1018 2586 non
1041 2559 1189 2594 procedat,

179 2612 268 2639 libere
282 2611 394 2646 possint
405 2609 584 2636 committere
598 2613 628 2635 ut
639 2610 725 2636 alium
738 2609 844 2644 eligant
856 2609 883 2635 in
901 2609 1034 2644 priorem.
1048 2608 1131 2641 (Res.
1144 2609 1190 2637 24,

181 2670 206 2688 c.
224 2661 267 2694 97,
285 2660 303 2686 f.
324 2659 382 2691 ’ίῗνς
401 2658 548 2686 Porrffls’r
566 2658 673 2690 l5661.)

224 2774 237 2789 (t
262 2784 294 2796 ..‚
315 2761 463 2797 vnczyistro
485 2765 510 2789 et
534 2760 689 2789 universis
708 2760 860 2796 fratribvs
881 2760 1001 2788 ordinis
1018 2760 1192 2789 Predicato-

183 2824 264 2844 rum.
284 2815 327 2845 Ut
345 2822 383 2843 ea
399 2822 461 2851 que
478 2830 526 2841 —.
544 2813 618 2842 Dat.
636 2811 786 2850 Neapoli,
800 2812 831 2841 11
847 2811 1006 2841 kalendas
1018 2812 1190 2848 februarii,

183 2877 268 2897 anno
285 2867 404 2905 primo.
425 2879 436 2892 »

1340 277 1426 306 ¹08
1811 277 1931 313 Naples,
1950 278 1983 306 30
1995 278 2109 313 janvier
2126 278 2203 305 1‘255.

1302 337 1429 372 Petrum,
1448 342 1516 365 tunc
1534 339 1706 366 monachum
1727 339 1892 366 monasterii
1909 346 1933 365 s.
1951 339 2127 374 Eupliemiae
2144 338 2278 366 Nouens-

1265 387 1372 413 trensis
1387 386 1523 417 diocesis,
1536 387 1562 413 in
1580 387 1749 422 episcopum
1769 386 2016 422 Strongyliensem
2028 387 2062 413 ab
2077 387 2167 413 eleeto
2179 386 2209 413 S.
2222 385 2278 414 Se-

1264 435 1379 461 verinae
1395 436 1571 469 praefectum
1587 436 1748 462 confirmat.
1767 436 1851 468 (Rea.
1870 436 1914 467 24,
1934 444 1960 462 c.
1977 436 2020 466 98,
2039 436 2057 462 s.
2077 435 2143 468 η’.)

1307 549 1319 563 «
1337 537 1433 566 Petro.
1452 538 1539 566 electo
1554 537 1793 575 Stronyuilensi.
1810 537 1847 566 In
1865 540 1976 565 nostra
1990 536 2191 566 constitutus
2206 544 2278 574 pre-

1265 590 1373 620 sentia
1393 590 1487 619 nohis
1505 599 1666 628 exponere
1687 590 1846 619 curavisti
1869 589 1955 628 quod
1978 589 2118 619 dilectus
2134 588 2224 619 filius
2242 611 2275 622 ..,

1267 642 1385 672 Sancte
1397 643 1555 673 Severine
1575 643 1710 677 clectus.
1725 643 1863 681 cupiens
1878 641 2125 679 Stronguilensi
2138 640 2277 671 ecclesie

1266 699 1343 724 tunc
1355 700 1485 733 pastore
1502 696 1632 726 vacanti
1651 706 1690 726 ne
1707 705 1765 734 per
1777 695 1985 725 vacationem
1999 694 2164 723 diutinam
2180 693 2279 723 detri-

1266 752 1415 780 mentum
1423 749 1458 778 in
1469 748 1700 787 spiritualibus
1710 748 1760 778 vel
1770 747 2008 786 temporalibus
2017 747 2279 785 incurreretpre-

1266 812 1393 838 cavere,
1406 807 1435 832 te
1446 806 1523 831 tunc
1532 801 1732 831 monachum
1748 800 1944 830 monasterii
1956 803 2068 830 sancte
2082 798 2276 838 Euphemie,

1265 854 1523 886 Neucastrensis
1540 854 1693 889 diocesis,
1709 854 1815 884 eidem
1833 853 1972 884 ecclesie
1993 853 2087 892 cujus
2104 852 2193 882 idem
2209 860 2279 882 me-

1265 908 1485 947 tropolitanus
1502 907 1613 937 existit
1629 911 1661 937 et
1681 907 1721 937 ad
1742 916 1816 936 eum
1836 911 1915 937 tunc
1931 910 2000 937 erat
2013 905 2179 936 ordinatio
2195 904 2280 942 legi-

1265 962 1345 991 time
1361 960 1530 994 devoluta,
1554 960 1692 998 prefecit
1712 959 1870 989 canonice
1893 959 1928 988 in
1949 959 2139 997 episcopum
2155 961 2187 989 et
2202 965 2280 996 pas-

1266 1019 1380 1049 torem,
1398 1017 1494 1052 prout
1508 1013 1542 1042 in
1556 1012 1678 1043 litteris
1694 1012 1854 1042 confectis
1871 1011 1988 1041 exinde
2008 1010 2140 1049 plenius
2156 1009 2279 1040 dicitur

1265 1067 1441 1097 contineri.
1459 1067 1527 1096 Nos
1547 1065 1659 1104 itaque
1680 1065 1746 1095 tuis
1768 1064 1922 1103 precihus
1941 1063 2110 1099 inclinati,
2132 1062 2220 1102 quod
2237 1062 2278 1093 ab

1266 1120 1380 1150 eodem
1403 1119 1506 1150 electo
1527 1128 1627 1157 super
1646 1118 1708 1148 hoe
1725 1118 1859 1157 provide
1879 1118 2004 1147 factum
2024 1121 2073 1147 est
2093 1120 2202 1146 ratum
2216 1115 2279 1146 ha-

1264 1173 1381 1203 bentes
1398 1176 1429 1202 et
1445 1175 1586 1209 gratum,
1604 1170 1687 1200 illud
1703 1171 1899 1200 auctoritate
1915 1169 2095 1209 apostolica
2106 1168 2278 1199 confirma-

1265 1233 1339 1255 mus
1356 1228 1416 1254 etc.
1435 1232 1541 1262 usque
1559 1223 1814 1253 communimus.
1832 1222 1925 1252 Nulli
1948 1226 2008 1252 etc.
2026 1222 2100 1252 Dat.
2123 1219 2275 1259 Neapoli,

1265 1279 1316 1308 ΠΙ
1332 1277 1491 1307 kalendas
1507 1276 1681 1311 februarii,
1697 1285 1784 1306 anno
1800 1276 1917 1314 primo.
1938 1288 1950 1302 »

1342 1448 1428 1477 109
1836 1445 1960 1480 Naples,
1976 1445 1991 1471 8
2007 1444 2112 1471 fevrier
2127 1444 2206 1471 ¹255.

1302 1510 1441 1544 Magistro
1464 1508 1591 1535 Johanni
1614 1507 1648 1534 de
1674 1506 1817 1540 Eumene,
1833 1506 1941 1542 rectori
1964 1505 2104 1532 ecclesiae
2126 1504 2162 1531 de
2182 1503 2280 1530 Halte-

1267 1559 1368 1592 burna,
1386 1556 1610 1584 Saresbiriensts
1625 1555 1761 1585 diocesis.
1775 1562 1848 1589 quae
1865 1553 1894 1580 X
1910 1553 1997 1580 libras
2008 1552 2214 1587 sterlingorum
2225 1560 2280 1579 an-

1268 1607 1374 1634 nuatim
1392 1607 1480 1637 valet,
1496 1605 1647 1640 dispensat
1663 1608 1693 1631 ut
1710 1604 1828 1630 unicum
1849 1602 1944 1629 adhuc
1959 1601 2132 1628 beneficium
2151 1600 2236 1628 etiam
2253 1600 2280 1627 si

1266 1664 1365 1684 curam
1385 1655 1487 1682 habeat
1507 1654 1667 1680 animarum
1688 1660 1828 1679 annexam
1853 1651 1983 1686 recipere
2005 1650 2108 1677 valeat.
2127 1649 2211 1683 (Rea.
2227 1648 2280 1683 24,

1266 1713 1291 1731 c.
1310 1704 1353 1738 99,
1371 1704 1390 1730 f.
1408 1702 1462 1737 13.)

1310 1819 1323 1833 t<
1340 1807 1484 1843 Mayislro
1501 1805 1639 1834 Joliamzi
1655 1803 1688 1832 de
1705 1804 1852 1836 Burtone,
1877 1802 1988 1831 rectori
2003 1801 2121 1829 ecclesie
2137 1799 2170 1828 de
2185 1798 2280 1828 Hake-

1268 1862 1378 1895 burna,
1397 1858 1631 1889 Saresbz'riensis
1644 1857 1778 1886 diocesis.
1794 1854 2013 1885 Attendentes
2027 1857 2082 1883 tue
2094 1851 2214 1882 merita
2228 1867 2280 1880 —.

1268 1915 1342 1944 Dat.
1357 1911 1508 1950 Neapoli.
1524 1911 1570 1941 VI
1587 1910 1661 1940 idus
1678 1908 1851 1942 februarii,
1869 1915 1956 1937 anno
1971 1906 2090 1945 primo.
2111 1917 2125 1932 »

1343 2086 1362 2114 Ι
1373 2085 1431 2112 10
1818 2080 1937 2114 Naples,
1956 2078 1987 2105 13
1999 2077 2113 2113 janvier
2129 2075 2208 2103 1255.

1304 2146 1402 2173 Electo
1418 2145 1602 2180 Angustensi
1623 2142 1739 2170 mandat
1760 2141 1896 2177 quatinus
1917 2139 2029 2167 nobiles
2049 2139 2127 2165 viros
2142 2136 2282 2164 Volkma-

1269 2196 1344 2222 rium
1360 2195 1395 2221 de
1411 2194 1571 2220 Kenienate
1586 2196 1615 2218 et
1630 2191 1790 2218 Suekerum
1807 2189 1953 2216 dominum
1964 2187 1999 2214 de
2011 2185 2208 2213 Min'delberch
2220 2192 2282 2212 mo-

1269 2248 1335 2271 neat
1344 2247 1373 2271 et
1386 2243 1503 2270 inducat
1513 2246 1544 2268 ut
1559 2240 1723 2275 Rodegerio
1735 2239 1769 2265 de
1781 2237 1938 2265 Ehenheim
1951 2236 2018 2263 olim
2029 2234 2161 2262 Conrado
2173 2233 2281 2261 adhae-

1270 2294 1342 2320 renti
1360 2294 1432 2319 bona
1449 2292 1562 2318 detenta
1581 2291 1743 2317 restituant.
1761 2288 1843 2320 (Rau.
1863 2287 1907 2318 24,
1928 2295 1953 2313 c.
1975 2286 2029 2316 992,
2050 2285 2068 2311 Γ,
2087 2284 2141 2316 13.)

1359 2418 1378 2430 .,
1401 2395 1489 2423 eleeto
1508 2392 1702 2430 Avyustemi.
1727 2390 1810 2420 Cum
1831 2388 1989 2418 dilectum
2008 2385 2115 2416 filium
2131 2383 2282 2421 Rodege-

1270 2448 1358 2477 rium
1374 2447 1413 2477 de
1430 2445 1627 2480 Ehenheim,
1645 2452 1703 2474 sue
1715 2441 1899 2473 devotionis
1916 2438 2125 2479 exigentibus
2140 2436 2280 2471 meritis,

1271 2500 1408 2539 speciali
1417 2497 1643 2529 benivolentia
1654 2503 1904 2534 prosequamur,
1919 2492 2115 2522 mandamus
2125 2489 2284 2529 quatinus

1272 2551 1401 2582 nobiles
1424 2551 1512 2581 viros
1530 2548 1760 2581 Volkmarium
1781 2547 1819 2576 de
1840 2545 2026 2576 Kenienate
2045 2548 2075 2574 et
2098 2542 2283 2574 Suekerum

1272 2605 1442 2636 dominum
1465 2603 1504 2633 de
1524 2600 1751 2632 Mindelberch
1773 2599 1829 2638 qui
1852 2599 1938 2628 hona
1959 2596 2100 2636 predicti
2122 2596 2162 2626 R.
2185 2603 2283 2625 occu-

1272 2661 1347 2695 pata
1377 2656 1526 2685 detinent
1551 2662 1685 2683 moneas
1711 2651 1888 2682 efficaciter
1913 2654 1943 2679 et
1967 2648 2106 2678 inducas
2135 2650 2172 2677 ut
2197 2645 2284 2676 bona

1272 2709 1421 2748 predicta
1443 2708 1508 2737 sibi
1534 2707 1729 2740 restituere,
1757 2703 1884 2734 sublata
1907 2701 2055 2741 qualibet
2077 2697 2281 2733 difficultate,

1272 2766 1461 2801 procurent,
1475 2761 1563 2799 ipsos
1580 2760 1621 2789 ad
1636 2759 1669 2788 id
1682 2758 1820 2788 veritate
1832 2755 1963 2793 cognita
1976 2754 2061 2783 sicut
2071 2753 2199 2792 justum
2214 2751 2284 2782 sue-

1273 2815 1316 2844 rit
1335 2823 1391 2853 per
1407 2821 1581 2843 censuram
1598 2810 1858 2842 ecclesiasticam
1878 2806 2084 2846 appelatione
2101 2803 2285 2843 post-posita.

1274 2868 1402 2897 ratione
1424 2865 1630 2905 presentium
1657 2862 1892 2902 compellendo.
1917 2861 1991 2890 Non
2018 2859 2169 2889 obstante
2196 2855 2285 2895 quod

1313 2407 1326 2421 ((
1345 2418 1351 2423 .

2420 1301 2435 1483 .—··aeu-n

2424 1536 2437 1677 -κ-τοή-

2431 3143 2441 3154 .·
2431 3095 2441 3126 εν
2428 2858 2441 3082 ,ιωρυηζμικο
2435 2829 2438 2837 -
2427 2764 2441 2814 Ναιν-
2429 2727 2436 2747 ·-
2438 2708 2441 2715 .
