2498 3325
239 237 296 266 444

245 315 257 328 1)

246 368 258 380 11

245 419 258 433 1)

246 472 258 485 11

246 524 259 538 1)

245 575 258 589 1)

245 629 258 642 11

246 681 259 695 Υ)

247 733 259 747 1¹>

247 786 260 800 1)

247 839 260 854 1)

247 892 261 906 1)

248 945 261 959 1)

248 997 262 1012 1)

250 1050 262 1065 1)

249 1103 262 1117 1)

249 1155 262 1169 1)

249 1208 262 1222 1)

247 1313 261 1327 1)

248 1365 262 1380 n

250 1418 263 1432 1)

249 1469 262 1484 11

251 1522 264 1537 1)

251 1575 264 1590 11

251 1627 265 1642 11

253 1679 267 1694 1)

253 1731 266 1746 >i

255 1784 268 1799 1)

256 1837 270 1851 1)

256 1889 269 1904 11

256 1941 269 1956 11

256 1993 270 2008 1)

257 2046 271 2061 11

257 2098 271 2113 1)

258 2152 271 2166 11

259 2204 273 2219 1)

260 2257 273 2271 1)

260 2310 273 2325 1)

260 2361 274 2376 11

261 2414 275 2429 1)

263 2466 276 2481 11

263 2519 276 2534 11

264 2572 278 2586 11

264 2623 278 2638 11

265 2676 279 2691 1)

266 2729 280 2743 1)

282 302 392 330 minus
410 300 459 330 vel
477 299 610 338 majoris
627 302 919 336 (piantumcunquc
935 295 1055 325 valoris
1073 294 1245 324 annuatim

283 354 415 383 existat.
437 352 493 381 alii
517 350 716 380 contulerint
733 349 784 379 vel
801 349 840 378 ad
858 348 938 377 illud
955 356 1128 386 personam
1146 347 1245 376 aliam

284 404 557 444 pra-sentavei-int.
576 403 768 437 statuimus,
792 401 1000 439 providemus
1018 405 1047 430 et
1071 401 1169 430 ctiam
1193 409 1246 429 or—

284 459 447 491 dinamus,
467 456 551 495 quod
566 456 666 484 iidem
683 455 783 484 abbas
800 458 829 483 et
847 458 1027 483 conventus
1045 453 1159 483 tandiu
1172 461 1247 491 pre-

283 510 379 539 dictis
393 509 463 538 loco
477 514 507 538 ct
521 508 660 537 termino
673 512 798 536 tantum
813 507 944 535 nomine
959 506 1129 544 pensionis
1141 515 1247 544 quan-

285 568 352 592 tum
369 561 558 600 hujusmodi
578 560 775 589 beneficium
792 559 964 588 annuatim
982 558 1133 588 valuerit.
1153 567 1248 597 sepe-

284 616 369 645 dicto
405 614 574 652 capellano
610 612 661 642 vel
700 612 771 651 ejus
806 612 924 641 nuntio
956 621 1014 641 seu
1044 611 1249 650 procuratori

283 668 463 698 secundum
476 668 614 696 sormam
627 666 842 704 pres‹‘·ript;un
856 665 932 694 dent
947 669 975 695 et
993 665 1132 699 solvant,
1146 665 1249 695 donec

284 720 347 758 ipsi
367 720 404 749 de
421 719 581 748 beneficio
595 718 680 756 quod
699 717 847 756 ejusdem
866 717 987 747 valoris
1005 717 1123 747 existat
1140 717 1249 755 provi-

284 773 407 807 derint,
427 777 457 802 et
475 772 544 810 ipse
561 772 593 800 in
615 771 685 810 ejus
702 770 839 808 pacifica
857 770 1066 808 possessione
1083 770 1197 807 fuerit,
1219 775 1250 800 et

285 836 322 857 ex
339 836 376 856 co
401 826 528 863 integre
549 826 676 855 fructus
698 824 881 862 perceperit
906 828 936 854 et
955 828 1146 862 proventus.
1166 825 1205 854 Et
1221 824 1250 854 si

285 880 320 909 in
342 879 505 909 solutione
527 877 717 917 hujusmodi
742 881 911 907 cessarent.
934 877 1035 907 abbas
1054 882 1085 907 et
1107 886 1251 907 conven-

286 936 338 962 tus
362 931 510 970 predicti,
532 939 633 968 penas
649 930 822 959 incurrant
840 929 994 967 superius
1011 934 1196 960 annotatas.
1216 930 1251 960 si

287 994 363 1014 vero
383 984 551 1022 capellano
573 983 754 1021 prescripto
770 982 873 1012 suerit
891 983 930 1012 de
950 982 1113 1013 beneficio
1134 983 1252 1022 hujus-

287 1037 374 1067 modi
398 1042 453 1066 aut
476 1036 584 1065 valore
608 1035 714 1073 ipsius
740 1035 835 1065 modo
859 1035 987 1073 prefato
1009 1035 1177 1074 provisum
1197 1040 1254 1065 aut

288 1091 395 1128 ipsum
418 1089 532 1118 cedere
551 1088 685 1118 interim
702 1087 753 1117 vel
775 1088 932 1118 decedere
955 1088 1039 1118 forte
1063 1089 1251 1127 contigerit,

287 1146 343 1172 aut
360 1150 434 1171 eum
451 1141 491 1170 ad
507 1140 726 1178 episcopalem
742 1140 793 1169 vel
807 1140 1124 1179 archiepiscopalem
1136 1141 1187 1171 vel
1201 1151 1253 1171 su-

286 1195 448 1234 periorem
465 1194 661 1231 dignitatem
681 1194 780 1223 etiam
796 1194 993 1232 promoveri,
1013 1194 1161 1232 predicta
1178 1203 1255 1232 pen-

287 1248 336 1278 sio
352 1256 486 1286 prorsus
503 1247 632 1276 desinat
649 1255 686 1276 ac
702 1246 802 1276 etiam
818 1247 966 1282 finiatur,
985 1251 1016 1276 et
1033 1247 1134 1277 iidem
1153 1247 1254 1278 abbas

286 1304 317 1330 et
335 1304 516 1330 conventus
532 1300 604 1337 ipso
617 1300 691 1338 jure
710 1299 750 1329 ab
767 1299 839 1337 ipsa
854 1299 1015 1337 pensione
1028 1300 1162 1338 penitus
1175 1299 1255 1330 libe-

286 1357 411 1387 rentur,
425 1357 455 1382 et
471 1352 643 1382 ecclesiam
661 1353 699 1382 de
715 1352 909 1389 wingram,
924 1356 1081 1391 tanquam
1097 1353 1168 1391 ipso
1181 1353 1256 1392 jure

289 1409 474 1440 vacantem,
494 1404 552 1434 alii
568 1405 718 1434 conferre
739 1404 843 1434 libere
858 1404 1004 1441 valeant,
1022 1405 1074 1435 vel
1091 1406 1131 1435 ad
1150 1405 1255 1444 ipsam

288 1466 462 1496 personam
479 1457 578 1487 aliam
595 1461 802 1495 presentare,
821 1461 852 1487 et
868 1457 906 1487 de
923 1457 1010 1495 ipsa,
1027 1462 1124 1496 prout
1145 1458 1185 1488 ad
1201 1467 1256 1488 eos

289 1510 449 1548 pertinet,
475 1510 649 1548 disponere
679 1514 709 1540 et
737 1509 838 1540 etiam
863 1510 1032 1546 ordinare,
1065 1511 1145 1541 adeo
1171 1511 1259 1549 quod

289 1562 404 1601 pensio
421 1567 452 1592 et
470 1562 610 1592 ecclesia
627 1566 806 1592 memorate
828 1571 886 1600 per
904 1562 1022 1592 Sedem
1044 1562 1258 1600 apostolicam

291 1615 419 1645 nemini
437 1615 661 1650 conferantur,
682 1623 741 1644 nec
759 1615 798 1644 de
814 1614 897 1653 ipsis
913 1614 1069 1653 cuiquam
1086 1615 1195 1645 valeat
1212 1616 1258 1654 ip-

292 1668 338 1697 sis
353 1667 656 1697 contradicentibus
670 1667 708 1697 de
720 1667 874 1697 mandato
887 1667 982 1697 Sedis
997 1667 1144 1706 ejusdem
1159 1668 1259 1698 etiam

291 1720 468 1758 provideri.
488 1720 582 1756 Quod
599 1720 627 1749 si
646 1720 766 1758 prefati
784 1719 885 1750 abbas
904 1724 935 1750 et
951 1724 1133 1751 conventus
1151 1721 1260 1759 capel-

293 1772 368 1802 lano
388 1773 541 1810 superius
558 1776 737 1802 memorato
754 1772 793 1802 de
809 1772 970 1803 beneficio
984 1773 1124 1803 minoris
1138 1774 1259 1804 valoris

295 1825 485 1862 octuaginta
521 1833 725 1859 marcarum,
754 1825 841 1863 quod
871 1829 979 1855 tamen
1017 1826 1262 1864 quinquaginta

295 1886 423 1907 marcas
440 1877 480 1906 ad
496 1877 607 1906 minus
622 1877 730 1907 valeat
744 1877 928 1911 annuatim,
946 1879 1138 1908 censuerint
1156 1880 1262 1917 provi-

295 1929 449 1964 dendum,
469 1929 540 1967 ipse
558 1929 749 1967 capellanus
767 1929 1006 1960 nichilominus
1025 1931 1145 1961 dictam
1163 1931 1262 1962 eccle—

295 1981 379 2011 siam
395 1982 434 2011 de
453 1982 635 2019 Wingrave
653 1990 721 2011 una
738 1991 812 2012 cum
829 1982 1020 2021 hujusmodi
1033 1983 1194 2014 beneficio
1210 1994 1263 2015 re-

297 2035 411 2069 tineat,
428 2039 458 2064 et
474 2035 539 2072 ipsi
558 2034 659 2064 abbas
677 2039 707 2064 et
721 2040 903 2065 conventus
920 2044 938 2065 a
956 2035 1121 2067 solutione
1137 2038 1263 2075 prefate

296 2087 466 2125 pensionis
484 2087 551 2116 sint
569 2086 667 2116 liberi
690 2092 721 2117 et
743 2087 927 2123 immunes3
946 2088 1177 2125 decernentes,
1197 2094 1264 2120 sta-

297 2144 438 2175 tuentes,
456 2139 666 2178 providentes
683 2144 714 2170 et
730 2140 830 2170 etiam
845 2141 1052 2178 ordinantes,
1072 2142 1111 2172 de
1129 2143 1265 2181 speciali

297 2193 436 2230 predicti
458 2193 583 2222 domini
606 2202 687 2231 pape
710 2193 880 2228 mandato,
903 2194 989 2224 bona
1011 2195 1190 2226 eorundem
1207 2196 1265 2226 ab·

298 2245 384 2275 batis
410 2250 441 2275 et
462 2250 643 2275 conventus
660 2250 692 2276 et
715 2247 910 2277 monasterii
930 2247 1043 2277 Sancti
1063 2248 1185 2278 Albani
1207 2258 1265 2287 pro

298 2298 455 2336 predictis
476 2299 630 2328 omnibus
647 2303 677 2329 et
698 2299 840 2337 singulis
857 2300 1073 2330 observandis
1088 2301 1195 2331 eidem
1211 2310 1266 2332 ca-

298 2350 429 2388 pellano
446 2351 585 2381 existere
599 2352 754 2390 obligata,
773 2356 804 2382 et
823 2353 923 2382 etiam
939 2353 1141 2392 supplentes,
1160 2355 1199 2385 de
1215 2355 1266 2393 ip-

300 2403 370 2432 sius
390 2403 516 2433 domini
538 2413 619 2442 pape
636 2405 772 2442 speciali
790 2406 956 2441 mandato,
982 2406 1147 2437 defectum
1172 2417 1267 2437 man-

301 2454 368 2484 dati
387 2455 466 2484 dicti
482 2457 716 2493 procuratoris,
730 2466 767 2487 ex
781 2466 818 2487 eo
830 2458 917 2496 quod
931 2467 996 2488 non
1008 2458 1109 2494 solus,
1122 2460 1179 2490 sed
1192 2469 1267 2490 cnm

302 2507 377 2543 alio,
394 2508 428 2537 in
444 2508 531 2538 dicta
547 2517 647 2538 causa
662 2510 702 2538 ad
718 2511 979 2548 componendum
996 2515 1135 2548 tantum,
1154 2517 1186 2543 et
1201 2522 1267 2542 non

303 2560 343 2590 ad
360 2560 633 2597 submittendum,
645 2561 775 2592 eosdem
792 2562 944 2593 abbatem
958 2567 989 2593 et
1002 2569 1201 2595 conventum
1214 2574 1268 2596 or-

303 2612 484 2648 dinationi,
502 2613 685 2651 provisioni
705 2623 764 2644 seu
787 2615 979 2645 diffinitioni
1001 2617 1199 2656 cujusquam
1217 2617 1269 2648 vel

304 2665 344 2694 ad
360 2666 553 2704 pensionem
570 2666 711 2696 dandam
726 2667 869 2697 habebat
880 2669 1083 2699 mandatum.
1095 2671 1203 2700 Tenor
1214 2680 1268 2701 au-

305 2721 370 2747 tem
384 2718 531 2748 mandati
548 2718 627 2748 dicti
642 2719 793 2757 magistri
808 2720 971 2750 Wittelmi
987 2720 1061 2751 talis
1075 2726 1125 2751 est
1142 2732 1148 2751 :

759 2810 963 2843 Saint-Atban.
984 2812 1015 2839 10
1031 2813 1102 2839 avril
1120 2813 1199 2840 1256.

308 2882 321 2896 »
346 2870 563 2901 Sanctissimo
580 2872 666 2910 patri
686 2872 722 2901 in
738 2872 870 2903 Christo
887 2882 923 2902 ac
939 2873 1072 2904 domino
1090 2875 1271 2906 reverendo

1330 305 1343 319 1)

1330 358 1343 371 1)

1330 410 1343 424 t)

1331 463 1343 477 1)

1330 515 1343 541 1)

1332 568 1344 581 1)

1332 621 1345 635 1)

1333 674 1346 688 1)

1334 726 1346 740 1)

1334 779 1347 793 1)

1335 831 1348 846 1)

1335 884 1348 899 ))

1336 937 1349 952 1)

1350 2416 1363 2431 11

1351 2469 1364 2484 1)

1351 2520 1365 2536 1)

1351 2573 1365 2588 1)

1352 2625 1365 2640 1)

1353 2678 1366 2693 ))

1353 2731 1366 2746 11

962 231 987 259 R
994 228 1200 259 EGISTRES
1222 227 1530 257 D'ALEXANDRE
1553 229 1609 258 IV.

1368 292 1569 327 Alexandro,
1589 293 1648 323 Dei
1671 293 1776 330 gratia
1803 301 1932 322 summo
1955 292 2118 330 pontifici,
2139 292 2254 322 vdevoti
2275 291 2340 321 filii

1368 345 1419 374 sui
1437 345 1538 374 abbas
1555 350 1585 375 et
1604 351 1786 375 conventus
1803 345 1916 375 Sancti
1932 345 2070 374 Albani.
2090 344 2339 374 Lincotniensis

1368 397 1521 433 diocesis,
1533 398 1785 428 inclinationem
1795 398 1834 427 ad
1843 397 1963 436 pedum
1977 397 2089 427 oscula
2100 397 2283 427 beatorum.
2298 397 2339 427 In

1369 459 1467 479 causa
1485 459 1584 489 quam
1601 455 1714 480 contra
1731 459 1790 480 nos
1807 455 1914 480 movet
1931 450 2088 487 magister
2109 450 2280 480 Jotiannes
2298 449 2341 480 de

1369 503 1565 539 Camezano,
1587 503 1777 541 capellanus
1796 508 1904 533 vester
1925 512 1960 533 ac
1982 503 2261 533 contradictarum
2284 511 2342 533 au-

1369 555 1465 589 ditor,
1485 578 1518 591 ..,
1534 556 1644 585 abbati
1661 556 1774 586 Sancti
1789 556 1971 593 Augustini
1987 556 2252 590 Cantuariensis,
2265 563 2342 586 auo-

1371 609 1501 639 toritate
1527 614 1637 639 vestra
1659 618 1763 647 nuper
1787 609 1980 639 commissa.
1999 618 2035 639 ac
2059 618 2117 647 per
2141 609 2341 647 magistrum

1371 661 1557 691 Waltcrum
1583 662 1621 692 de
1645 662 1836 698 Sinemuro,
1862 662 1969 700 ipsius
1989 662 2119 692 abbatis
2143 661 2342 700 subdelega-

1372 718 1456 749 tum,
1476 714 1514 743 ad
1532 714 1726 744 Sanctitatis
1744 718 1851 744 vestre
1874 723 2010 744 examen
2029 714 2185 748 remissa,
2203 713 2344 744 dilectos

1373 766 1468 796 nobis
1480 767 1616 796 fratrem
1628 766 1837 796 VVillelmum
1852 767 1891 796 de
1905 765 2344 799 Hert01·e,commonachum

1373 824 1538 854 nostrum,
1558 824 1589 849 et
1605 819 1814 849 Willelmum
1835 819 1874 849 de
1899 819 2020 849 Sancto
2042 818 2225 848 Eadwardo
2244 817 2347 848 cleri-

1374 881 1459 907 cum,
1480 876 1709 910 procuratores
1728 875 1858 901 nostros
1876 871 2124 905 constituimus,
2141 871 2258 901 dantes
2280 870 2345 901 eis-

1374 925 1447 955 dem
1466 924 1736 963 procuratoribus
1758 924 1890 962 plenam
1910 927 2106 962 potestatem
2125 922 2346 962 componendi

1373 982 1405 1008 et
1426 977 1493 1007 alia
1507 977 1620 1007 onmia
1637 977 1782 1007 faciendi
1799 986 1862 1016 quc
1885 977 1919 1006 in
1939 976 2113 1014 premissis
2131 976 2277 1006 viderint
2293 984 2347 1006 ex-

1374 1031 1504 1069 pedire,
1531 1034 1640 1060 ratum
1670 1034 1701 1060 et
1724 1034 1854 1068 gratum
1877 1029 2027 1059 habituri
2055 1028 2215 1068 quicquid
2242 1027 2348 1059 iidem

1375 1083 1427 1114 vel
1450 1092 1564 1114 eorum
1592 1083 1674 1113 alter
1697 1083 1755 1122 qui
1778 1092 1915 1121 presens
1942 1083 2044 1113 fuerit
2073 1082 2208 1112 nomine
2233 1085 2350 1112 nostro

1377 1137 1531 1166 duxerint
1551 1136 1602 1166 vel
1627 1136 1757 1166 duxerit
1776 1135 1978 1166 faciendum.
2002 1137 2065 1166 Pro
2088 1136 2172 1174 ipsis
2194 1135 2295 1166 etiam
2315 1137 2350 1165 et

1377 1198 1490 1220 eorum
1503 1189 1606 1219 altero
1615 1189 1805 1220 Judicatum
1818 1188 1901 1218 solvi
1913 1188 2150 1226 promittimus,
2160 1187 2249 1218 idem
2259 1186 2349 1226 parti

1378 1242 1514 1272 adverse
1535 1241 1776 1279 significamus.
1794 1242 1868 1271 Dat.
1890 1241 1977 1279 apud
1992 1241 2151 1271 Sanctum
2166 1240 2348 1276 Albanum,

1378 1296 1446 1325 IIII
1484 1295 1558 1324 idus
1595 1294 1722 1333 aprilis,
1756 1303 1843 1324 anno
1877 1293 1917 1324 ab
1946 1293 2178 1323 incarnatione
2212 1291 2351 1323 Domini

1379 1348 1579 1379 M.CC.LVI.
1603 1360 1616 1374 »

1381 1414 1394 1428 «
1412 1400 1530 1431 Valeat
1545 1400 1712 1430 Sanctitas
1725 1404 1835 1430 vestra
1847 1403 1878 1430 et
1894 1403 2067 1429 conservet
2082 1407 2140 1429 vos
2153 1398 2352 1428 Altissimus

1380 1453 1519 1484 ecclesie
1551 1462 1610 1483 sue
1640 1457 1752 1483 sancte
1781 1461 1839 1490 per
1863 1456 2011 1490 tempora
2035 1451 2203 1481 diuturna.
2230 1451 2352 1481 Actum

1380 1507 1532 1545 Anagnie
1555 1506 1589 1535 in
1611 1505 1737 1544 capella
1756 1509 1869 1535 nostra
1889 1513 1976 1535 anno
1992 1504 2126 1534 Domini
2142 1503 2350 1540 M.CC.LV1‚

1381 1559 1564 1589 indictione
1580 1559 1699 1593 XIIII,
1718 1558 1771 1588 die
1787 1558 1935 1587 intrante
1949 1557 2046 1596 julio,
2063 1556 2276 1595 pontificatus
2293 1555 2354 1586 do-

1381 1612 1466 1642 mini
1482 1611 1662 1642 Alexandri
1678 1619 1760 1649 pape
1778 1611 1847 1641 IIII
1862 1619 1949 1640 anno
1965 1609 2120 1645 secundo,
2138 1607 2354 1648 presentibus

1381 1664 1532 1703 partibus
1559 1663 1717 1701 predictis
1740 1666 1772 1693 et
1793 1662 2042 1692 venerabilibus
2062 1661 2144 1692 viris
2167 1660 2354 1697 Willelmo‚

1383 1718 1486 1748 electo
1511 1716 1774 1755 Monopolitano,
1796 1715 1968 1746 VVillelmo
1989 1715 2028 1745 de
2051 1715 2171 1746 Sancto
2196 1714 2354 1750 Martino,

1384 1770 1617 1801 archidiacono
1631 1769 1793 1803 Roffensi,
1807 1768 1961 1800 Johanne
1973 1768 2012 1798 de
2026 1768 2214 1803 Sorancort,
2228 1766 2356 1797 domini

1384 1832 1466 1862 pape
1492 1822 1690 1860 capellanis,
1715 1821 1875 1859 magistro
1907 1820 2105 1858 VVill[elm]o
2135 1820 2174 1850 de
2199 1818 2355 1858 Lawyle‚

1385 1876 1539 1914 Philippo
1556 1875 1642 1905 dicto
1658 1874 1793 1905 Caballo
1809 1874 1940 1909 clerico,
1958 1873 2119 1903 fratribus
2135 1872 2308 1903 Willelmo
2323 1874 2359 1903 et

1385 1928 1562 1961 Riccardo,
1588 1927 1761 1958 monachis
1782 1926 1978 1957 monasterii
1998 1926 2036 1955 de
2053 1926 2213 1960 Bretone‚
2231 1924 2359 1955 Ebora-

1386 1981 1496 2012 censis
1520 1981 1677 2016 diocesis,
1699 1979 1880 2018 capellanis
1901 1979 2024 2008 nostris
2044 1978 2229 2013 Theodoro,
2244 1976 2359 2016 judice

1387 2041 1418 2065 et
1435 2034 1552 2064 nuntio
1570 2033 1796 2068 Brundusino,
1812 2036 1843 2062 et
1857 2032 2008 2063 Gnidone
2026 2030 2211 2066 Parmensi,
2225 2029 2359 2060 notario

1387 2087 1610 2125 infrascripto,
1631 2095 1668 2116 ac
1687 2085 1762 2115 aliis
1781 2084 1923 2115 testibus
1941 2084 2066 2114 vocatis
2083 2088 2114 2113 et
2127 2083 2264 2121 rogatis.

1389 2152 1402 2166 »
1423 2141 1461 2170 In
1477 2139 1571 2178 cujus
1583 2138 1632 2169 rei
1645 2138 1874 2168 testimonium
1888 2141 1919 2167 et
1935 2136 2118 2172 munimen,
2133 2136 2359 2166 instrumento

1387 2192 1535 2231 presenti
1560 2200 1661 2221 manu
1677 2190 1841 2221 Gnidonis
1858 2189 2061 2225 Parmensis,
2086 2188 2212 2227 publici
2234 2187 2360 2218 notarii

1387 2245 1538 2284 predicti,
1555 2244 1594 2274 de
1609 2244 1763 2274 mandato
1779 2247 1890 2273 nostro
1906 2242 2103 2280 conscripto,
2119 2240 2268 2279 sigillum
2280 2248 2362 2270 nos-

1389 2303 1477 2328 trum
1492 2297 1646 2327 duximus
1662 2295 1906 2334 apponendum.

1391 2363 1404 2378 »
1422 2351 1462 2380 Et
1485 2358 1544 2388 ego
1560 2349 1683 2384 Gnido,
1706 2348 1874 2386 predictus
1899 2350 2108 2377 sacrosancte
2128 2347 2277 2376 Romane
2297 2345 2362 2376 Eo-

1389 2403 1490 2434 clesie
1505 2402 1700 2432 auctoritate
1713 2401 1878 2436 notarius,
1888 2399 2047 2438 predictis
2060 2398 2274 2434 ordinationi,
2288 2406 2363 2437 pro-

1389 2455 1523 2490 visioni,
1541 2453 1785 2492 compositioni,
1801 2452 1993 2482 diffinitioni
2008 2461 2045 2482 ae
2061 2451 2216 2482 omnibus
2231 2450 2365 2490 predic-

1389 2508 1433 2538 tis
1447 2507 1598 2542 interfui,
1615 2515 1711 2542 anne,
1731 2514 1857 2540 mense,
1876 2505 1940 2539 die,
1958 2503 2028 2534 loco
2045 2508 2076 2534 et
2087 2502 2270 2533 indictione
2286 2509 2364 2541 pre-

1389 2560 1503 2595 dictis,
1530 2568 1567 2589 ac
1590 2568 1628 2589 ea
1650 2558 1762 2588 omnia
1787 2558 1826 2588 de
1850 2557 2006 2587 mandato
2027 2555 2230 2586 venerabilis
2256 2553 2364 2593 patris

1390 2612 1516 2643 domini
1533 2611 1714 2645 Johannis,
1739 2610 1828 2640 tituli
1850 2609 1964 2640 Sancti
1985 2607 2159 2638 Laurentii
2179 2607 2215 2637 in
2235 2606 2366 2638 Lucina

1391 2665 1568 2704 presbiteri
1584 2663 1764 2694 cardinalis
1780 2662 1937 2701 predicti,
1958 2661 2077 2699 scripsi
2094 2665 2126 2691 et
2143 2660 2178 2690 in
2193 2659 2365 2698 publicam

1391 2719 1533 2749 sormam
1548 2717 1661 2755 redegi
1676 2721 1812 2747 vocatus
1829 2719 1861 2746 et
1877 2719 2024 2753 rogatus.
2043 2726 2057 2740 n

1394 2783 1408 2798 »
1433 2770 1527 2801 Nulli
1552 2779 1629 2808 ergo
1654 2773 1715 2800 ete.
1743 2772 1855 2798 nostre
1880 2766 2144 2797 confirmationis
2169 2769 2202 2796 et.
2228 2763 2365 2804 supplo-

1353 2824 1454 2853 tionis
1485 2827 1545 2853 etc.
1574 2824 1646 2852 Dat.
1677 2821 1850 2860 Anagnie,
1882 2820 1934 2850 III
1963 2819 2039 2850 idus
2063 2818 2162 2858 julii,
2194 2826 2281 2848 anno
2310 2825 2368 2847 so-

1354 2876 1473 2906 cundo.
1495 2888 1508 2902 n

2463 571 2470 577 ι

2484 803 2498 887 *Δ-
2490 582 2498 796 ...n———A-

2496 1143 2498 1145 .
2493 1077 2498 1102 -
2490 904 2498 1051 μμ-
