2498 3325
207 278 263 306 274
933 275 1172 307 REGISTRES
1193 274 1500 306 D'ALEXANDRE
1525 277 1577 307 IV.

199 343 265 381 sis,
281 348 311 373 et
328 342 479 380 impensa
494 346 560 372 tam
578 342 618 372 ab
634 342 706 380 ipso
722 351 821 381 quam
837 343 985 372 Romane
1001 341 1149 372 Ecclesie
1165 341 1215 380 ip-

208 395 345 434 siusque
364 395 490 425 devotis
514 394 624 425 fidelia
643 399 674 425 et
696 400 828 433 accepta
849 395 1009 434 obsequia
1031 395 1139 425 felicis
1163 404 1215 425 re-

198 449 409 480 .c'ordationi.s
437 449 462 478 I.
485 457 572 487 ‚papa
597 449 810 487 predecessor
833 454 945 479 noster
968 453 1002 478 ut
1027 449 1214 487 accepimus

207 502 422 532 considerans
434 510 470 531 ac
485 501 673 535 intendens,
690 506 732 537 te,
751 502 857 540 ipsius
871 507 1033 540 nepotem,
1052 502 1092 532 ob
1109 501 1169 532 hoc
1183 506 1215 533 et

208 554 436 584 testimonium
452 554 538 592 quod
562 554 599 584 de
618 558 672 584 tue
695 554 817 584 mentis
836 554 1010 593 probitatis
1031 559 1212 593 acceperat,

206 607 361 646 prosequi
378 607 537 644 gratiose,
559 611 589 637 te
611 607 645 636 in
669 607 809 637 ecclesia
829 608 935 637 saneti
959 608 1215 638 Antonini-Pla-

207 659 341 689 centina
359 659 527 690 mandavit
550 659 584 688 in
608 660 804 689 canonicum
830 660 931 698 recipi
958 664 987 690 et
1005 660 1038 689 in
1058 660 1212 696 fratrem,

208 712 267 741 tibi
284 712 323 742 de
340 712 517 750 prebenda,
536 713 563 742 si
586 717 662 742 tunc
680 712 816 742 vacabat
833 713 958 743 ibidem
975 713 1024 743 vel
1043 713 1214 752 quampri-

207 774 297 795 mum
320 765 360 794 ad
377 765 411 794 id
427 774 461 795 se
482 766 615 795 offerret
634 766 874 804 opportunitas,
896 766 1071 804 provideri.
1090 767 1213 797 Verum

207 822 237 848 te
254 822 284 848 et
303 818 511 856 postmodum
533 818 566 847 in
586 819 735 858 ejusdem
755 819 894 849 ecclesie
919 820 1079 850 canonico
1102 819 1215 859 hujus-

207 870 293 900 modi
308 870 454 900 mandati
468 871 663 901 auctoritate
681 876 822 910 recepto,
836 876 867 902 et
881 896 913 907 ..,
927 872 1104 911 preposito,
1118 877 1149 902 et
1163 882 1215 903 ca-

206 923 310 962 pitulo
327 924 432 962 ipsius
444 923 582 954 ecclesie
595 925 761 963 quandam
772 925 973 963 prebendam
987 927 1214 957 canonicalem

206 986 269 1015 que
290 980 403 1014 postea
428 977 555 1006 vacavit
579 977 703 1007 ibidem
726 978 952 1009 dividentibus
972 979 1011 1009 de
1035 980 1215 1018 apostolica

207 1029 343 1060 licentia
359 1034 394 1059 ut
412 1029 534 1059 dicitur
547 1030 582 1059 in
598 1034 665 1060 tres
683 1035 803 1070 partes,
823 1031 972 1070 singulas
989 1033 1132 1071 singulis
1149 1033 1215 1064 cle-

207 1082 286 1112 ricis
303 1082 359 1121 qui
376 1083 595 1113 mansionarii
606 1084 796 1114 dicerentur
811 1090 968 1124 perpetuo
982 1087 1212 1124 assignandas,

207 1135 293 1165 idem
314 1135 535 1173 predecessor,
557 1136 670 1166 volens
696 1137 757 1166 tibi
779 1138 918 1175 gratiam
942 1139 1050 1169 facere
1076 1138 1215 1177 amplio-

206 1196 286 1217 rem.
305 1196 405 1217 unam
421 1187 555 1218 illarum
568 1189 712 1226 partium
728 1190 843 1220 tandiu
860 1200 878 1220 a
894 1195 924 1221 te
940 1191 1149 1221 retinendam
1166 1201 1214 1222 as-

207 1240 333 1278 signari
351 1240 531 1276 mandavit,
547 1250 646 1279 quam
659 1242 765 1272 adhuc
778 1243 925 1273 nosceris
937 1243 1096 1280 obtinere,
1111 1245 1215 1275 donec

205 1293 292 1323 fores
319 1293 354 1322 in
381 1292 453 1331 ipsa
481 1293 621 1324 ecclesia
646 1295 873 1325 canonicalem
899 1296 1101 1333 prebendam
1128 1297 1215 1327 inte-

205 1355 297 1384 gram
324 1351 508 1377 assecutus.
532 1348 634 1377 Porro
659 1348 737 1386 quia
758 1357 817 1378 nos
838 1349 1044 1387 receptiones
1065 1350 1215 1380 omnium

205 1399 292 1429 ultra
309 1400 560 1438 quaternarium
577 1409 753 1431 numerum
768 1401 953 1440 prebendas
970 1403 1215 1441 expectantium

205 1457 378 1483 vacaturas
398 1453 432 1482 in
459 1453 601 1491 singulis
627 1454 777 1484 ecclesiis
805 1455 952 1493 generali
977 1456 1215 1487 constitutione

205 1506 359 1535 duximus
371 1506 562 1541 irritandas,
581 1506 621 1536 ad
637 1507 851 1545 apostolicam
867 1508 990 1538 duxisti
1002 1509 1214 1539 clementiam

206 1558 455 1588 recurrendum.
478 1559 546 1588 Nos
562 1559 692 1598 itaque,
711 1560 777 1589 tuis
793 1561 947 1598 precibus
968 1561 1138 1597 inclinati,
1157 1563 1214 1593 de-

204 1611 329 1640 votioni
358 1615 411 1641 tue
438 1611 632 1642 auctoritate
658 1613 863 1651 presentium
884 1614 922 1644 de
946 1615 1082 1653 speciali
1109 1616 1215 1653 gratia

204 1664 434 1702 indulgemus,
459 1669 493 1694 ut
514 1674 570 1703 per
588 1667 859 1697 constitutionem
881 1668 1062 1706 predictam
1085 1669 1215 1700 nullum

205 1717 267 1746 tibi
284 1726 382 1755 super
396 1718 584 1756 receptione
600 1719 635 1748 in
652 1720 799 1757 sepefata
818 1720 956 1751 ecclesia
974 1721 1012 1752 de
1032 1726 1061 1752 te
1080 1723 1166 1753 sacta
1184 1727 1214 1753 et

201 1770 275 1809 Jure
304 1770 362 1798 tibi
390 1771 554 1808 acquisito
582 1780 639 1809 per
665 1772 771 1810 ipsam
793 1782 921 1803 necnon
948 1775 1055 1813 quoad
1080 1785 1215 1814 percep-

206 1822 328 1852 tionem
346 1823 507 1860 portiouis
524 1824 668 1861 predicte
682 1829 779 1863 atque
794 1827 1037 1857 assecutionem
1049 1829 1214 1866 prebende

205 1875 425 1914 prejudicium
446 1881 633 1913 generetur,
657 1878 804 1909 volentes
824 1879 886 1908 tibi
902 1880 941 1910 de
957 1881 1134 1918 prebenda,
1150 1892 1214 1920 que

205 1928 311 1966 primo
328 1928 360 1957 in
379 1929 493 1959 eadem
510 1930 660 1965 ecclesia,
674 1931 758 1961 nulli
771 1931 828 1961 alii
844 1932 883 1962 de
895 1933 970 1972 jure
983 1933 1102 1969 debita,
1119 1944 1214 1964 vaca-

204 1981 286 2010 verit
307 1981 483 2019 providcri.
502 1982 593 2012 Nulli
609 1987 669 2013 etc.
688 1989 799 2014 nostre
816 1986 1041 2016 concessionis
1060 1991 1120 2016 etc.
1139 1988 1212 2017 Dat.

206 2034 376 2069 Laterani,
396 2036 427 2064 11
446 2035 520 2064 idus
541 2035 736 2066 decembris.
756 2046 842 2067 anno
859 2038 976 2076 primo.
999 2051 1011 2065 η

275 2238 366 2266 924
713 2242 825 2275 Lati-an,
847 2244 874 2270 1²2
893 2245 1044 2272 decembre
1065 2246 1140 2274 15155.

240 2299 502 2335 Archipresbytero
527 2302 674 2329 Parmensi
701 2304 829 2339 mandat,
856 2309 886 2332 ut
912 2308 1036 2340 praefato
1060 2308 1212 2336 Guillelmo

206 2347 351 2381 provideat
368 2348 402 2374 de
420 2350 581 2384 praebenda
598 2352 773 2386 supradicta.
791 2353 874 2386 (Rau.
895 2354 945 2389 24,
963 2363 988 2383 c.
1007 2356 1084 2388 744²,
1102 2357 1121 2384 f.
1140 2358 1209 2390 108.)

248 2473 260 2487 «
286 2484 318 2496 ..,
341 2464 602 2502 archipresbytero
628 2467 799 2496 Parmensi.
826 2469 1043 2500 Devotionem
1067 2476 1126 2502 etc.
1156 2482 1213 2503 us-

206 2522 269 2551 que
290 2524 296 2542 :
314 2514 491 2546 intendens
508 2534 556 2546 —.
574 2518 647 2547 Dat.
668 2520 823 2550 Laterani
838 2525 997 2561 utsupra.
1019 2536 1031 2550 ›>

277 2718 365 2746 925
717 2723 830 2756 Latran,
850 2727 877 2752 11
897 2727 1048 2754 decembre
1064 2729 1141 2757 1255.

242 2779 370 2812 Nicolao,
389 2782 545 2808 camerario
561 2791 630 2817 suo,
648 2786 744 2820 nepoti
762 2787 851 2814 felicis
869 2790 1075 2817 recordationis
1090 2792 1214 2827 G1reg0-

207 2827 248 2860 rii]
270 2828 501 2861 praedecessoris
520 2831 581 2863 sui,
598 2833 748 2860 confirmat
763 2838 982 2864 concessionem
1004 2838 1119 2866 LXXX
1137 2850 1213 2868 mar-

205 2883 304 2902 carum
324 2877 528 2911 sterlingorum
549 2880 575 2906 ei
599 2889 614 2906 a
635 2888 777 2909 conventu
802 2883 997 2918 Lentoniensi,
1022 2887 1214 2918 Bituricensis

206 2923 340 2958 diocesis,
355 2926 467 2958 factam,
481 2928 590 2954 litteras
604 2932 803 2959 concessionis
819 2934 894 2967 apud
913 2935 1071 2963 Lentonum
1088 2937 1145 2964 1111
1162 2947 1212 2965 no-

1298 349 1350 367 nas
1370 343 1486 376 augusti
1509 343 1694 377 pontificatus
1714 343 1848 378 Gregorii
1869 343 1913 370 IX
1933 352 2008 371 anno
2036 343 2088 370 vn
2114 343 2199 378 [1233]
2225 343 2307 372 datas

1297 390 1462 416 inserendo.
1480 389 1562 422 (Rau.
1579 390 1624 424 Ἡ,
1640 400 1666 418 c.
1684 391 1744 423 745,
1763 392 1781 418 f.
1802 391 1873 425 108.)

1340 502 1352 516 α
1371 491 1504 526 Nicolao.
1522 493 1694 521 camerario
1712 498 1830 528 nostro,
1854 494 1956 531 nepoti
1971 494 2071 529 felicis
2086 493 2307 523 recordationis

1299 543 1330 573 G.
1346 544 1562 581 predecessoris
1577 546 1684 574 nostri.
1704 544 1799 580 Cum,
1818 545 1904 576 sicut
1922 545 1959 574 in
1975 550 2087 576 nostra
2105 545 2306 584 proposuisti

1297 596 1465 633 presentia
1481 597 1693 632 constitutus,
1710 620 1742 632 ..,
1758 598 1848 636 prior
1859 602 1890 628 et
1905 602 2087 628 conventus
2104 599 2307 629 Lentonien-

1297 657 1361 678 ses.
1379 648 1613 679 Cluniacensis
1629 650 1774 685 ordinis,
1790 651 2012 681 Bituricensis
2025 651 2192 686 diocesis:
2203 656 2306 683 atten-

1297 701 1411 731 dentes
1436 706 1528 739 grata
1551 708 1581 732 et
1603 708 1736 742 accepta
1759 704 1919 744 obsequia
1942 714 2005 744 que
2030 705 2113 744 ipsis
2138 709 2169 736 et
2192 714 2306 736 eorum

1297 755 1499 784 monasterio
1527 754 1711 786 liberaliter
1735 757 1946 795 impendisti,
1971 766 2117 788 annuam
2141 758 2308 797 octoginta

1297 816 1484 838 marcarum
1504 809 1739 847 sterlingorum
1756 811 1951 849 pensionem
1970 811 2217 850 percipiendam
2237 821 2256 842 a
2275 815 2307 843 te

1298 861 1444 899 quandiu
1467 862 1590 892 vixeris
1615 863 1715 893 certis
1741 863 1812 893 loco
1837 868 1868 894 et
1894 864 2046 894 terminis
2071 864 2131 894 tibi
2153 864 2308 896 duxerint

1297 914 1557 950 concedendam,
1587 920 1682 954 prout
1711 916 1745 946 in
1772 916 1894 947 litteris
1919 917 2099 948 eorundem
2129 917 2251 956 prioris
2277 922 2308 950 et

1298 971 1480 997 conventus
1502 968 1613 1005 sigillo
1634 969 1775 1007 signatis
1799 978 1898 1008 super
1918 969 1979 1000 hoc
2001 970 2161 1000 confectis
2177 969 2308 1009 plenius

1298 1019 1498 1055 continetur,
1519 1021 1604 1056 Nos,
1623 1021 1690 1052 tuis
1707 1022 2006 1060 supplicationibus
2030 1023 2198 1058 inclinati,
2221 1023 2309 1062 quod

1299 1071 1339 1102 ab
1357 1072 1481 1103 eisdem
1498 1073 1606 1112 priore
1627 1078 1657 1104 et
1674 1080 1839 1105 conventu
1855 1076 1978 1106 factum
2001 1080 2049 1106 est
2069 1076 2103 1105 in
2119 1075 2181 1106 hac
2199 1080 2306 1115 parte,

1298 1129 1406 1155 ratum
1431 1125 1592 1156 habentes
1621 1131 1651 1157 et
1678 1131 1822 1165 gratum,
1850 1128 1882 1158 id
1909 1129 2104 1160 auctoritate
2130 1129 2310 1168 apostolica

1298 1178 1533 1209 confirmamus
1549 1184 1609 1209 etc.
1627 1189 1733 1219 usque
1754 1191 1760 1210 :
1779 1181 2036 1212 communimus.
2053 1183 2214 1212 Tenorem
2234 1191 2310 1220 pre-

1298 1230 1461 1260 dictarum
1482 1231 1670 1262 litterarum
1694 1234 1904 1272 presentibus
1923 1234 2028 1265 inseri
2049 1235 2228 1269 facientes,
2251 1234 2309 1274 qui

1297 1283 1373 1313 talis
1393 1288 1442 1314 est
1459 1295 1465 1313 :

1906 1339 2026 1371 Lentem
2044 1340 2058 1368 3
2074 1341 2142 1367 aeut
2159 1339 2237 1368 1233.

1340 1412 1352 1426 «
1372 1400 1450 1430 Viro
1464 1400 1648 1430 venerabili
1665 1405 1696 1431 et
1712 1402 1818 1431 amico
1832 1402 1866 1431 in
1881 1401 2015 1432 Christo
2025 1402 2306 1433 reverendissimo

1300 1465 1313 1479 »
1338 1452 1471 1483 domino
1487 1453 1635 1488 Nicolao,
1654 1454 1780 1484 domini
1796 1455 1835 1485 G.
1853 1455 1914 1485 Dei
1932 1455 2037 1493 gratia
2055 1464 2136 1494 pape
2152 1455 2231 1486 noni
2247 1464 2306 1486 ne-

1300 1517 1312 1531 »
1338 1506 1405 1543 poti
1417 1510 1447 1536 et
1460 1506 1640 1544 capellano,
1652 1507 1755 1537 frater
1769 1508 1943 1545 Rogerius,
1959 1507 2109 1543 humilis,
2122 1508 2212 1546 prior
2225 1509 2306 1538 Len-

1300 1571 1312 1585 »
1338 1559 1512 1590 toniensis.
1535 1563 1687 1598 totusque
1703 1560 1851 1599 ejusdem
1867 1560 1931 1590 loci
1953 1565 2150 1596 conventus,
2169 1560 2308 1592 Clunia-

1300 1624 1312 1638 »
1338 1612 1448 1641 censis
1457 1612 1596 1645 ordinis,
1608 1612 1749 1642 salutem
1758 1613 1792 1642 in
1803 1612 1921 1642 salutis
1934 1617 2079 1644 auctore.
2091 1614 2308 1644 Attendentes

1300 1676 1312 1690 »
1338 1668 1430 1702 grata
1449 1669 1480 1694 et
1496 1664 1592 1694 utilia
1608 1665 1768 1704 obsequia
1785 1666 1880 1696 nobis
1897 1670 1927 1696 et
1943 1667 2145 1697 monasterio
2164 1670 2276 1697 nostro
2289 1676 2308 1697 a

1299 1729 1312 1744 ι)
1337 1717 1431 1747 vobis
1448 1717 1609 1748 hactenus
1625 1718 1809 1749 liberaliter
1832 1723 1863 1749 et
1889 1719 2066 1758 diligenter
2089 1720 2258 1758 impensa,
2276 1723 2308 1750 et.

1299 1782 1311 1797 n
1337 1770 1499 1800 utilitates
1518 1780 1581 1810 que
1598 1780 1655 1809 per
1671 1780 1727 1801 vos
1745 1776 1775 1801 et
1796 1772 1920 1802 amicos
1944 1776 2070 1802 vestros
2092 1772 2187 1803 nobis
2206 1776 2237 1803 et
2253 1781 2307 1803 ec-

1299 1835 1311 1850 »
1336 1824 1436 1854 clesie
1453 1829 1563 1854 nostre
1580 1825 1754 1862 provenire
1766 1830 1919 1863 poterunt
1932 1825 1966 1854 in
1978 1825 2139 1860 futurum,
2153 1825 2306 1855 concordi

1299 1889 1311 1903 n
1337 1881 1368 1906 et
1384 1877 1536 1906 unanimi
1549 1877 1716 1907 voluntate
1734 1882 1762 1907 et
1777 1877 1848 1915 pari
1865 1877 2116 1908 deliberationis
2128 1886 2304 1912 consensu,

1299 1941 1311 1956 η
1337 1929 1474 1964 damus,
1504 1930 1715 1959 concedimus
1746 1933 1777 1959 et
1803 1930 2013 1968 assignamus
2039 1930 2131 1960 vobis
2161 1939 2305 1960 annuam

1299 1994 1311 2009 ιι
1337 1983 1531 2020 pensionem
1549 1983 1716 2019 octoginta
1736 1992 1922 2013 marcarum
1941 1983 2176 2021 sterlingorum
2193 1983 2231 2014 de
2253 1992 2307 2014 ca-

1299 2047 1311 2061 n
1336 2044 1427 2065 mera
1444 2039 1556 2065 nostra
1575 2035 1717 2073 singulis
1735 2036 1832 2066 annis
1849 2035 1995 2074 quandiu
2012 2036 2163 2066 vixeritis
2180 2036 2215 2065 in
2231 2036 2307 2066 duo-

1299 2101 1311 2115 »
1336 2089 1398 2118 hus
1418 2088 1587 2119 terminis.
1609 2088 1762 2118 videlicet
1783 2089 1871 2119 infra
1895 2089 2099 2127 quindenam
2125 2090 2306 2119 Resurrec-

1299 2153 1312 2168 »
1337 2141 1438 2170 tionis
1456 2141 1620 2170 dominice
1637 2141 1797 2176 mediam,
1822 2146 1851 2171 et
1874 2141 1963 2170 infra
1979 2141 2183 2180 quindenam
2199 2141 2307 2172 sancti

1299 2205 1312 2220 »
1339 2193 1512 2223 Michaelis
1529 2194 1563 2223 111
1578 2194 1642 2224 fine
1660 2194 1856 2232 septembris
1873 2193 2012 2223 alteram
2027 2194 2170 2224 mediam
2186 2193 2220 2223 in
2237 2202 2308 2224 mo-

1299 2258 1311 2272 »
1338 2246 1484 2276 nasterio
1503 2246 1541 2276 de
1558 2246 1800 2278 Bermundens,
1819 2246 2052 2277 Cluniacensis
2068 2246 2207 2282 ordinis,
2221 2246 2308 2285 apud

1299 2311 1311 2325 »
1337 2299 1532 2329 Londonum
1550 2299 1811 2337 persolvendam.
1834 2299 1938 2335 Quod,
1957 2303 1991 2328 ut
2005 2303 2114 2329 ratum
2127 2299 2170 2329 sit
2184 2299 2307 2330 futuris

1299 2364 1311 2378 »
1336 2352 1540 2390 temporibus
1559 2356 1590 2382 et
1612 2351 1731 2382 stabile
1756 2356 1961 2390 perseveret,
1984 2356 2156 2390 presentes
2178 2351 2306 2383 litteras

1299 2416 1311 2431 »
1337 2404 1561 2443 supradictam
1575 2404 1787 2434 donationem
1801 2409 1832 2434 et
1848 2404 2098 2434 concessionem
2112 2404 2306 2436 roborantes

1298 2469 1311 2483 »
1337 2461 1368 2487 et
1379 2457 1594 2487 testificantes
1607 2456 1794 2494 sigillorum
1808 2461 2007 2492 nostrorum,
2021 2457 2141 2495 prioris
2152 2456 2307 2488 videlicet

1299 2523 1311 2537 »
1336 2514 1367 2540 et
1395 2514 1576 2540 conventus
1602 2510 1874 2545 Lentoniensum,
1893 2509 2100 2548 appositione
2121 2509 2303 2541 firmamus.

1298 2575 1311 2590 »
1336 2563 1409 2593 Dat.
1428 2563 1514 2600 apud
1529 2563 1732 2598 Lentonum,
1756 2564 1824 2593 1111
1846 2572 1951 2592 nonas
1968 2562 2116 2601 augusti,
2140 2571 2227 2593 anno
2247 2563 2304 2593 do-

1298 2627 1311 2642 »
1335 2615 1419 2644 mini
1435 2616 1474 2646 G.
1492 2624 1573 2654 pape
1590 2616 1688 2646 VIIII
1703 2625 1789 2646 anno
1806 2616 1957 2654 septimo.
1977 2627 1990 2641 n

1335 2667 1429 2698 Nulli
1453 2672 1514 2698 etc.
1537 2672 1647 2698 nostre
1670 2669 1932 2698 confirmationis
1953 2672 2012 2698 ete.
2039 2669 2112 2698 Dat.
2135 2667 2302 2703 Laterani,

1296 2722 1347 2751 III
1362 2721 1436 2751 idus
1451 2721 1646 2752 decembris.
1668 2731 1755 2752 anno
1771 2722 1888 2760 primo.
1908 2734 1920 2748 »

1366 2879 1455 2908 82ss
1804 2879 1916 2910 Lati-an,
1939 2879 1965 2905 11
1985 2879 2136 2906 decembre
2154 2878 2232 2906 1‘255.

1331 2941 1474 2976 Episcopo
1496 2942 1686 2968 Avinionensi
1702 2942 1834 2968 concedit
1850 2941 2013 2967 facultatem
2034 2940 2200 2966 absolvendi
2215 2940 2301 2967 cleri-
