2498 3325
235 234 292 263 ζ286
962 231 1202 263 REGISTRES
1224 229 1532 271 DTALEXANDRE
1554 230 1611 260 IV.

276 298 369 329 Nulli
391 303 451 328 etc.
478 303 588 329 nostre
609 299 871 330 confirmationis
893 303 923 330 et
944 298 1164 338 suppletionis
1183 302 1244 328 etc.

237 352 357 382 Datum
375 352 539 387 Laterani,
557 352 586 382 V
601 352 676 382 idus
694 352 890 388 decembris,
909 360 996 382 anno
1010 351 1128 391 primo.
1151 363 1164 377 n

309 545 397 573 948
749 543 864 576 Lati-an,
882 544 912 570 11
928 543 1080 570 decembre
1098 543 1175 570 1255.

275 606 449 633 Abbatissae
471 610 499 632 et
521 606 674 632 conventui
699 606 865 632 monasterii
888 614 912 633 s.
939 605 1044 632 Mariae
1067 605 1101 632 de
1124 605 1248 631 Caritate

239 655 411 688 Fuliginatis
431 665 442 677 «ι
464 654 615 681 eeclesiam
633 654 725 680 sancti
740 653 854 680 Giandii
870 653 1043 688 Fuliginatis
1058 662 1154 688 quam,
1173 654 1249 680 sicut

239 704 381 735 asseritis,
406 703 498 729 felicis
521 702 730 729 recordationis
753 702 934 737 Glregorius]
962 711 1035 737 papa
1060 702 1250 736 predecessor

241 756 339 778 noster
355 752 417 778 suis
433 755 557 786 emptam
574 751 739 786 sumptibus
758 750 933 777 monasterio
949 755 1045 777 vestro
1062 750 1107 785 pia
1122 751 1250 777 liberali-

241 805 298 827 tate
318 800 450 834 contulit,
474 811 487 824 n
509 800 544 826 de
567 808 640 826 novo
661 799 803 827 concedit.
828 799 911 833 (Rea.
932 799 976 832 24,
1000 807 1026 826 c.
1048 799 1110 833 765,
1131 799 1151 826 f.
1172 798 1248 830 1122

243 849 389 876 Porrms'r
407 850 513 882 16127.)

285 964 298 978 «
318 974 351 987 ..,
372 952 531 986 abbatisse,
551 956 576 980 et
592 951 757 980 conventui
780 951 960 980 monasterii
983 955 1085 980 sancte
1107 950 1202 979 Maria
1218 949 1251 978 de

244 1006 378 1035 Caritate
393 1005 593 1042 Futiyinatis,
611 1004 730 1033 ordinis
748 1005 849 1033 sancti
868 1004 1026 1032 Damiczni.
1049 1003 1131 1033 Cum
1155 1012 1173 1033 a
1191 1011 1251 1032 no-

244 1057 296 1087 bis
331 1075 380 1086 —.
419 1058 493 1086 Dat.
532 1057 699 1092 Laterani,
731 1057 781 1086 111
818 1056 892 1086 idus
928 1055 1132 1091 decembris,
1165 1064 1252 1085 anno

244 1110 360 1150 primo.
385 1122 397 1137 »

317 1301 404 1330 949
752 1299 866 1333 Latran,
886 1299 914 1326 11
934 1299 1086 1325 decembre
1104 1298 1182 1325 1255.

282 1364 456 1390 Abbatissae
476 1366 505 1389 et
525 1362 681 1389 conventui
703 1361 867 1388 monasterii
889 1369 931 1388 ss.
956 1361 1088 1396 Phylippi
1110 1363 1138 1387 et
1153 1360 1255 1387 Jacobi

249 1413 387 1439 Fanensis
409 1411 554 1446 indulget,
573 1414 603 1437 ut
623 1411 650 1437 iu
673 1410 770 1437 causis
787 1418 859 1444 quac
880 1414 978 1436 contra
995 1410 1073 1445 ipsas
1090 1410 1133 1436 vel
1149 1418 1256 1438 coeno-

247 1461 325 1488 bium
342 1465 493 1487 moventur
508 1461 533 1486 in
548 1461 608 1486 foro
624 1459 820 1486 ecclosiastico
833 1459 875 1485 vel
889 1459 973 1485 ctiam
986 1458 1125 1485 saeculari
1141 1458 1256 1494 aliquod

248 1510 365 1536 minime
383 1513 532 1535 teneantur
548 1507 650 1534 Curiae
666 1507 799 1534 salarium
817 1507 962 1534 exhibere.
983 1507 1065 1539 (Κεῖοι.
1082 1507 1114 1534 ‘24
1126 1528 1133 1541 ‚
1150 1515 1176 1535 c.
1193 1507 1256 1542 766,

250 1558 268 1586 f.
288 1558 365 1585 tt3v:
384 1557 531 1584 Po‘i'rnis’r
548 1557 656 1588 16128.)

291 1672 299 1687 ‹
378 1661 532 1694 abbatisse,
554 1664 579 1688 et
599 1659 763 1688 conventui
784 1659 965 1687 ttiotiasterii
984 1663 1162 1689 sanctorum
1177 1659 1259 1695 Phy-

250 1715 328 1751 tippi
342 1718 367 1742 et
378 1713 480 1741 Jacobi
496 1713 653 1747 Fanensis,
669 1712 788 1740 ordinis
799 1712 899 1740 sancti
910 1712 1067 1741 Damiam'.
1082 1711 1179 1741 Viam
1194 1719 1259 1749 qua

251 1766 312 1795 snb
331 1783 379 1794 —.
398 1766 470 1795 Dat.
489 1768 524 1794 ut
540 1774 648 1802 supra.
671 1777 683 1790 »

322 1958 410 1985 950
774 1955 889 1986 Lau-an,
907 1955 921 1981 7
939 1955 1092 1981 decembre
1110 1955 1188 1981 1255.

286 2019 439 2046 Universis
448 2018 561 2044 clericis
572 2021 600 2043 et
612 2017 762 2044 monachis
772 2017 801 2043 in
815 2016 1006 2051 patriarchatu
1017 2015 1260 2050 Jerosoiymitano

251 2067 418 2094 constitutis
433 2066 558 2097 mandat,
571 2066 707 2100 quatinus
727 2065 884 2100 [Jacobum]
905 2065 1094 2099 patriarcham
1110 2063 1260 2098 Jerosoly-

251 2117 400 2149 initimum,
425 2116 502 2142 sicut
524 2115 698 2150 apostolicae
723 2114 807 2140 Sedis
829 2114 954 2148 legatum
980 2118 1035 2139 tam
1060 2114 1088 2139 in
1113 2113 1260 2147 provincia

250 2172 335 2199 quam
352 2164 379 2190 in
393 2164 522 2190 exercitu
533 2162 697 2190 Christiano
709 2163 844 2188 studeant
855 2161 957 2188 devote
969 2161 1107 2196 recipere.
1119 2161 1201 2195 (Rae.
1214 2161 1259 2191 ζ24,

251 2222 276 2240 0.
294 2214 353 2244 7117,
371 2212 494 2246 1.,11Ξ1.)

293 2327 305 2341 α
332 2314 583 2352 Arcliicpiscopis,
613 2314 768 2350 episcopis,
796 2317 821 2341 et
845 2313 963 2341 dilectis
987 2312 1063 2349 filiis
1091 2312 1258 2347 abbatibus,

247 2368 416 2406 prioribus,
437 2367 569 2401 (loconis,
585 2367 748 2404 prepositis
764 2370 789 2394 et
809 2364 882 2394 aliis
903 2366 1032 2402 prelatis
1051 2373 1168 2394 necnon
1186 2365 1260 2393 uni—

252 2423 345 2451 versis
361 2421 505 2458 capitatis
528 2425 553 2448 et
575 2420 770 2448 conuentibus
793 2419 989 2448 ecclesiarum
1013 2423 1037 2447 et
1059 2419 1260 2447 monasterio-

252 2483 321 2503 rum
339 2478 546 2511 areinptorum
566 2478 591 2501 et
614 2481 676 2501 non
693 2477 900 2510 exemplorum
922 2472 956 2500 iit
975 2472 1196 2509 patriarchatu
1211 2471 1260 2500 Je-

251 2528 464 2556 rosolimitttno
481 2527 666 2555 constitistis.
683 2525 734 2554 Ad
752 2528 873 2554 statum
890 2525 988 2554 Terre
1007 2524 1126 2554 Sancte
1142 2524 1259 2553 intime

252 2578 529 2610 considerationis
546 2578 651 2607 aciem
667 2577 860 2615 dirigentes,
879 2586 916 2606 eo
932 2576 1157 2615 propensioris
1175 2575 1260 2614 rigi-

250 2632 354 2663 lantie
370 2632 479 2661 studio
496 2631 583 2660 circa
600 2630 707 2668 ipsius
723 2630 890 2668 profectus
907 2629 1079 2659 intendere
1099 2629 1258 2666 cogimur,

253 2696 316 2726 quo
333 2695 405 2715 cani
426 2684 503 2714 fidei
526 2688 636 2714 nostre
661 2687 828 2713 auctorem
851 2682 945 2712 donis
970 2681 1260 2712 excellentioribus

253 2738 457 2769 dinoscimus
487 2737 671 2767 decorasse.
703 2736 786 2767 Cum
818 2736 889 2775 ejus
918 2735 1027 2774 operis
1056 2734 1259 2765 exhibitione

253 2792 375 2822 mentis
385 2790 514 2820 affectio
527 2790 730 2827 designetur,
743 2798 808 2819 non
821 2793 867 2818 est
880 2788 1015 2817 dubium
1030 2788 1110 2827 quin
1123 2788 1163 2817 ad
1175 2796 1258 2823 eam,

253 2854 350 2884 quam
368 2844 419 2873 sui
436 2847 527 2873 ortus
545 2843 616 2881 ipse
634 2842 801 2881 presentia
819 2841 999 2871 illustravit
1016 2841 1184 2879 variisque
1201 2840 1259 2869 mi-

252 2897 439 2927 raculorum
457 2895 629 2934 insignivit
647 2895 818 2933 prodigiis,
840 2893 1068 2924 exuberaverit
1086 2893 1191 2923 nostri
1210 2893 1260 2923 di-

1329 295 1426 326 lertio
1443 296 1684 334 Redemptoris.
1703 296 1741 326 Et
1755 295 1890 335 quidem
1905 295 1967 325 hec
1983 298 2032 326 est
2048 294 2105 324 illa
2121 298 2219 330 terra,
2239 303 2337 334 quam

1330 357 1348 377 a
1366 348 1515 386 patribus
1533 348 1656 381 nostris
1671 348 1874 379 hereditario
1889 348 1964 387 jure
1976 347 2140 386 possideri
2156 347 2339 377 decreverit

1331 405 1361 431 ct
1377 401 1415 431 de
1432 410 1497 439 qua
1513 400 1656 439 gloriosa
1672 401 1759 431 dicta
1779 404 1856 430 sunt
1878 400 2040 430 hactenus
2063 409 2080 430 a
2101 399 2283 438 prophetis.
2300 399 2338 430 Et

1331 454 1464 492 quidem
1482 453 1541 483 hec
1553 458 1602 483 est
1615 453 1673 485 illa
1687 457 1786 489 terra,
1801 453 1859 483 ubi
1872 453 1950 483 fidei
1962 456 2073 482 nostre
2087 452 2229 491 primum
2241 451 2341 492 jubar

1331 506 1455 537 effulsit
1472 510 1502 536 et
1519 506 1574 536 uhi
1591 510 1702 538 nostre
1720 506 1838 536 salutis
1854 505 2000 536 remedia
2017 505 2173 544 primitus
2189 510 2267 535 sunt
2282 513 2339 544 pe-

1331 564 1432 589 raeta.
1453 560 1559 597 Digne
1575 560 1687 599 itaque
1704 559 1811 598 ipsius
1830 558 1993 597 exemplo.
2017 559 2111 598 cujus
2128 558 2206 588 licet
2222 558 2340 588 imme-

1331 613 1386 641 riti
1404 613 1518 642 vicarii
1537 622 1652 643 sumus
1670 613 1704 642 in
1728 613 1842 648 terris,
1867 612 1999 651 plenius
2022 611 2195 642 informati
2219 615 2251 642 et
2269 619 2340 641 ma-

1332 665 1469 703 gisterio
1481 665 1614 702 cruditi,
1626 665 1666 694 ad
1678 665 1771 694 illius
1786 669 1871 695 terre
1885 664 2170 695 conservationem
2183 668 2214 694 et
2227 663 2338 699 robur,

1332 728 1430 757 quam
1447 718 1534 748 idem
1551 718 1713 749 Dominus
1730 718 1777 748 sic
1794 718 1961 756 insignem
1977 717 2130 751 reddidit,
2149 717 2197 746 sie
2213 715 2340 752 dilexit,

1332 772 1557 809 intendimus;
1582 776 1613 801 et
1638 772 1677 801 :nl
1701 771 1743 807 id,
1771 771 1939 810 plerisque
1965 770 2040 800 aliis
2057 770 2342 800 sollicitudinibus

1333 825 1571 863 pretermissis,
1590 833 1669 854 cura
1686 834 1745 854 nos
1766 819 1894 854 amovet
1918 828 1949 854 et
1971 823 2129 854 sollicitat
2153 822 2341 862 pastoralis.

1333 878 1457 907 Verum
1474 878 1552 917 quia
1569 887 1633 906 non
1651 886 1848 916 quoeunque
1865 876 2044 906 auctoritas
2058 876 2154 906 nohis
2166 875 2343 906 commissa

1334 931 1553 970 protenditur,
1581 930 1649 960 illic
1678 939 1750 960 esse
1777 938 1954 968 possumus
1974 929 2143 968 presentia
2168 927 2342 967 corporali,

1335 983 1427 1013 illius
1444 983 1592 1022 exemplo
1606 984 1712 1014 edocti
1729 983 1797 1022 qui,
1816 983 1962 1013 existens
1978 982 2102 1021 ubique
2115 985 2227 1020 utpote
2240 981 2345 1012 incir-

1336 1037 1609 1075 cumscriptibilis
1621 1041 1649 1066 et
1667 1037 1863 1071 immensus,
1877 1035 2012 1073 angelos
2026 1044 2103 1065 suos
2115 1035 2194 1065 facit
2206 1034 2345 1073 spiritus

1336 1094 1367 1119 et
1384 1090 1566 1126 ministros,
1585 1090 1641 1129 qui
1658 1089 1820 1119 inclinata
1835 1089 1980 1119 celorum
1998 1088 2174 1118 altitudine
2191 1092 2226 1117 ut
2241 1087 2346 1118 homi-

1338 1152 1413 1174 nem
1435 1143 1612 1173 redimeret
1628 1143 1736 1172 sactus
1753 1142 1868 1178 homo,
1891 1141 2072 1180 discipulos
2093 1150 2176 1180 quos
2195 1140 2294 1179 elegit
2310 1140 2345 1170 in

1339 1196 1531 1226 universum
1551 1195 1711 1224 mundum
1728 1195 1819 1224 misit
1838 1194 2047 1232 evangelium
2063 1193 2249 1232 predicare,
2267 1193 2346 1223 dum

1337 1257 1473 1279 necesse
1494 1248 1656 1278 hahemus
1673 1248 1783 1278 levare
1802 1248 1914 1278 oculos
1936 1248 1971 1277 in
1989 1247 2131 1278 circuitu
2147 1251 2178 1277 et
2194 1246 2347 1277 conside-

1337 1310 1411 1330 rare
1428 1300 1513 1330 filios
1529 1305 1649 1331 terram
1666 1300 1894 1330 inhabitantes
1910 1301 2060 1335 eandem,
2078 1309 2139 1330 nec
2155 1309 2210 1330 eos
2228 1308 2347 1338 possu-
2380 1291 2386 1293 ‚

1338 1363 1412 1383 mus
1441 1353 1662 1392 personaliter
1688 1353 1842 1388 visitare,
1874 1357 2082 1383 accrescente
2115 1353 2234 1383 affectu
2261 1352 2348 1392 quod

1340 1406 1487 1445 aspectui
1511 1406 1706 1444 denegatur,
1734 1416 1791 1444 per
1815 1406 1898 1436 alios
1920 1406 1958 1436 de
1982 1406 2104 1444 quibus
2126 1405 2348 1444 indubitatam

1339 1459 1495 1489 fiduciam
1509 1459 1667 1497 gerimus,
1683 1459 1758 1489 illos
1774 1459 1969 1489 adsalutem
1985 1459 2116 1489 erudire
2131 1458 2274 1488 scientes
2289 1457 2348 1488 hu-

1339 1513 1484 1553 jusmodi
1502 1513 1762 1542 sollicitudinem
1785 1511 2014 1550 compellimur
2031 1520 2192 1542 exercere.
2213 1512 2350 1550 Propter

1342 1567 1426 1606 quod
1448 1566 1629 1596 venerabili
1647 1566 1742 1595 fratri
1759 1570 1871 1595 nostro
1892 1588 1925 1600 ..,
1943 1564 2130 1603 patriarche
2145 1563 2349 1595 Jerosolimi-

1342 1624 1429 1655 tano,
1449 1620 1518 1649 viro
1538 1620 1652 1658 utique
1672 1628 1799 1648 morum
1821 1618 1994 1648 honestate
2008 1618 2203 1656 conspicuo,
2221 1616 2350 1648 littera-

1341 1683 1415 1703 rum
1449 1673 1589 1703 scicntia
1626 1672 1753 1710 prodito
1786 1675 1816 1700 et
1846 1670 2055 1709 providentia
2090 1670 2348 1708 circumspecto,

1342 1736 1440 1765 quem
1464 1734 1576 1755 carum
1597 1725 1770 1759 habemus,
1798 1732 1934 1753 suorum
1954 1723 2120 1761 exigentia
2136 1722 2348 1756 meritorum,

1341 1778 1437 1817 plene
1454 1777 1631 1815 legationis
1650 1776 1794 1805 officium
1818 1780 1884 1805 tam
1904 1775 1938 1804 in
1959 1775 2128 1813 provincia
2145 1773 2350 1805 Jerosolimi·

1342 1835 1420 1860 tana
1434 1839 1531 1869 quam
1549 1830 1649 1859 etiam
1664 1829 1698 1858 in
1716 1828 1860 1858 exercitu
1876 1828 2071 1862 christiano,
2085 1827 2275 1866 ubicunque
2292 1835 2350 1865 pro

1343 1884 1493 1914 subsidio
1509 1884 1607 1913 Terre
1627 1883 1745 1912 Sancte
1762 1882 1794 1910 in
1812 1881 1898 1910 dicta
1914 1880 2085 1919 provincia
2101 1880 2214 1915 suerit,
2229 1879 2268 1909 dc
2282 1880 2350 1909 fra-

1343 1941 1428 1967 trum
1447 1941 1635 1966 nostrorum
1652 1935 1802 1970 consilio,
1816 1934 1970 1963 (luximus
1984 1933 2275 1969 committendum3
2293 1941 2350 1971 spe

1343 1990 1439 2021 nobis
1458 1991 1552 2019 firma
1569 1989 1746 2027 proposita,
1766 1987 1867 2026 quod,
1886 1996 1961 2016 cum
1978 1987 2007 2016 ei
2025 1986 2109 2015 adsit
2129 1986 2256 2024 puritas
2272 1994 2350 2016 con-

1343 2043 1482 2074 scientie
1499 2047 1529 2072 et
1546 2046 1655 2080 presto
1674 2042 1715 2070 sit
1731 2040 1894 2080 judicium
1912 2039 2064 2074 rationis,
2083 2039 2246 2068 malitiam
2261 2038 2352 2068 odiat

1343 2101 1373 2127 et
1389 2096 1614 2126 innocentiam
1635 2099 1776 2129 tueatur,
1798 2093 1885 2132 quod
1907 2098 1994 2122 recta
2017 2101 2135 2129 regens
2156 2095 2187 2121 et
2203 2091 2351 2129 dirigens

1342 2150 1515 2184 indirecta,
1537 2156 1653 2186 aspera
1669 2150 1837 2177 convertat
1856 2146 1889 2175 in
1910 2145 2020 2184 plana.
2038 2144 2199 2181 Quocirca
2214 2144 2352 2174 univer-

1344 2202 1435 2233 sitati
1458 2206 1566 2232 vestre
1584 2210 1641 2239 per
1663 2199 1841 2238 apostolica
1865 2198 1987 2236 scripta
2008 2197 2206 2227 mandamus
2229 2201 2260 2227 et
2283 2197 2352 2227 dis-

1346 2256 1439 2285 tricte
1458 2255 1670 2294 precipimus,
1689 2253 1847 2292 quatinus
1867 2252 1977 2290 ipsum
1993 2251 2077 2281 sicut
2096 2250 2274 2289 apostolice
2291 2250 2351 2281 Se-

1344 2309 1394 2338 dis
1407 2308 1564 2346 legatum,
1584 2307 1685 2336 immo
1700 2306 1812 2335 verius
1829 2314 1888 2334 nos
1905 2305 1938 2333 in
1956 2304 2038 2342 ipso,
2057 2302 2219 2333 studeatis
2235 2301 2350 2332 devote

1342 2362 1489 2400 recipere
1509 2370 1545 2390 ac
1561 2359 1742 2389 honorilice
1759 2361 1971 2397 pertractare,
1988 2356 2102 2394 ibique
2123 2354 2351 2385 favorabiliter

1343 2423 1379 2444 ac
1395 2413 1538 2444 fideliter
1554 2413 1760 2446 assistentes,
1780 2411 1885 2449 ipsius
1903 2409 2051 2439 salubria
2070 2408 2196 2438 monita
2209 2411 2240 2438 et
2255 2415 2351 2437 man-

1343 2467 1418 2497 data
1437 2466 1607 2505 recipiatis
1623 2465 1796 2494 humiliter
1815 2468 1845 2493 et
1862 2461 2139 2500 irrefragabiliter
2154 2460 2348 2490 observetis.

1342 2522 1411 2551 Nos
1428 2520 1517 2550 enim
1539 2518 1722 2548 sententias
1739 2526 1821 2556 quas
1840 2516 1927 2546 idem
1943 2515 2005 2545 rite
2024 2514 2136 2544 tulerit
2152 2513 2188 2542 in
2207 2512 2350 2543 rebelles

1342 2578 1430 2604 ratas
1447 2573 1645 2603 habebimus
1665 2576 1695 2601 ct
1715 2571 1876 2600 faciemus
1890 2568 2110 2608 appellatione
2128 2570 2254 2597 remota
2272 2575 2351 2597 auc-

1345 2633 1411 2658 tore
1426 2626 1566 2656 Domino
1583 2624 1823 2654 inviolabiliter
1839 2621 2017 2652 observari.
2039 2620 2073 2649 Si
2090 2628 2167 2650 vero
2183 2619 2287 2649 alium
2301 2618 2351 2649 le-

1343 2684 1454 2719 gatum
1474 2679 1512 2709 de
1529 2678 1631 2707 latere
1653 2681 1764 2707 nostro
1781 2676 1820 2706 ad
1840 2679 1950 2714 partes
1968 2673 2044 2703 illas
2067 2672 2228 2714 destinari
2244 2672 2351 2702 conti-

1343 2733 1446 2771 gerit,
1475 2731 1626 2762 volumus
1657 2735 1708 2765 ut,
1740 2730 1811 2768 ipso
1839 2728 2000 2758 existente
2028 2725 2131 2760 inibi,
2158 2724 2351 2754 nominatus

1341 2785 1529 2824 patriarcha
1547 2784 1646 2823 hujus
1660 2782 1836 2821 legationis
1850 2781 1994 2811 officium
2008 2779 2048 2809 ob
2063 2777 2240 2817 apostolice
2254 2777 2351 2808 Sedis

1342 2837 1562 2868 reverentiam
1601 2836 1792 2866 nullatenus
1829 2838 2019 2872 exequatur.
2062 2832 2135 2861 Dat.
2170 2829 2325 2860 Laterani
2340 2853 2348 2865 ,

1342 2893 1405 2922 VII
1425 2891 1498 2921 idus
1516 2890 1712 2925 decembr-is,
1733 2897 1819 2918 anno
1835 2887 1953 2925 primo.
1975 2898 1987 2912 »

2489 2649 2498 2866 4—,2-....»m..

2487 2983 2498 3203 .-Λή-...ΑΗ
