2441 3330
187 198 224 228 68
912 189 1153 222 REGISTRES
1175 189 1483 220 D'ALEXANDRE
1507 190 1563 220 lv.

186 268 298 302 patum
315 260 489 298 contigerit
502 259 668 293 obtinere,
683 266 843 296 expensas
858 257 961 287 factas
977 260 1007 287 et
1024 255 1193 286 faciendas

187 316 228 345 ab
251 315 321 352 ipso
342 313 460 343 comite
483 316 615 351 propter
636 311 697 342 hoc
721 310 926 341 necessarias
947 309 1012 340 sibi
1033 309 1072 339 de
1097 309 1194 339 bonis

186 367 335 407 ejusdem
353 366 561 404 episcopatus
574 364 783 394 Vivariensis
799 363 902 393 facias
921 362 1087 393 resarcirI.
1107 362 1194 393 Con-

187 421 392 451 tradictores.
407 420 481 450 Non
498 419 650 449 obstante
664 418 692 447 si
709 417 878 456 aliquibus
890 434 937 446 —.
955 417 1028 447 Dat.
1042 414 1192 453 Neapoli,

186 476 214 505 V
232 475 307 505 idus
324 473 446 508 martii,
465 482 551 503 anno
567 472 684 511 primo.
705 484 718 498 »

258 655 346 683 248

223 717 431 743 Collectoribns
447 716 473 742 in
490 715 594 742 Tuscia
611 715 755 750 deputatis
771 714 803 740 ad
827 713 1000 740 vicesimam
1019 712 1196 739 ecclesiasti-

188 774 286 792 corum
306 769 494 798 proventuum
513 772 562 797 pro
573 763 677 788 Terrae
694 761 816 788 Sanctae
832 761 962 788 subsidio
979 760 1195 795 persolvendam

189 813 313 846 mandat,
328 816 357 838 ut
369 820 382 838 a
396 813 533 843 magistro
544 816 571 837 et
584 811 719 837 tratribus
732 810 881 844 hospitalis
897 809 932 835 de
948 809 1114 843 Altopassu,
1129 809 1197 835 bos-

190 862 336 896 pitalitatis
347 860 438 887 officio
451 860 648 893 fungentibus,
662 858 834 893 praedictam
848 857 1020 884 Vicesimam
1034 856 1197 883 nullatenus

189 911 315 943 exigant.
326 909 408 942 (nto,
419 909 463 938 ς211,
477 917 502 935 0.
514 909 577 940 207,
590 908 608 934 s.
620 907 668 938 ‘38;
690 907 867 937 tiones-mmo,
881 907 1014 939 Epistolac
1024 907 1126 931 sacculi
1138 906 1200 931 XIII

185 968 198 985 e
210 967 261 992 req.
276 960 375 991 pontis.
392 965 500 983 ronmn.
513 958 632 983 selectae.
647 955 783 985 Bet-oliui,
801 955 876 986 1894,
890 955 970 983 in-sno.
985 959 1003 980 t.
1018 953 1066 986 IlI,
1082 960 1112 980 11ο
1123 953 1196 986 387.)

765 651 883 686 Naples,
903 653 933 678 17
952 659 1027 677 mars
1047 650 1122 677 ¹255.

229 1074 240 1085 υ
259 1060 470 1090 Collectoribus
483 1060 623 1088 vicesime
639 1059 671 1086 in
688 1058 793 1087 Tuscia
808 1057 969 1094 depalatis.
984 1056 1075 1085 Licet
1089 1054 1197 1085 felicis

186 1112 424 1143 recordationis
442 1129 489 1140 —-.
508 1112 581 1141 Dat.
599 1109 753 1148 Neapoli,
777 1110 855 1139 XVI
882 1108 1041 1138 kalendas
1064 1107 1194 1145 aprilis,

188 1175 275 1195 anno
293 1165 410 1203 primo.
431 1177 443 1191 n

259 1337 348 1364 249

226 1399 314 1426 l'riori
331 1403 359 1425 ot
376 1398 510 1424 iratribus
521 1405 545 1423 s.
566 1396 688 1422 Fridiani
701 1395 825 1421 Lucanis
842 1394 1004 1420 facultatem
1021 1392 1198 1419 distrahendi

773 1333 891 1367 Napies,
908 1332 939 1359 ti>
955 1340 1030 1358 mars
1050 1332 1126 1358 1255.

188 1449 390 1484 possessiones
407 1447 449 1473 vel
466 1447 618 1473 thesauros
636 1445 776 1471 ecclesiae
788 1444 897 1477 absque
908 1442 1029 1469 consilio
1043 1442 1159 1476 majoris
1171 1445 1199 1468 ct

187 1497 312 1523 sanioris
336 1496 423 1530 partis
445 1494 571 1528 capituli,
590 1493 622 1519 ad
647 1494 737 1519 instar
759 1491 868 1518 Urbani
890 1491 1121 1526 praedecessoris
1141 1491 1196 1520 sui,

188 1545 348 1577 interdicit;
367 1549 395 1570 et
419 1543 539 1578 insuper
561 1542 700 1575 indulget,
724 1544 755 1567 ut
773 1542 800 1566 in
824 1539 1073 1575 procurationibus
1092 1543 1119 1565 et
1136 1538 1199 1565 aliis

187 1594 336 1628 obsequiis
366 1593 512 1619 Romanae
538 1591 684 1618 Ecclesiae
712 1590 855 1625 generalis
880 1589 1027 1615 conclusio
1053 1588 1118 1615 illos
1143 1596 1198 1614 non

187 1645 305 1669 coartet.
324 1642 407 1674 (Ru-to.
426 1641 470 1674 242
487 1649 513 1668 c.
531 1640 594 1672 208,
609 1640 628 1666 f.
644 1640 701 1671 28.)

230 1758 242 1771 α
259 1767 291 1779 ..,
304 1744 405 1781 priori
421 1748 446 1772 et
461 1743 613 1779 fratribus
627 1742 726 1770 sancti
740 1741 886 1770 Frtdiani
899 1741 999 1769 Lucan
1007 1741 1040 1768 ix.
1057 1739 1147 1769 Licet
1161 1738 1199 1769 de

188 1802 274 1827 statu
294 1796 509 1827 ecclesiarum
525 1795 673 1824 omnium
690 1793 915 1824 conservando
929 1793 1029 1823 officii
1049 1802 1109 1823 nos
1124 1801 1200 1831 pas-

189 1850 303 1880 toralis
319 1858 397 1879 cura
414 1848 585 1882 sollicitet,
609 1856 649 1877 ne
670 1851 781 1876 tamen
806 1846 945 1876 ecclesia
970 1849 1080 1875 vestra
1101 1855 1201 1884 quam

189 1913 246 1933 sue
266 1901 437 1939 religionis
454 1905 485 1929 et
507 1899 691 1930 devetionis
714 1899 839 1928 intuitu
858 1898 1066 1937 propensiori
1088 1898 1201 1935 diligi-

188 1964 261 1985 mus
276 1955 412 1984 caritate
427 1962 463 1983 cx
479 1952 591 1982 inutili
608 1951 822 1981 distractione
835 1960 945 1980 rerum
960 1960 1041 1989 quas
1055 1951 1201 1988 possidet

189 2016 323 2046 gravem
339 2007 503 2037 sustineat
524 2005 698 2040 lesionem,
724 2003 819 2033 nobis
844 2003 996 2033 imminet
1018 2003 1201 2033 studiosius

188 2060 439 2099 providendum.
459 2060 637 2096 Eapropter
653 2057 880 2095 possessiones
894 2056 945 2087 vel
962 2057 1135 2087 thesauros
1151 2057 1201 2095 ip-

189 2113 260 2142 sius
279 2111 418 2141 ecclesie
434 2111 501 2140 11151
517 2120 574 2148 pro
591 2109 768 2138 manifesta
789 2109 986 2138 necessitate
1003 2113 1033 2138 et
1049 2109 1201 2139 conside-

189 2165 317 2195 ratione
331 2164 467 2203 majoris
481 2162 654 2197 commodi,
672 2161 711 2191 ad
723 2161 829 2191 instar
842 2161 951 2191 felicis
963 2161 1201 2191 recordatiouis

147 2225 152 2229 ’
189 2217 318 2248 Urbani
334 2225 427 2254 pape,
446 2214 689 2253 predecessoris
706 2214 822 2249 nostri,
846 2214 1053 2243 distrahendi
1077 2214 1201 2253 absque

189 2269 329 2300 consilio
358 2269 493 2307 majoris
520 2272 551 2298 et
574 2267 718 2297 sanioris
741 2267 845 2305 partis
871 2266 1023 2305 capituli,
1052 2267 1145 2296 vobis
1171 2270 1202 2297 et

190 2322 356 2360 prioribus
371 2321 489 2351 vestris
506 2321 562 2359 qui
576 2329 634 2358 pro
651 2323 795 2357 tempore
810 2319 935 2349 suerint
951 2328 1081 2348 omnem
1097 2319 1202 2349 inter-

189 2375 330 2404 dicimus
345 2373 539 2402 auctoritate
557 2372 735 2410 apostolica
749 2371 952 2401 facultatem.
970 2371 1021 2401 Ad
1036 2371 1108 2407 hec,
1127 2381 1201 2402 cum

189 2427 305 2457 eadem
320 2426 458 2456 ecclesia
481 2429 589 2455 vestra
613 2424 654 2453 ad
679 2434 737 2454 nos
763 2429 794 2454 et
818 2426 1001 2454 Romanam
1021 2424 1201 2454 Ecclesiam

191 2479 282 2510 nullo
305 2478 470 2508 mediante
501 2478 681 2516 pertineat,
706 2477 882 2513 indiguum
908 2482 994 2507 esset
1024 2478 1148 2515 pariter
1171 2482 1202 2508 et

190 2532 371 2563 absurdum
388 2531 416 2561 si
433 2530 649 2569 specialitatis
666 2529 757 2559 illius
778 2529 884 2567 gratia
907 2530 1117 2560 fraudaretur
1138 2539 1201 2569 que

190 2584 390 2623 specialibus
407 2583 578 2614 consuevit
595 2582 745 2613 ecclesiis
767 2582 861 2612 Sedis
887 2583 1064 2621 apostolice
1089 2583 1202 2613 indul-

190 2637 270 2675 geri.
298 2638 476 2675 Eapropter
498 2635 725 2666 sinceritatem
748 2639 856 2665 vestre
876 2635 1061 2665 devotionis
1077 2639 1109 2665 et
1124 2635 1201 2666 fidei

191 2689 410 2724 attendentes,
429 2689 624 2719 auctoritate
642 2687 734 2717 vobis
752 2688 958 2726 presentium
976 2687 1198 2726 indulgemus

191 2743 274 2771 utin
286 2741 576 2780 procurationibus
589 2745 619 2771 et
632 2741 707 2771 aliis
718 2741 888 2780 obsequiis
897 2742 1045 2771 Romane
1054 2742 1201 2772 Ecclesie

191 2799 221 2825 et
238 2795 421 2832 legatorum
437 2794 489 2824 vel
510 2794 707 2823 nunciorum
725 2793 796 2832 ejus
813 2793 894 2823 cleri
916 2797 1001 2823 terre
1017 2797 1125 2824 vestre
1144 2803 1200 2832 ge-

192 2847 315 2877 neralis
340 2856 397 2877 vos
423 2847 591 2877 conclusio
614 2855 678 2876 non
704 2850 844 2881 coartet,
870 2846 928 2876 sed
950 2855 968 2876 a
990 2846 1083 2876 vobis
1108 2847 1200 2877 nullo

1277 255 1386 285 medio
1401 254 1618 292 singulariter
1633 264 1652 285 a
1668 256 1817 286 Romana
1833 255 1981 286 Ecclesia
1995 255 2186 294 requiratur
2200 254 2290 294 quod

1277 316 1295 337 a
1311 307 1404 338 vohis
1423 307 1454 337 ei
1476 307 1577 337 fuerit
1598 307 1635 337 in
1652 307 1809 346 predictis
1827 307 1998 347 obsequiis
2014 317 2072 346 pro
2088 307 2288 338 necessitate

1278 360 1435 399 temporis
1450 360 1721 398 impendendum.
1738 359 1832 390 Nulli
1847 364 1907 391 etc.
1924 365 2036 391 nostre
2052 359 2289 399 prohibitionis

1277 417 1308 443 et
1323 413 1548 443 concessionis
1561 417 1622 443 etc.
1637 413 1711 443 Dat.
1726 413 1877 451 Neapoli,
1893 414 1961 444 IIII
1974 413 2049 444 idus
2063 413 2186 448 martii,
2201 421 2289 444 anno

1276 475 1394 504 primo.
1418 478 1430 493 ι)

1350 665 1441 694 250

1316 727 1461 761 1111000111,
1485 735 1575 761 nuper
1599 727 1721 762 priorem
1743 726 1908 753 monasterii
1930 725 2045 753 Insulae
2069 733 2171 760 parvae
2193 724 2292 752 Ventu

1280 779 1390 810 terrae,
1409 775 1435 802 in
1451 776 1584 802 abbatem
1601 775 1767 802 monasterii
1786 783 1810 802 5.
1833 774 1971 802 Leonardi
1989 775 2165 810 praesectum
2180 778 2294 804 015110-

1279 832 1425 851 ccssorem
1440 823 1600 858 Benedicti,
1616 824 1729 850 abbatis
1743 832 1758 850 a
1774 824 1905 851 Conrado
1922 823 2071 855 nominati,
2083 832 2099 849 a
2111 823 2292 850 Salei-nirano

1279 877 1374 899 antem
1395 872 1613 906 archiepiscopo
1634 873 1669 898 de
1692 872 1825 899 mandato
1846 871 2007 898 Innocentii
2030 871 2072 898 IV
2092 872 2197 907 amoti,
2219 879 2293 898 con·

1280 920 1383 959 firmat.
1399 920 1483 953 (Rae.
1496 920 1538 950 24,
1552 928 1578 947 c.
1596 920 1656 951 909,
1671 920 1690 946 f.
1707 919 1761 952 28.)

1858 663 1976 698 anles,
1996 663 2022 690 Η
2045 672 2122 690 mars
2138 663 2217 691 ¹255.

1322 1034 1334 1048 «
1349 1022 1456 1055 Raoni,
1468 1022 1570 1050 abbati
1582 1022 1763 1050 monasterii
1775 1022 1876 1050 sancti
1886 1021 2046 1056 Leonardi,
2061 1021 2180 1051 ordinis
2191 1021 2293 1051 sancti

1279 1074 1442 1103 Benedicti.
1458 1074 1502 1102 Ex
1521 1077 1634 1107 tenore
1650 1077 1704 1103 tue
1718 1072 1890 1111 petitionis
1904 1073 2091 1111 accepimus
2103 1072 2200 1116 quod,
2215 1080 2292 1103 cum

1279 1127 1388 1158 felicis
1404 1126 1643 1157 recordationis
1660 1127 1685 1156 Ι.
1703 1135 1796 1164 papa,
1815 1126 2028 1164 predecessor
2050 1130 2172 1162 noster,
2190 1134 2292 1157 vene-

1279 1180 1378 1210 rabili
1403 1180 1499 1209 sratri
1524 1183 1636 1209 nostro
1721 1179 1969 1217 archiepiscopo
1991 1178 2218 1214 Salernitano‚
2240 1178 2292 1208 di-

1278 1233 1418 1263 rexisset
1435 1232 1537 1262 semel
1553 1237 1585 1262 et
1606 1232 1727 1262 iterum
1744 1232 1866 1270 scripta
1882 1241 1941 1262 sua
1963 1236 1999 1262 ut
2021 1232 2202 1263 Benedicto
2220 1240 2292 1263 mo-

1281 1285 1386 1315 nacho
1426 1285 1621 1314 monasterii
1659 1285 1766 1315 sancti
1802 1285 1985 1320 Leonardi,
2023 1286 2151 1316 ordinis
2185 1285 2293 1317 sancti

1281 1338 1471 1373 Benedicti,
1501 1337 1717 1368 Salernitane‘
1740 1338 1899 1373 diocesis,
1929 1338 1986 1377 qui
2012 1347 2046 1369 50
2071 1339 2110 1369 de
2136 1339 2292 1370 mandato

1281 1391 1447 1430 quondam
1460 1390 1604 1421 Conradi
1619 1391 1688 1420 nati
1701 1391 1868 1430 quondam
1879 1391 1932 1421 Fr.
1945 1391 2155 1430 imperatoris
2167 1392 2293 1422 ibidem

1282 1443 1409 1473 intrudi
1425 1447 1548 1473 temere
1567 1447 1598 1473 ct
1615 1443 1655 1473 ab
1671 1442 1919 1482 archiepiscopo
1937 1444 2009 1482 ipso
2024 1453 2082 1483 per
2096 1448 2222 1474 metum
2235 1444 2294 1484 qui

1282 1497 1398 1527 cadere
1430 1497 1676 1526 inconstantem
1706 1500 1834 1534 poterat
1863 1497 2052 1527 confirmari
2083 1497 2294 1536 postmodum

1281 1550 1486 1588 procuravit,
1518 1549 1636 1580 exinde
1664 1558 1801 1588 prorsus
1833 1554 1958 1585 amoto,
1989 1554 2020 1581 te
2045 1554 2123 1580 tunc
2148 1550 2295 1588 priorem

1283 1602 1479 1632 monasterii
1500 1601 1614 1632 Insule
1638 1611 1737 1640 parve
1756 1603 1868 1632 Ventu
1888 1606 1974 1632 terre
1997 1602 2146 1642 ejusdem
2167 1602 2295 1633 ordinis

1283 1656 1455 1694 preficeret
1479 1655 1586 1686 eidem
1611 1655 1813 1685 monasterio
1832 1655 1867 1684 in
1889 1655 2043 1686 abbatem
2059 1665 2066 1684 :
2081 1664 2142 1686 nos
2161 1655 2296 1685 tandem

1283 1709 1409 1746 prefato
1429 1707 1677 1746 archiepiscopo
1693 1707 1875 1737 direximus
1893 1712 2024 1738 nostras
2041 1707 2170 1738 litteras
2188 1706 2296 1738 conti-

1283 1766 1416 1796 nentes,
1443 1765 1479 1790 ut
1502 1769 1600 1798 super
1624 1760 1797 1798 premissis
1814 1761 1907 1799 juxta
1934 1764 2082 1791 tenorem
2106 1760 2296 1791 litterarum

1282 1814 1403 1853 prefati
1418 1813 1662 1852 predecessoris
1677 1813 1853 1852 procedere
1869 1817 2071 1852 procuraret.
2086 1813 2171 1844 Cum
2184 1817 2296 1844 autem

1282 1868 1371 1897 idem
1387 1866 1666 1905 archiepiscopus,
1681 1870 1870 1896 nostrarum
1884 1869 1915 1896 et
1927 1866 2034 1904 ipsius
2049 1865 2303 1904 predecessoris

1283 1920 1471 1950 litterarum
1496 1920 1602 1948 forma
1623 1922 1754 1948 servata
1778 1923 1809 1948 et
1830 1917 1979 1956 legitime
2004 1919 2135 1956 cognito
2159 1918 2199 1948 de
2219 1926 2296 1957 pre-

1283 1974 1412 2008 missis,
1438 1972 1665 2011 supradictum
1688 1972 1727 2002 B.
1751 1972 1791 2001 ab
1818 1971 1932 2002 eodem
1959 1972 2162 2002 monasterio
2188 1971 2296 2002 sancti

1285 2026 1449 2057 Leonardi
1471 2034 1642 2061 amovens,
1660 2030 1691 2056 te
1715 2025 1840 2055 ibidem
1862 2025 2039 2064 prefecerit
2060 2026 2096 2055 in
2124 2025 2293 2061 abbatem,

1282 2083 1379 2118 prout
1395 2079 1431 2108 in
1444 2079 1666 2108 instrumento
1681 2078 1813 2116 publico
1832 2078 1949 2108 exinde
1966 2079 2115 2109 confecto
2131 2087 2169 2108 ac
2184 2075 2296 2116 sigillo

1286 2131 1528 2170 archiepiscopi
1542 2131 1663 2170 prefati
1678 2131 1808 2169 signato
1826 2130 1958 2169 plenius
1974 2131 2096 2161 dicitur
2117 2130 2294 2166 contineri,

1286 2192 1345 2213 nos
1371 2183 1437 2212 tuis
1465 2181 1763 2221 supplicationibus
1787 2182 1956 2220 inclinati,
1984 2182 2072 2221 quod
2095 2190 2195 2220 super
2220 2189 2296 2220 pre-

1285 2236 1398 2266 missis
1415 2235 1455 2265 ab
1474 2235 1721 2277 archiepiscopo
1741 2235 1812 2274 ipso
1830 2235 1965 2273 provide
1980 2235 2107 2265 factum
2122 2238 2172 2266 est
2186 2238 2297 2265 ratum

1285 2294 1316 2320 et
1341 2289 1474 2318 firmum
1495 2287 1672 2324 habentes,
1696 2288 1731 2318 id
1752 2288 1947 2318 auctoritate
1973 2287 2152 2327 apostolica
2175 2287 2296 2318 confir-

1285 2351 1414 2372 mamus
1431 2346 1492 2372 etc.
1511 2350 1617 2380 usque
1633 2351 1639 2370 τ
1657 2341 1901 2371 communimus
1917 2346 1979 2371 etc.
1997 2340 2091 2371 Nulli
2107 2343 2169 2371 etc.
2184 2343 2298 2370 nostre

1286 2395 1549 2426 confirmationis
1565 2398 1625 2424 etc.
1644 2395 1719 2424 Dat.
1736 2394 1887 2433 Neapoli,
1907 2395 1938 2425 V
1956 2394 2032 2424 idus
2055 2393 2185 2429 martii,
2209 2400 2298 2423 anno
2334 2434 2338 2435 ⁷

1286 2449 1404 2487 primo.
1424 2460 1438 2474 »

1359 2647 1438 2675 251

1320 2708 1411 2742 Moro,
1435 2709 1574 2735 canonico
1595 2707 1784 2741 Salernitano,
1810 2709 1980 2743 petitionem
2005 2707 2114 2734 Raonis
2137 2705 2250 2733 abbatis
2270 2713 2296 2733 s.

1282 2756 1424 2784 Leonardi
1442 2756 1601 2787 notificans,
1615 2756 1740 2788 mandat¹
1757 2761 1788 2784 ut
1801 2757 1924 2784 eundem
1937 2756 2067 2783 abbatem
2079 2755 2108 2782 in
2120 2754 2299 2790 corporalem

1283 2805 1501 2840 possessionem
1522 2805 1658 2839 praedicti
1680 2805 1846 2832 monasterii
1861 2813 1895 2832 ac
1915 2805 2153 2840 pertinentiarum
2168 2804 2234 2838 eius
2252 2802 2299 2829 in-

1868 2645 1987 2682 Naples,
2005 2647 2032 2673 11
2053 2653 2129 2672 mars
2145 2644 2229 2673 1255.

1240 2869 1244 2890 Ι
1281 2853 1367 2880 ducat
1386 2857 1415 2880 et
1433 2856 1549 2880 tueatur
1567 2853 1733 2884 inductum,
1749 2862 1783 2880 ac
1798 2853 1855 2888 ipsi
1873 2853 1988 2880 restitui
2005 2853 2090 2879 faciat
2104 2851 2253 2887 privilegia
2267 2852 2299 2877 et
