2441 3330
176 211 215 242 94
902 210 1143 244 REGISTRES
1165 209 1473 243 D’A'LEXANDRE
1497 214 1552 244 IV.

178 287 192 302 »
216 276 428 314 premebatur
449 276 640 309 incursibus
665 277 886 316 malignorum
905 283 936 310 et
958 278 1100 309 diversis
1116 278 1184 308 dis·
1216 309 1219 315 ,

178 341 191 355 1>
215 328 424 364 criminibus,
437 329 578 359 maxime
587 335 718 369 propter
728 331 876 375 virorum
888 331 1107 362 etmulierum
1117 331 1184 362 fre-

177 393 190 408 »
215 381 386 420 quentiam
398 381 588 421 subjacebat
600 383 687 422 quod
702 383 820 421 religio
832 393 898 414 non
909 385 1105 415 servabatur
1118 384 1184 414 ibi-

177 446 190 460 »
215 433 288 464 dem
303 442 362 464 nee
373 438 500 473 poterat
511 435 679 466 commode
691 436 877 472 observari;
893 437 994 467 immo
1008 437 1184 467 dissolutio

176 499 190 514 n
214 486 319 516 multa
333 487 369 516 in
381 487 493 517 eodem
508 487 578 518 loco
590 493 795 526 pervenerat,
811 498 874 528 que
886 498 951 520 non
969 494 1095 528 poterat
1110 489 1183 520 sine

176 551 190 566 5>
215 539 370 570 scandalo
387 539 537 576 tolerari,
557 542 799 572 communicato
815 542 955 572 consilio
972 546 1003 573 et
1018 542 1183 572 delibera·-

176 604 190 619 »
214 592 304 623 tione
319 592 493 631 prehabita
505 602 541 623 ac
556 593 661 632 ipsius
674 594 802 624 Alberti
815 595 944 625 abbatis
958 599 989 625 et
1000 599 1182 626 conventus

176 656 190 671 »
213 645 353 684 predicti
374 645 439 675 loci
455 645 494 675 de
511 645 671 676 Flnmano
687 646 855 677 voluntate
874 647 1041 686 explorata
1057 652 1087 678 et
1104 657 1182 677 con-

176 710 189 725 »
214 706 315 728 sensu
331 698 476 733 obtenta,
491 698 572 728 utile
586 699 656 729 fore
672 700 948 735 ztt2necessarium
967 700 1183 739 providerunt

176 762 189 777 »
213 755 249 780 ut
265 750 441 788 collegium
463 751 569 790 ipsius
592 753 786 782 monasterii
809 753 848 783 de
869 753 1030 784 Flumano
1048 753 1183 784 deberet

175 815 189 830 »
216 803 257 833 ad
268 803 371 833 alium
384 803 491 834 locum
504 805 658 835 tutiorem
671 810 702 835 et
717 806 971 836 commodiorem
985 806 1159 837 transferri
1174 817 1180 843 ;

175 868 189 882 »
214 860 245 886 et
266 856 313 886 sic
335 857 483 894 prefatus
504 858 677 896 episcopus
700 858 845 889 decrevit
870 863 899 889 et
921 867 995 889 cum
1017 868 1182 890 consensu

176 921 189 935 »
213 909 349 947 capituli
366 910 603 941 Foroliviensis
620 916 650 941 et
669 912 850 950 capitulum
869 922 942 943 cum
958 913 1030 951 ipso
1046 922 1182 944 consen—

175 974 188 988 »
213 967 328 992 serunt
345 963 408 1001 ipsi
429 963 565 994 Alberto
585 964 695 994 abbati
715 974 751 995 ac
772 966 932 996 fratribus
948 966 1096 1005 ejusdem
1111 975 1182 996 mo-

175 1027 188 1041 »
213 1015 353 1045 nasterii
365 1021 605 1046 consenserunt
621 1022 651 1046 et
665 1017 834 1048 licentiam
851 1018 1023 1054 dederunt,
1042 1023 1077 1048 ut
1093 1028 1128 1049 se
1144 1028 1182 1049 ac

175 1079 188 1093 u
213 1067 389 1106 collegium
410 1078 507 1099 suum
533 1078 591 1099 seu
608 1071 715 1108 ipsius
738 1072 933 1101 monasterii
953 1072 994 1102 ad
1013 1072 1182 1102 civitatem

175 1133 187 1147 n
212 1121 472 1152 Foroliviensem
497 1123 537 1152 ad
558 1122 668 1153 locum
690 1133 752 1162 que
774 1124 897 1154 dicitur
915 1125 1022 1155 sancti
1041 1125 1180 1155 Antonii

175 1185 188 1200 »
213 1173 364 1209 ecclesia,
382 1184 445 1214 que
462 1180 530 1205 erat
546 1176 632 1206 dicto
649 1177 850 1207 monasterio
868 1177 906 1207 dc
924 1177 1084 1208 Flnmano
1103 1178 1182 1208 sub—

175 1239 188 1253 »
208 1227 297 1266 jecta
311 1228 540 1264 transferrent,
556 1233 601 1263 ut,
615 1229 663 1258 sic
676 1230 763 1259 facta
779 1230 1007 1266 translatione,
1021 1231 1059 1261 de
1073 1235 1182 1261 cetero

174 1292 187 1306 »
211 1280 409 1309 vocabulum
422 1281 515 1311 beate
532 1282 636 1311 Mario
655 1283 788 1322 MaJ'oris
802 1283 852 1312 illi
868 1283 938 1313 loco
955 1284 1181 1322 imponeretur

175 1344 187 1359 »
212 1336 243 1362 et
268 1342 387 1363 nomen
412 1339 658 1372 noncuparetur
681 1335 767 1365 sicut
792 1336 1043 1374 noncupabatur
1067 1341 1182 1367 sancta

174 1397 186 1411 ι)
211 1385 317 1415 Maria
333 1385 371 1415 de
388 1385 560 1422 Fhunano,
576 1391 606 1416 et
622 1387 656 1416 in
671 1387 817 1425 predicto
835 1387 906 1418 loco
920 1389 1027 1418 sancti
1042 1389 1180 1418 Antonii

174 1449 186 1464 »
211 1442 242 1467 et
262 1447 327 1467 non
343 1438 429 1476 apud
445 1438 641 1469 Flnmanum
661 1449 732 1469 esse
751 1444 847 1478 caput
863 1445 894 1471 et
910 1445 1092 1471 conventus
1109 1451 1180 1471 mo-

174 1503 186 1517 »
211 1491 393 1521 nac-horum
412 1496 442 1521 et
465 1492 500 1521 in
521 1501 558 1522 eo
575 1493 693 1528 abbas,
711 1493 866 1523 monachi
887 1498 918 1524 et
938 1495 1089 1524 conversi
1106 1499 1179 1525 tan—

175 1557 186 1570 n
212 1553 309 1583 quam
324 1545 359 1574 in
371 1545 476 1583 capite
491 1545 528 1575 de
538 1550 646 1576 cetero
656 1551 864 1577 morarentur
876 1556 912 1577 ac
924 1552 1106 1578 conventus
1120 1558 1179 1579 seu

173 1610 186 1624 ι)
211 1598 386 1635 collegium
409 1599 645 1629 [nonachorum
667 1600 877 1630 ordinaretur
901 1605 933 1631 et.
954 1607 1181 1639 perseveraret

174 1664 186 1677 »
211 1651 246 1680 in
262 1651 408 1689 predicto
426 1651 496 1681 loco
519 1653 625 1682 sancti
641 1653 779 1682 Antonii
796 1653 836 1683 ad
854 1654 1050 1684 vocabulum
1073 1659 1103 1684 et
1118 1654 1179 1684 ho-

174 1717 186 1731 »
212 1713 325 1734 norem
349 1705 441 1735 beate
464 1705 568 1735 Mai-ie
594 1706 729 1745 Majoris
747 1706 832 1736 sicut
852 1711 1069 1737 consueverat
1090 1708 1179 1737 ordi-

173 1770 185 1783 »
211 1757 284 1787 nari
303 1762 333 1787 et
352 1766 563 1796 perseverare
581 1758 614 1787 111
629 1759 830 1789 monasterio
847 1760 1023 1789 antedicto.
1041 1761 1176 1797 Verum⁷

172 1823 184 1837 »
210 1820 284 1840 cum
309 1820 366 1848 pcr
390 1811 639 1841 concessionem
662 1816 692 1841 et
717 1812 960 1843 ordinationem
985 1814 1176 1850 premissas,

171 1876 184 1890 »
209 1864 310 1893 abbas
328 1864 399 1901 ipse
414 1863 570 1904 Albertus
587 1869 618 1894 et
637 1865 755 1894 fratres
773 1865 995 1903 prenominati
1012 1867 1177 1904 quondam

171 1930 183 1943 n
208 1917 403 1947 monasterii
420 1917 458 1947 de
478 1917 637 1947 Flnniano
660 1926 693 1947 se
715 1917 754 1946 ad
771 1922 985 1948 memoratam
1002 1918 1176 1949 ecclesiam

169 1982 182 1995 n
208 1970 315 2000 sancti
332 1969 469 1998 Antonii
490 1970 542 1999 cui
562 1970 623 1999 suit
642 1970 834 2008 impositum
851 1971 1046 2000 vocabulum
1063 1977 1176 2002 sancte

169 2035 181 2048 >³
207 2023 311 2052 Mai-ie
335 2022 470 2061 Majoris
495 2022 668 2052 humiliter
689 2023 940 2053 transtulissent
961 2028 991 2053 et
1007 2034 1065 2062 per
1081 2024 1175 2054 bien-

168 2088 181 2101 »
206 2075 300 2105 nium
325 2079 355 2104 et
379 2075 522 2113 amplius
543 2075 604 2105 sub
625 2075 835 2106 observantia
858 2076 1003 2114 regulari
1022 2086 1175 2115 perseve-

167 2140 180 2154 η
206 2132 335 2157 rassent
352 2127 492 2163 ibid-qn,
515 2128 616 2157 abbas
639 2128 901 2159 Vallisnmbrose
922 2130 1173 2160 translationem

167 2193 179 2206 »
206 2180 395 2219 hujusmodi
412 2180 572 2218 impedire
587 2185 615 2209 et
633 2181 778 2218 :piieten‘i
792 2181 898 2219 ipsius
916 2182 1045 2212 abbatis
1064 2187 1093 2213 ct
1111 2184 1174 2212 sra-

166 2246 178 2259 »
204 2238 291 2263 trum
318 2233 509 2269 (legentium
537 2233 570 2261 in
600 2233 672 2271 ipso
700 2235 902 2264 monasterio
929 2240 1041 2265 sancte
1069 2236 1173 2266 Mario

166 2299 178 2311 a>
203 2286 339 2324 Maioris·
364 2286 557 2323 perturbare
580 2296 786 2324 presumens,
805 2287 846 2316 ad
863 2288 987 2317 dictum
1010 2289 1118 2319 locum
1134 2290 1172 2319 de

166 2352 177 2365 ι)
203 2339 363 2369 Flumano
386 2344 414 2369 ct
439 2349 496 2377 pro
526 2341 727 2369 monasterio
748 2340 1011 2371 Vallisumbrose
1038 2347 1068 2372 et
1093 2352 1172 2372 con-

166 2406 177 2418 »
203 2397 300 2421 ventu
326 2402 384 2421 sno
408 2396 441 2421 ut
471 2392 597 2421 dicebat
626 2402 730 2431 nuper
755 2394 909 2429 accessit,
937 2399 967 2424 et
996 2395 1029 2424 in
1057 2395 1169 2425 codem

166 2458 176 2471 υ
202 2444 288 2479 10601
328 2445 367 2473 :nl
406 2454 503 2483 ‹pn-m
539 2446 777 2475 inunxistcrimn
807 2452 919 2477 sancte
957 2449 1060 2477 Mai-ie
1100 2449 1170 2478 Ma-

165 2512 175 2523 »
197 2498 280 2537 joris
311 2507 463 2527 superorare
492 2498 683 2527 nn‹·11‹]-·1‚;1t
710 2503 875 2537 tamqnam
907 2500 940 2528 in
969 2501 1169 2531 monasterio

162 2565 175 2577 υ
201 2551 371 2580 dominum
391 2551 549 2581 Jawlnnn
572 2552 609 2579 (lv
633 2552 768 2582 Caniola
790 2562 848 2591 pro
869 2553 991 2583 vicario
1011 2559 1041 2583 et
1063 2554 1169 2583 domi-

163 2618 175 2630 »
201 2614 279 2633 nuni
292 2603 464 2633 Nicolaum
481 2608 507 2631 ι-[
530 2604 696 2633 dominnm
716 2606 909 2643 linyncrum
923 2616 980 2644 pro
998 2606 1168 2636 monachis

164 2670 173 2681 ιι
200 2660 229 2685 rt
260 2657 421 2685 Zrnartnn
459 2664 513 2692 pro
551 2666 708 2684 t'*111t=¹t·>'tt
744 2657 896 2687 ordinare
931 2662 958 2686 vt
992 2658 1167 2688 institam-e

164 2723 173 2733 ν.)
199 2718 235 2737 ac
257 2707 461 2745 calvllstnnni
489 2711 515 2735 «21
542 2708 721 2737 tlsmsslinrcs
746 2709 866 2737 ibidem
888 2720 945 2747 pro
967 2711 1167 2740 monasterio

163 2777 172 2786 ,,
200 2768 310 2791 sancte
337 2760 438 2789 {ilario
464 2761 595 2798 *majia-1<
625 2761 806 2791 iux-idvntvs
835 2762 874 2790 nl·
900 2763 1011 2791 eodeni
1036 2763 1106 2791 lot-o
1128 2764 1166 2793 (le

163 2832 171 2837 ·=
198 2813 993 2852 annanntlvimm2211*aptati:«moneamus.
1014 2816 1164 2845 monachi

168 2885 171 2893 ι
198 2874 225 2898 et
240 2866 539 2897 remisi-simonas-n
557 2867 593 2895 iii
610 2868 1162 2907 >anch-Marii·Majorissrnnn:nt‹=‚

1269 288 1283 304 »
1307 277 1479 314 vino,oleo
1494 283 1526 309 et
1542 279 1641 310 rebus
1657 279 1735 311 aliis
1750 288 1856 320 usque
1872 280 1913 311 ad
1928 280 2074 311 valorem
2088 286 2226 315 centum
2237 281 2280 312 li-

1269 343 1282 358 »
1307 331 1376 362 bris
1388 333 1596 362 Ravenatum
1611 337 1734 364 temere
1748 333 1949 373 spoliarunt;
1965 335 2166 374 presumpsit
2178 335 2280 366 etiam

1268 395 1281 411 »
1305 384 1394 414 idem
1413 384 1531 421 abbas,
1548 390 1585 415 ut
1602 385 1735 421 dicitur,
1752 386 1786 416 in
1804 387 1913 426 ipsum
1930 376 2103 418 'Albertum
2126 387 2279 419 abbatem

1268 449 1281 465 ιι
1306 442 1419 470 sancte
1427 439 1674 479 MarieMajoris
1683 440 2074 472 excommunicationiset
2082 441 2279 480 privationis

1267 502 1281 517 »
1306 490 1347 520 ab
1362 490 1420 521 illo
1435 491 1506 522 loco
1522 491 1561 522 de
1578 492 1737 522 Flumano
1754 493 1938 523 sententias
1953 492 1992 522 de
2010 494 2095 523 sacto
2115 498 2146 526 et
2163 497 2279 525 contra

1268 554 1281 570 1>
1301 543 1469 582 justitiam
1485 545 1710 583 promulgare,
1728 554 1792 584 que
1807 545 1919 576 omnia
1935 549 2127 585 attemptata
2142 546 2278 577 fuerunt
2295 567 2300 570 -

1268 607 1281 623 »
1305 595 1340 625 in
1362 596 1469 634 ipsius
1491 597 1637 635 episcopi
1659 602 1690 627 et
1713 597 1792 627 dicti
1815 597 2010 628 monasterii
2030 598 2190 637 injuriam
2211 606 2277 628 non

1267 660 1280 675 »
1305 649 1467 679 modicam
1484 654 1515 679 et
1531 659 1720 687 gravamen.
1742 650 1867 681 Pressati
1883 659 2014 690 quoque
2031 651 2132 682 abbas
2149 655 2182 681 et
2197 659 2276 682 con-

1267 713 1280 729 »
1305 706 1425 732 ventus
1449 702 1714 733 Vallisumbrose
1743 703 1866 733 dictum
1897 704 2137 734 monasterium
2163 707 2277 734 sancte

1267 767 1280 781 >›
1305 755 1410 785 Marie
1426 755 1562 794 Majoris
1579 755 1619 785 ad
1639 756 1906 794 prenominatum
1928 755 2037 786 locum
2060 756 2100 787 de
2116 756 2276 787 Flumano

1266 820 1280 834 ι»
1303 808 1461 838 reducere
1484 808 1674 843 molientes,
1691 809 1894 839 ordinationi
1916 813 1947 839 et
1968 809 2179 840 translationi
2200 818 2274 848 pre-

1266 872 1279 888 »
1304 860 1418 891 missis
1434 865 1547 891 contra
1561 861 1726 900 justitiam
1743 871 1778 892 se
1794 865 1963 900 opponunt
1977 866 2008 892 et
2020 862 2131 900 ipsum
2147 862 2276 901 episeo-

1266 925 1279 940 »
1304 922 1381 952 pum
1401 922 1438 944 ac
1455 915 1695 945 monasterium
1713 918 1826 945 sancte
1839 915 1945 945 Marie
1960 915 2096 954 Majoris
2113 923 2213 954 super
2227 914 2276 946 eis

1267 978 1279 993 »
1305 966 1491 1004 impediunt
1517 967 1747 1006 multipliciter
1777 971 1809 997 et
1839 967 2025 998 molestant.
2057 968 2166 1004 Quare
2194 967 2278 1006 petit

1266 1030 1279 1045 »
1304 1019 1471 1057 predictus
1491 1024 1684 1058 procurator
1705 1019 1957 1050 translationem
1980 1024 2011 1050 et
2032 1019 2277 1051 ordinationem

1267 1084 1279 1098 »
1305 1072 1469 1110 predictas
1499 1058 1598 1111 super
1622 1073 1796 1114 premissis
1825 1074 1932 1104 factas
1953 1073 2061 1112 justas
2088 1073 2193 1104 fuisse
2219 1073 2277 1104 de-

1266 1137 1279 1151 »
1304 1125 1395 1155 cerni
1413 1134 1449 1155 ac
1465 1130 1554 1156 ratas
1570 1125 1685 1156 haberi
1703 1131 1734 1157 et
1750 1126 1945 1158 auctoritate
1962 1126 2141 1165 apostolica
2158 1135 2276 1166 appro-

1266 1190 1279 1204 ν)
1305 1178 1388 1214 bari,
1403 1183 1435 1209 et
1448 1179 1589 1209 eundem
1602 1179 1754 1209 abbatem
1768 1183 1797 1209 et
1813 1183 2011 1210 conventum
2028 1188 2067 1210 ne
2081 1189 2154 1210 eam
2170 1180 2276 1218 impe-

1266 1243 1278 1257 »
1304 1231 1396 1260 diant
1412 1231 1463 1261 vel
1479 1232 1671 1270 perturbent
1691 1237 1747 1262 aut
1765 1232 1921 1264 reducere
1939 1232 2019 1263 illuc
2035 1233 2276 1263 monasterium

1266 1295 1278 1309 n
1304 1287 1416 1313 sancte
1436 1284 1539 1314 Marie
1557 1284 1691 1323 Majoris
1709 1294 1766 1314 seu
1783 1289 1880 1324 caput
1896 1285 2003 1324 ipsius
2021 1285 2215 1316 monasterii
2234 1285 2276 1316 ad

1265 1348 1278 1362 »
1303 1336 1399 1366 illum
1416 1336 1525 1367 locum
1543 1337 1582 1367 de
1601 1337 1761 1368 Flumano
1781 1342 1987 1377 attemptent,
2005 1339 2063 1369 sed
2083 1339 2276 1377 permittant

1265 1400 1278 1416 »
1303 1389 1413 1428 ipsum
1438 1389 1611 1420 Albertum
1637 1390 1789 1421 abbatem
1815 1395 1845 1421 ct
1873 1396 2072 1421 conventum
2095 1391 2219 1422 morari
2234 1394 2275 1422 ›et

1265 1454 1278 1469 »
1302 1451 1516 1480 perseverare
1530 1443 1616 1481 apud
1632 1444 1871 1474 monasterium
1889 1448 2001 1474 sancte
2019 1444 2124 1475 Mai-ie
2138 1444 2274 1483 Majoris

1265 1507 1279 1522 »
1300 1496 1394 1534 juxta
1409 1495 1653 1525 ordinationem
1669 1496 1850 1535 predictam
1867 1496 2020 1535 compelli
2039 1501 2071 1527 et
2091 1497 2275 1528 sententia—

1266 1560 1278 1575 »
1303 1548 1380 1578 liter
1395 1548 1646 1587 condempnari,
1666 1559 1702 1580 ac
1723 1549 1771 1580 eis
1790 1559 1890 1588 super
1905 1549 2142 1588 impedimento
2163 1554 2194 1580 et
2216 1558 2274 1589 op-

1265 1614 1278 1629 »
1303 1602 1466 1640 positione
1487 1603 1660 1641 premissis
1683 1608 1877 1641 pcrpetuum
1901 1603 2073 1633 silentium
2095 1602 2222 1641 imponi
2243 1606 2275 1634 et

1264 1667 1277 1681 »
1302 1655 1545 1685 ordinationem
1560 1665 1595 1685 ac
1610 1655 1857 1686 institutionem
1873 1656 1911 1686 de
1927 1655 2086 1694 predictis
2101 1655 2274 1686 monachis

1264 1719 1277 1734 »
1302 1708 1338 1737 in
1353 1707 1423 1737 loco
1437 1708 1476 1737 de
1491 1707 1651 1738 Flumano
1668 1713 1889 1747 attemptatam,
1906 1712 1936 1738 et
1952 1708 2133 1746 premissas
2149 1716 2273 1738 excom-

1263 1772 1276 1787 »
1301 1761 1538 1790 municationis
1564 1766 1593 1790 et
1617 1761 1815 1799 privationis
1841 1761 2024 1791 sententias
2049 1770 2107 1799 per
2131 1761 2273 1793 eundem

1263 1825 1276 1840 »
1302 1813 1453 1843 abbatem
1473 1814 1511 1844 de
1532 1814 1616 1843 sacto
1635 1818 1666 1843 et
1682 1813 1755 1843 sine
1771 1822 1871 1844 causa
1887 1813 2080 1843 rationabili
2096 1813 2131 1843 in
2146 1813 2272 1846 dictum

1263 1878 1275 1893 η
1300 1866 1472 1897 Albertum
1489 1866 1638 1896 abbatem
1655 1867 1798 1905 prolatas
1814 1876 1878 1896 non
1893 1867 2042 1898 tenuisse
2054 1875 2114 1897 nec.
2125 1867 2272 1898 valuisse

1262 1931 1275 1945 »
1300 1924 1330 1949 et
1348 1919 1456 1949 nullas
1472 1919 1539 1949 sore
1556 1919 1687 1949 ‹let-erni
1703 1924 1734 1950 et
1746 1920 1956 1958 pronuntiari
1974 1925 2004 1950 et
2021 1929 2076 1951 eas
2092 1925 2123 1951 et
2137 1929 2272 1960 proces-

1261 1984 1274 1999 »
1300 1981 1371 2002 sum
1390 1981 1489 2010 super
1505 1972 1571 2002 hiis
1588 1972 1739 2002 habitum
1758 1977 1789 2002 et
1808 1973 1967 2011 quicquid
1987 1973 2161 2004 occasione
2180 1973 2271 2012 ipsa-

1261 2037 1273 2052 »
1298 2034 1371 2055 rum
1402 2029 1632 2063 attemptatum
1661 2025 1786 2062 extitit,
1818 2031 1983 2064 qnatenus
2011 2026 2050 2057 de
2079 2027 2166 2056 sacto
2194 2035 2270 2065 pro-

1261 2090 1273 2105 »
1298 2083 1469 2108 cesserunt
1490 2079 1623 2107 irritum
1644 2078 1801 2111 revocari,
1820 2078 1990 2117 dictosque
2013 2079 2222 2117 capellanum
2238 2082 2270 2110 et

1260 2144 1273 2158 »
1298 2131 1481 2161 familiai-vs
1496 2132 1553 2170 qni
1570 2131 1604 2160 in
1620 2131 1765 2170 predicto
1781 2131 1851 2161 loco
1867 2141 1924 2170 pro
1940 2133 2143 2163 monasterio
2156 2136 2269 2163 sancte

1260 2197 1272 2211 »
1298 2185 1402 2214 Marie
1416 2185 1551 2223 Majoris
1565 2189 1656 2213 crant
1675 2189 1705 2214 ct
1722 2184 1912 2215 residebant
1928 2185 1968 2215 ad
1984 2185 2093 2223 ipsum
2106 2185 2215 2215 locum
2228 2185 2268 2216 de

1259 2249 1271 2263 υ
1298 2237 1458 2267 Flnmano
1478 2246 1552 2266 cnm
1571 2237 1762 2273 integritate
1781 2237 1966 2268 ablatorum
1985 2237 2128 2274 restitui,
2146 2242 2177 2268 et
2193 2244 2268 2268 cum

1258 2302 1271 2316 »
1296 2298 1334 2319 ex
1354 2290 1440 2319 sacto
1461 2293 1489 2319 et
1511 2299 1666 2327 processu
1685 2289 1765 2319 dicti
1781 2290 1911 2320 abbatis
1928 2299 2027 2329 super
2043 2290 2110 2320 hiis
2126 2294 2267 2329 attemp-
2295 2307 2299 2310 >

1258 2354 1270 2368 »
1296 2342 1373 2372 tatis
1395 2342 1665 2380 dampniticatum
1690 2343 1792 2372 suerit
1817 2342 1941 2372 dictum
1969 2343 2209 2373 monasterium
2230 2343 2266 2385 111

1257 2407 1269 2421 »
1295 2398 1425 2424 centum
1445 2395 1565 2424 marcis·
1582 2395 1710 2431 argenti
1730 2395 1810 2433 petit
1828 2395 1918 2432 ipsos
1941 2395 1974 2424 in
1997 2395 2182 2434 quantitate
2201 2395 2280 2426 hu-x

1257 2460 1269 2473 »
1290 2448 1435 2487 jusmodi
1448 2448 1681 2485 condempnari
1693 2458 1698 2481 ;
1708 2452 1737 2477 et
1748 2448 1807 2477 hcc
1817 2448 1929 2477 omnia
1938 2448 2019 2486 petit
2029 2457 2103 2478 cum
2113 2448 2264 2487 dampnis

1256 2512 1268 2526 >1
1293 2504 1321 2529 et
1343 2500 1496 2538 expensis
1516 2500 1675 2535 legitimis
1695 2505 1756 2530 etc.

1296 2567 1307 2579 υ
1335 2554 1404 2583 Lite
1426 2563 1555 2592 qnoque
1577 2563 1675 2591 supi-r
1695 2553 1852 2591 predictis
1871 2553 1994 2584 libellis
2015 2553 2163 2591 legitime
2185 2561 2263 2583 con-

1254 2619 1266 2632 »
1293 2611 1408 2636 testata
1442 2606 1619 2645 inuitisque
1648 2607 1871 2644 positionibus
1897 2606 2074 2636 hincinde
2101 2606 2198 2636 sactis
2225 2614 2262 2636 ac

1255 2672 1266 2684 ιι
1291 2659 1565 2696 responsionilnis
1591 2659 1733 2688 visdvni.
1763 2659 1998 2698 productisque
2029 2659 2262 2689 instrumentis

1254 2724 1266 2738 »
1291 2712 1466 2750 utriusque
1484 2712 1585 2749 partis
1606 2723 1640 2741 ac
1666 2712 1850 2750 privilegiis
1878 2721 1986 2742 cortun
2003 2712 2110 2746 nohis,
2131 2712 2262 2742 dicebat

1252 2777 1265 2791 »
1290 2770 1482 2803 procurator
1510 2765 1770 2794 'Vatini-imbros*
1801 2765 2001 2795 sententiam
2031 2774 2089 2803 pro
2121 2774 2155 2795 se
2190 2766 2260 2795 sore

1251 2830 1264 2844 »
1290 2819 1470 2847 scrvntlatn.
1493 2819 1575 2847 Nam
1603 2819 1635 2846 in
1660 2819 1786 2857 jndicio
1809 2818 2001 2848 ostendebat
2028 2818 2115 2857 qnod
2137 2818 2259 2857 episeo-

1251 2883 1263 2896 »
1288 2880 1348 2909 pus
1376 2870 1609 2900 Poroliviunsis
1638 2881 1699 2901 nna
1729 2881 1802 2900 cuin
1829 2880 1993 2901 consensu
2023 2875 2052 2900 ct
2089 2870 2258 2901 voluntate
