2498 3325
230 226 284 254 ‘242
955 225 1193 255 REGISTRES
1215 224 1524 256 D‘ALEXANDRE
1547 227 1600 257 IV.

230 290 359 320 terdum
369 289 545 328 apostolice
556 290 802 329 gratiejanuam
813 291 1013 329 apperimus,
1023 290 1238 320 exhibeamus

228 342 416 372 libertatern
433 346 579 372 nostram
598 342 758 373 fratribus
776 343 899 373 nostris
913 343 971 381 qui
987 343 1021 372 in
1036 342 1238 381 apostolatus

228 395 334 425 officio
360 394 467 424 seduli
491 395 595 424 nostri
619 399 846 434 cooperatores
866 400 897 425 et
919 395 1126 434 coadjutores
1151 396 1238 425 exis-

228 451 301 477 tunt
331 447 365 476 in
399 446 521 476 talibus
549 448 778 486 promptiores.
809 448 892 478 Cum
921 448 1024 485 igitur
1055 447 1175 478 dilecta
1203 448 1238 477 in

226 499 360 530 Christo
387 499 455 528 filia
477 500 633 535 Granata,
662 500 792 535 mulier,
818 510 911 531 soror
929 500 1096 539 quondam
1114 500 1238 540 judicis

227 552 318 581 Petri
333 551 372 581 de
389 552 512 587 Vinea,
533 552 646 582 domos
664 556 694 582 et
711 552 776 582 alia
792 552 877 583 bona
894 553 1000 591 ipsius
1023 553 1113 583 Petri
1129 553 1170 583 ad
1187 553 1238 592 ip-

226 613 296 634 sam
313 613 350 634 ex
367 608 564 635 testamento
581 604 631 635 vel
648 605 688 634 ab
701 605 857 636 intestato
874 614 933 636 seu
945 606 1237 645 qnocumquejure

225 656 408 694 spectantia
427 665 517 687 mera
541 661 571 687 et
588 661 770 695 spontanea
793 658 854 687 tibi
870 658 1071 688 liberalitate
1087 658 1234 694 donarit,

225 718 296 743 nos,
316 709 381 738 tuis
399 709 571 747 providere
588 711 791 749 profectibus
815 711 1001 750 cupientes,
1024 711 1237 742 donationem

225 761 417 800 hujusmodi
446 766 551 791 ratam
577 766 609 792 et
633 767 760 800 gratam
786 763 964 799 habemus,
988 773 1142 803 eamque.
1169 773 1235 794 non

224 814 376 844 obstante
402 823 611 853 quacumque
634 816 801 846 sententia
824 820 938 847 contra
962 816 1137 848 mulierem
1156 826 1236 848 ean-

225 867 298 897 dem
318 876 376 897 seu
401 867 526 897 dictum
548 869 584 898 P.
612 877 711 906 super
732 869 857 899 eisdem
874 869 1026 900 domibus
1050 874 1082 900 et
1103 870 1200 901 bonis
1217 880 1235 901 a

224 920 390 959 quondam
420 920 594 950 Frederico
624 921 703 951 olim
726 922 950 952 Romanorum
973 923 1171 961 imperatore
1198 933 1235 954 ac

224 984 300 1013 rege
315 974 429 1005 Sicilie
447 976 799 1006 excommunicationis
813 976 970 1007 innodato
982 977 1115 1008 vinculo
1131 982 1162 1008 et
1175 979 1234 1010 im-

223 1028 314 1066 perio
327 1036 363 1057 ac
379 1028 491 1065 regnis
504 1028 748 1058 sententialiter
757 1029 914 1060 destituto
926 1039 984 1060 seu
997 1039 1014 1060 a
1026 1039 1235 1070 quocumque

224 1079 289 1109 alio
312 1080 350 1109 de
375 1080 480 1118 ipsius
503 1081 658 1110 mandato
681 1081 818 1119 prolata,
839 1082 1034 1112 auctoritate
1055 1083 1234 1121 apostolica

223 1141 260 1162 ex
276 1137 363 1162 certa
381 1132 522 1162 scientia
547 1133 781 1164 confirmamus
804 1138 865 1164 etc.
889 1143 996 1173 usque
1021 1145 1027 1164 z
1048 1136 1234 1166 communi-

222 1193 310 1219 mus3
330 1184 506 1221 defectum,
525 1185 553 1215 si
568 1186 643 1224 quis
657 1186 691 1215 in
708 1186 885 1217 donatione
900 1187 973 1225 ipsa
985 1187 1035 1217 vel
1048 1197 1085 1218 ex
1098 1197 1135 1218 eo
1147 1189 1235 1228 quod

220 1236 405 1274 legitimam
421 1238 640 1276 quantitatem
658 1240 810 1274 excessit,
828 1239 880 1270 vel
896 1240 974 1278 quia
991 1241 1063 1271 sine
1084 1241 1233 1272 insinua-

222 1289 311 1319 tione
327 1289 476 1327 legitima
493 1291 579 1320 sacta
597 1291 678 1326 fuit,
704 1296 760 1321 aut
787 1292 869 1322 alias
891 1293 1016 1328 extitit,
1041 1294 1233 1332 supplentes

221 1342 259 1372 de
290 1342 470 1380 apostolica
494 1343 702 1381 plenitudine
731 1345 920 1382 potestatis;
949 1350 989 1382 et,
1016 1346 1044 1376 si
1069 1347 1157 1385 quod
1177 1347 1232 1386 jus

220 1395 368 1424 Romane
385 1394 531 1425 Ecclesie
544 1395 578 1424 in
595 1396 694 1426 rebus
706 1397 863 1435 predictis
878 1398 1044 1436 competit,
1063 1407 1102 1428 ex
1118 1399 1233 1430 eadem

219 1451 380 1485 potestate
397 1447 435 1477 de
454 1457 537 1478 novo
553 1449 756 1480 conferimus
771 1453 802 1480 et
817 1450 996 1486 donamus;
1015 1452 1233 1483 concedentes

220 1499 282 1528 tibi
302 1500 450 1530 intrandi
477 1504 509 1531 et
533 1501 803 1539 apprehendendi
827 1512 885 1540 per
911 1507 941 1533 te
965 1503 1017 1533 vel
1043 1513 1102 1543 per
1129 1504 1234 1535 alium

220 1553 416 1583 auctoritate
432 1554 565 1592 propria
580 1555 827 1592 possessionem
843 1555 1015 1586 domorum
1029 1561 1060 1587 et
1070 1557 1234 1588 bonorum

219 1605 368 1643 ipsorum
392 1605 531 1636 liberam
557 1607 767 1643 facultatem3
793 1617 830 1638 ac
851 1608 1067 1640 decernentes
1094 1619 1150 1641 eos
1175 1611 1233 1650 qui

219 1658 333 1688 domos
359 1663 389 1688 et
415 1659 501 1689 bona
528 1660 655 1698 prefata
682 1664 796 1691 tenent
823 1661 874 1692 vel
899 1663 1085 1700 possident,
1115 1664 1233 1694 exinde

219 1709 289 1738 fore
309 1710 441 1747 penitus
458 1711 690 1747 admovendos,
708 1712 864 1751 ipsosque
881 1713 1011 1743 nullum
1027 1715 1162 1745 omnino
1176 1716 1232 1754 jus

218 1770 277 1799 per
303 1761 527 1792 detentionem
554 1763 604 1793 vel
630 1764 876 1802 possessionem
900 1765 1092 1804 hujusmodi
1117 1768 1232 1807 acqui-

220 1814 304 1843 sisse
322 1822 380 1843 seu
402 1824 498 1852 posse
521 1816 693 1854 acquirere
717 1816 769 1846 vel
791 1817 932 1852 habere,
959 1827 995 1848 ac
1015 1819 1145 1850 nullum
1169 1821 1232 1851 tibi

218 1875 277 1904 per
293 1866 353 1896 hoc
370 1866 421 1896 vel
433 1867 502 1906 juri
516 1872 571 1897 tuo
586 1877 684 1906 super
702 1869 769 1899 hiis
785 1869 909 1899 factum
924 1879 996 1901 esse
1010 1872 1231 1911 prejudicium

218 1918 271 1948 vel
286 1928 382 1957 posse
405 1920 439 1949 in
459 1920 570 1959 aliquo
594 1922 758 1959 generari.
779 1922 872 1952 Nulli
893 1928 954 1953 etc.
980 1929 1092 1956 nostre
1111 1927 1231 1956 confir-

217 1971 389 2007 mationis,
411 1973 637 2004 concessionis
654 1978 683 2004 et
701 1975 950 2007 constitutionis
970 1981 1030 2008 etc.
1049 1979 1121 2008 Dat.
1141 1979 1230 2010 Nea-

218 2024 295 2061 poli,
315 2025 379 2054 XII
397 2025 557 2055 kalendas
570 2026 730 2065 januarii,
747 2036 834 2058 anno
849 2029 966 2066 primo.
989 2043 1002 2057 »

291 2190 374 2218 ’7θῖ

255 2250 398 2285 Episcopo
416 2251 615 2284 AvinIonensi,
633 2253 666 2279 ad
684 2254 774 2280 instar
789 2253 948 2281 Innocentii
965 2264 1053 2290 papae
1066 2257 1118 2292 IV,
1135 2258 1231 2286 indul-

220 2304 284 2333 get,
310 2304 339 2325 ut
370 2308 460 2334 usque
487 2301 521 2326 ad
551 2301 697 2328 biennium
727 2303 964 2337 metropolitanus
994 2306 1231 2342 archiepiscopus

221 2348 402 2374 Arelatensis
424 2349 450 2374 in
469 2357 534 2374 eum
556 2350 759 2384 suspensionis
777 2351 818 2377 vel
836 2354 1145 2382 excommunicationis
1160 2364 1230 2383 sen-

218 2396 325 2421 tentias
343 2404 396 2421 non
416 2397 506 2422 valeat
522 2398 713 2432 promulgare.
731 2398 815 2431 (Rau.
833 2400 877 2433 24,
894 2408 920 2427 c.
937 2401 998 2433 632,
1016 2402 1036 2429 f.
1052 2403 1121 2436 95v.)

705 2192 831 2226 Anagni‚
848 2193 882 2220 ‘23
898 2195 1062 2228 septembre
1081 2195 1158 2224 1255.

260 2508 272 2521 α
292 2519 326 2530 ..,
347 2498 480 2534 episcopo
495 2498 708 2528 wintonensi.
730 2500 775 2529 Ex
793 2505 904 2531 tenore
923 2507 977 2532 tue
991 2504 1162 2541 petitionis
1179 2515 1229 2537 ac-

218 2548 383 2586 cepimus,
407 2550 493 2587 quod
516 2549 624 2580 felicis
642 2553 880 2583 recordationis
898 2555 921 2584 I.
941 2564 1034 2594 papa,
1054 2558 1229 2595 predeces-

218 2609 272 2629 sor
291 2605 413 2635 noster,
430 2611 606 2639 personam
624 2608 713 2633 tuam
735 2614 752 2634 a
771 2606 1005 2644 jurisdictione
1025 2611 1228 2642 venerabilis

217 2653 332 2682 fratris
351 2654 456 2682 nostri
474 2677 508 2689 ..,
527 2654 767 2694 archiepiscopi
788 2658 1013 2696 Arelatensis,
1037 2663 1229 2701 metropoli-

218 2705 287 2734 tani
319 2706 379 2737 tui,
411 2706 517 2744 primo
542 2717 647 2746 usque
677 2709 715 2738 ad
744 2714 871 2740 certum
900 2716 1029 2751 tempus
1057 2714 1225 2751 eximens,

219 2758 427 2795 postmodum
450 2758 511 2788 tibi
535 2759 572 2788 de
596 2761 701 2797 gratia
722 2762 857 2800 speciali
881 2772 1017 2794 suarum
1040 2765 1229 2798 litterarum

217 2811 412 2840 auctoritate
436 2811 592 2847 indulsit,
620 2818 655 2842 ut
674 2814 761 2844 idem
778 2815 1046 2857 archiepiscopus
1065 2829 1171 2859 usque
1187 2822 1228 2852 ad

218 2862 402 2898 biennium,
418 2868 591 2902 postquam
608 2865 784 2896 decursum
800 2868 919 2899 fuisset
938 2869 1062 2900 dictum
1080 2876 1224 2912 tempus,

1324 290 1358 319 in
1375 294 1405 320 te
1427 293 1659 330 suspensionis
1679 298 1710 324 et
1726 295 2079 334 excommunicationis
2096 295 2147 326 vel
2162 296 2332 327 interdicti

1322 344 1507 374 sententias
1529 345 1738 384 promulgare
1759 351 1815 377 aut
1837 347 2036 378 interdicere
2059 348 2119 378 tibi
2141 349 2332 387 ingressum

1321 395 1460 426 ecclesie
1491 406 1556 427 non
1588 402 1711 436 posset,
1739 398 1864 438 absque
1889 400 2025 438 speciali
2051 401 2205 430 mandato
2235 401 2331 432 Sedis

1321 448 1499 486 apostolice
1523 450 1666 480 faciente
1683 451 1722 480 de
1743 451 1952 489 indulgentia
1975 452 2166 492 hujusmodi
2188 454 2331 484 mentio-

1320 509 1413 536 nem;
1434 501 1641 533 decernendo
1664 503 1797 533 irritum
1820 508 1851 534 et
1869 504 1969 535 inane
1992 505 2152 544 quicquid
2170 515 2228 544 per
2249 515 2332 536 eun-

1320 553 1393 583 dem
1421 554 1707 594 archiepiscopum
1734 560 1848 586 contra
1869 561 2017 587 tenorem
2042 558 2191 597 ejusdem
2219 558 2333 588 indul-

1320 607 1430 644 gentie
1448 608 1654 646 contingeret
1670 610 1870 648 attemptari.
1889 610 1957 640 Nos
1978 610 2102 649 itaque,
2121 610 2187 640 tuis
2203 610 2330 642 devotis

1320 658 1619 697 supplicationibus
1645 666 1849 697 annuentes,
1880 666 1916 692 ut
1943 662 2031 693 idem
2058 662 2329 702 archiepiscopus

1319 720 1424 750 usque
1452 712 1493 741 ad
1518 713 1705 751 proximum
1730 714 1880 744 futurum
1905 714 2080 745 biennium
2108 715 2143 745 in
2168 719 2199 746 te
2225 716 2330 747 dictas

1319 765 1502 795 sententias
1521 765 1730 804 promulgare
1748 770 1803 796 aut
1819 767 2009 805 ingressum
2025 767 2209 806 predictum
2227 768 2333 800 inter-

1317 816 1427 847 dicere
1452 817 1513 846 tibi
1539 822 1699 856 nequeat,
1718 819 1922 849 fraternitati
1938 823 2004 855 tue,
2029 820 2070 850 ad
2091 820 2198 850 instar
2213 820 2333 859 prede-

1317 870 1458 900 cessoris
1479 870 1637 909 ejusdem,
1660 872 1855 902 auctoritate
1871 873 2078 911 presentium
2094 873 2326 911 indulgemus,

1318 931 1355 952 ac
1368 923 1469 952 etiam
1485 923 1618 952 irritum
1635 927 1665 953 et
1680 924 1779 955 inane
1796 924 2018 960 decernimus,
2038 925 2066 955 si
2079 934 2174 956 secus
2187 925 2331 964 contige-

1317 975 1360 1004 rit
1383 976 1572 1014 attemptari
1590 985 1648 1014 pcr
1668 976 1956 1016 archiepiscopum
1978 982 2208 1008 memoratum.
2235 978 2330 1008 Nulli

1317 1031 1378 1057 etc.
1410 1032 1522 1058 nostre
1554 1029 1781 1059 concessionis
1814 1033 1845 1060 et
1878 1030 2128 1061 constitutionis
2159 1034 2220 1061 etc.
2255 1031 2328 1061 Dat.

1316 1081 1480 1119 Anagnie,
1498 1082 1545 1111 IX
1562 1081 1722 1112 kalendas
1741 1083 1896 1118 octobris,
1915 1092 2001 1114 anno
2017 1084 2135 1122 primo.
2155 1096 2168 1110 r>

1389 1246 1474 1274 298

1351 1308 1457 1334 Abbati
1475 1312 1502 1335 et
1515 1310 1672 1336 conventui
1689 1310 1857 1336 monasterii
1872 1317 1896 1336 e.
1916 1309 2030 1336 Martini
2045 1309 2080 1336 de
2096 1309 2253 1345 spernaco,
2270 1310 2329 1338 Re-

1316 1357 1426 1383 mensis
1447 1357 1584 1391 diocesis,
1607 1357 1748 1392 indulget,
1772 1362 1802 1384 ut
1816 1366 1917 1385 eorum
1932 1358 2041 1393 capella
2061 1358 2095 1385 de
2108 1358 2225 1393 Igniaco
2239 1359 2328 1386 Jardo

1316 1407 1343 1432 in
1361 1406 1488 1432 manerio
1505 1407 1582 1440 regis
1598 1405 1744 1432 Navarrae
1756 1407 1822 1439 sita,
1834 1415 1908 1441 quae
1924 1415 1975 1442 per
1988 1406 2040 1433 LX
2053 1415 2144 1434 annos
2159 1416 2246 1435 onera
2261 1417 2329 1444 pro-

1316 1455 1499 1480 curationum
1523 1462 1579 1481 non
1604 1454 1703 1487 subiit,
1731 1455 1759 1481 in
1786 1458 1924 1490 perpetua
1947 1455 2128 1483 immunitate
2151 1458 2327 1491 permaneat.

1315 1502 1398 1535 (Rea.
1415 1503 1448 1529 24
1461 1525 1467 1537 ,
1483 1511 1510 1530 c.
1526 1503 1588 1535 633,
1606 1504 1625 1530 f.
1643 1503 1713 1537 95v.)

1802 1246 1928 1281 Anagni,
1945 1247 1980 1274 20
1996 1247 2160 1282 septembre
2177 1247 2256 1276 1255.

1357 1616 1370 1631 α
1393 1627 1425 1639 ..,
1450 1605 1565 1641 abbati,
1587 1610 1613 1634 et
1635 1606 1801 1635 conventui
1819 1607 2001 1635 monasterii
2022 1607 2123 1636 sancti
2144 1606 2275 1636 Martini
2294 1606 2330 1636 de

1314 1657 1483 1695 Spernaco,
1516 1658 1636 1687 ordinis
1661 1659 1762 1687 sancti
1792 1659 1977 1696 Auyusstni,
2007 1659 2160 1688 Remensis
2188 1658 2325 1689 diocesis.

1314 1709 1421 1740 Justis
1432 1710 1616 1748 petentium
1625 1714 1686 1740 etc.
1695 1719 1819 1749 usque:
1833 1710 2008 1749 complere.
2021 1710 2105 1741 Cum
2114 1711 2228 1749 igitur,
2240 1711 2328 1741 sicut

1315 1771 1353 1792 ex
1376 1767 1469 1800 parte
1494 1766 1604 1793 vestra
1627 1763 1692 1792 fuit
1712 1763 1918 1802 propositum
1940 1772 2050 1793 coram
2072 1763 2179 1798 nobis,
2201 1763 2328 1802 capella

1314 1819 1424 1844 vestra
1442 1815 1481 1845 de
1500 1815 1634 1853 Igniaco
1653 1815 1753 1846 Jardo
1769 1824 1883 1845 curam
1901 1815 2089 1845 animarum
2105 1824 2170 1845 non
2185 1815 2324 1852 habens,

1315 1867 1379 1897 sita
1403 1867 1438 1896 in
1454 1868 1604 1897 manerio
1621 1868 1707 1907 quod
1724 1868 1920 1898 carissimus
1936 1868 1972 1897 in
1988 1868 2122 1899 Christo
2140 1868 2230 1898 filius
2248 1877 2328 1899 nos-

1314 1923 1363 1949 ter
1388 1942 1420 1954 ..,
1445 1928 1501 1949 rex
1520 1920 1668 1949 Navarre
1693 1919 1854 1955 illustris,
1880 1920 1915 1949 in
1941 1920 2178 1950 Suessionensi
2200 1920 2325 1951 diocesi

1313 1971 1435 2002 hahere
1453 1972 1648 2007 dinoscitur,
1663 1981 1764 2002 onera
1778 1973 2050 2011 procurationum
2065 1973 2106 2002 ab
2122 1973 2193 2012 ejus
2208 1973 2326 2008 feuda-

1313 2024 1404 2054 tione
1418 2033 1483 2054 non
1497 2025 1648 2060 subierit,
1664 2025 1721 2055 LX
1736 2025 1833 2055 annis
1850 2029 1881 2055 et
1896 2024 2119 2064 ampliusjam
2135 2025 2323 2061 transactis,

1314 2086 1384 2114 nos,
1403 2078 1523 2108 vestris
1542 2077 1842 2116 supplicationibus
1858 2077 2024 2113 inclinati,
2042 2082 2088 2113 ut,
2107 2078 2136 2108 si
2150 2077 2326 2116 premissis

1312 2130 1435 2160 veritas
1451 2130 1663 2168 suffragatur,
1678 2130 1765 2169 quod
1784 2131 1870 2160 dicta
1887 2129 2013 2168 capella
2027 2130 2065 2160 de
2084 2135 2192 2160 cetero
2209 2130 2245 2159 in
2260 2129 2325 2159 hu-

1309 2183 1455 2222 jusmodi
1465 2182 1618 2213 libertate
1631 2192 1666 2213 ac
1678 2183 1889 2212 immunitate
1900 2186 2102 2221 permaneat,
2113 2181 2207 2212 vobis
2218 2190 2325 2221 usque

1312 2234 1353 2264 ad
1369 2239 1480 2265 nostre
1502 2234 1683 2265 voluntatis
1703 2234 1948 2273 beneplacitum
1970 2234 2166 2264 auctoritate
2186 2242 2324 2273 presen-

1312 2287 1396 2316 tium
1417 2287 1642 2325 indulgemus.
1666 2287 1758 2317 anli
1785 2291 1846 2317 etc.
1872 2291 1984 2317 nostre
2007 2287 2233 2317 concessionis
2259 2291 2321 2317 etc.

1312 2340 1385 2369 Dat.
1402 2339 1566 2377 Anagnie,
1586 2340 1652 2370 XII
1671 2339 1830 2370 kalendas
1847 2339 2002 2375 octobris,
2021 2348 2108 2369 anno
2126 2339 2245 2378 primo.
2267 2351 2280 2365 n

1384 2510 1469 2538 ⁸299

1347 2570 1433 2597 Petro
1450 2571 1571 2606 Vigerii,
1588 2572 1726 2598 canonico
1746 2572 1957 2605 Xanctonensi,
1976 2571 2135 2606 dispensat,
2153 2574 2185 2598 ut
2198 2570 2256 2597 duo
2272 2570 2323 2597 be-

1312 2620 1414 2646 neficia
1435 2621 1632 2647 ecclesiastica
1652 2621 1778 2656 recipere
1798 2621 1902 2655 possit.
1919 2619 2003 2653 (Rau.
2019 2619 2052 2646 24
2065 2642 2071 2651 ,
2087 2627 2114 2647 c.
2132 2619 2198 2651 634,
2215 2619 2234 2646 f.
2251 2620 2320 2650 θῦν.)

1912 2509 2030 2545 Naples,
2049 2510 2076 2536 ii
2096 2510 2151 2536 mai
2170 2509 2248 2537 1255.

1353 2732 1366 2747 «
1384 2721 1469 2750 Petro
1490 2722 1616 2759 l'iyerii,
1635 2723 1782 2751 canonico
1798 2722 2015 2755 Xanctonensi,
2028 2721 2115 2756 juris
2130 2721 2234 2750 civilis
2246 2729 2322 2758 pro-

1310 2774 1427 2809 fessori.
1453 2773 1592 2812 Adjutos
1617 2775 1778 2804 virtutum
1805 2774 1934 2804 meritis
1962 2773 2061 2811 digne
2087 2772 2321 2811 prosequimur

1311 2825 1396 2854 dono
1412 2826 1516 2863 gratie
1535 2827 1701 2864 specialis,
1719 2831 1764 2862 ut,
1783 2827 1861 2856 dum
1874 2826 1982 2856 votiva
1994 2825 2206 2864 perceptione
2217 2824 2322 2854 bono-

1309 2886 1384 2907 rum
1398 2879 1627 2916 perspexerint
1639 2888 1673 2909 se
1684 2879 1856 2914 facundos,
1871 2878 2031 2908 virtutum
2046 2876 2229 2916 adiectione
2241 2884 2322 2906 con-
