2498 3325
268 254 324 283 342

270 331 283 345 ))

271 384 282 398 D

270 436 282 450 ))

270 488 282 503 ἱ)

269 540 282 554 7)

270 646 282 659 ))

259 2379 272 2393 ))

259 2432 272 2446 ))

258 2589 271 2604 ))

258 2696 271 2710 ))

258 2749 270 2763 ))

257 2801 270 2815 ὶ)

257 2854 269 2867 ))

257 2906 269 2919 ))

310 324 441 357 possent
458 320 545 349 obici
566 325 678 350 contra
702 321 762 351 hoc
786 322 1045 353 instrumentum
1064 323 1115 353 vel
1139 324 1272 353 sactum.

310 372 348 401 Et
364 372 423 401 hec
441 372 551 401 onmia
570 377 601 402 et
618 374 749 411 singula
766 383 824 411 ego
840 375 911 412 ipse
933 375 1107 406 Noclerius
1128 385 1186 414 pro
1202 384 1276 414 pre-

308 424 394 453 dicto
416 430 540 454 rectore
559 434 576 454 a
597 425 684 455 dicto
700 432 910 464 procuratore
928 428 1060 457 nomine
1078 437 1137 458 suo
1160 433 1190 458 et
1207 428 1276 458 dic-

309 481 415 506 torum
431 477 559 507 abbatis
576 482 605 508 et
623 483 805 509 conventus
820 479 1047 518 sollempniter
1064 481 1276 518 promittente

309 529 487 567 stipulatus
509 539 591 559 sum.

310 594 322 607 »
342 582 533 620 Exemplum
553 584 795 621 procurationis
814 585 977 615 dictorum
994 585 1123 616 abbatis
1144 592 1174 616 et
1197 595 1276 616 con-

309 638 427 664 ventus
446 634 506 664 1100
523 641 572 666 cst
590 646 595 664 :

906 690 998 724 York,
1012 691 1108 725 juillet
1124 691 1202 718 1252.

309 759 322 773 r>
346 748 521 777 Universis
543 754 713 786 presentes
732 750 859 780 litteras
880 752 1097 790 inspecturis,
1119 753 1272 789 Thomas,

307 800 418 829 divina
441 801 654 832 miseratione
671 803 772 833 abbas
789 809 901 834 sancte
919 805 1021 835 Marie
1043 805 1273 841 Eboracensis,

307 857 338 882 et
355 853 500 891 ejusdem
518 854 579 883 loci
597 860 796 891 conventus,
814 857 942 887 ordinis
958 859 1064 888 sancti
1082 859 1273 895 Benedicti,

308 905 526 937 Eboracensis
552 908 709 943 diocesis,
737 909 877 939 salutem
900 911 934 940 in
959 912 1111 942 Domino.
1138 912 1276 942 Noverit

308 958 509 989 universitas
531 964 640 990 vestra
661 970 720 990 nos
746 962 878 998 secisse,
901 964 1114 994 constituisse
1134 968 1164 994 et
1186 964 1276 994 ordi-

307 1018 404 1039 nasse
421 1010 557 1041 dilectos
575 1017 703 1042 nostros
720 1014 927 1052 Raynerium
948 1015 1127 1045 Bellindoti
1148 1021 1178 1046 et
1195 1017 1276 1047 Car-

306 1061 411 1091 linum
439 1063 591 1093 Gruiberti
620 1065 670 1095 vel
699 1075 941 1105 quemcumque
966 1068 1004 1097 de
1032 1069 1188 1099 societate
1213 1069 1275 1098 filii

306 1114 492 1144 Fabencrii
512 1116 696 1146 Florentini
715 1118 747 1147 in
767 1118 868 1149 Curia
892 1119 1018 1150 domini
1041 1130 1122 1159 pape
1139 1131 1275 1160 presen-

306 1170 371 1196 tem
387 1168 523 1203 fuerint,
540 1174 670 1199 nostros
683 1175 789 1200 certos
804 1172 944 1201 nuncios
955 1177 986 1202 et
997 1178 1226 1210 procuratores
1240 1175 1274 1204 in

306 1219 449 1249 solidum
463 1221 503 1249 ad
519 1221 745 1259 recipiendum
763 1224 896 1253 nomine
913 1229 1025 1254 nostro
1043 1225 1218 1255 ecclesiam
1236 1226 1275 1256 de

306 1272 454 1309 Hugate,
473 1273 692 1304 Eboracensis
708 1274 867 1306 diocesis.
889 1276 928 1305 ad
948 1276 1078 1306 firmam
1094 1286 1112 1307 a
1133 1278 1275 1308 discreto

305 1324 375 1354 viro
391 1325 524 1355 domino
540 1326 675 1356 Alberto
687 1327 828 1363 Archili,
842 1332 918 1357 nato
935 1330 1100 1367 quondam
1118 1331 1274 1369 Symonis

304 1377 451 1407 Archilis
466 1378 583 1408 militis
599 1380 802 1415 Parmensis,
819 1385 936 1418 nepote
953 1382 1078 1411 domini
1094 1392 1188 1422 pape,
1202 1393 1275 1414 rec-

304 1434 374 1459 tore
403 1430 541 1460 ecclesie
570 1431 609 1460 de
638 1433 768 1469 Hugate
798 1434 985 1471 supradicte
1015 1435 1055 1464 ad
1078 1440 1275 1474 perpetuum

304 1482 410 1520 ipsius
437 1483 557 1512 rectori
586 1485 759 1514 annuatim
784 1486 848 1515 sibi
873 1486 924 1516 vel
954 1496 1013 1517 suo
1038 1493 1126 1518 certo
1151 1489 1274 1519 nuncio

305 1534 499 1565 solvendum
521 1540 653 1565 centum
674 1542 705 1567 et
725 1538 844 1575 viginti
866 1539 1014 1578 quinque
1034 1549 1162 1571 marcas
1183 1542 1274 1572 Ster-

304 1587 470 1625 lingorum
484 1588 518 1617 in
535 1588 619 1618 festo
638 1590 744 1618 sancti
759 1590 925 1621 Johannis
942 1592 1090 1630 Baptiste
1107 1594 1193 1632 apud
1206 1595 1274 1625 No—

304 1649 380 1669 vum
399 1640 570 1678 Templum
590 1641 835 1672 Londoniarum
854 1652 911 1681 pro
930 1644 1069 1675 ecclesia
1086 1646 1275 1684 supradicta

305 1697 335 1722 et
358 1693 398 1722 ad
424 1694 652 1731 recipiendum
678 1696 963 1726 contii-mationem
992 1706 1009 1726 a
1036 1697 1168 1728 domino
1190 1708 1274 1738 papa

303 1746 436 1775 nomine
460 1751 583 1782 nostro,
608 1756 707 1785 super
723 1747 783 1777 hoc
800 1753 907 1778 ratum
933 1753 964 1779 et
989 1754 1120 1787 gratum
1145 1760 1274 1790 semper

302 1797 450 1827 habituri
476 1798 634 1837 quicquid
656 1799 735 1829 dicti
764 1801 954 1839 Raynerius
978 1806 1008 1831 et
1038 1803 1195 1834 Carlinus
1222 1804 1275 1835 vel

303 1859 416 1880 eorum
439 1850 522 1880 alter
544 1856 599 1880 aut
620 1851 742 1890 aliquis
765 1852 803 1882 de
825 1853 981 1883 societate
1004 1855 1151 1892 predicta
1174 1864 1274 1894 super

300 1903 472 1941 premissis
492 1903 645 1933 omnibus
665 1905 798 1934 nomine
819 1910 931 1935 nostro
955 1911 985 1936 et
1002 1907 1140 1937 ecclesie
1161 1913 1272 1940 nostre

301 1955 455 1985 duxerint
471 1956 541 1986 sive
557 1956 687 1987 duxerit
702 1958 903 1987 faciendum.
928 1960 967 1989 In
990 1961 1084 1999 quus
1106 1961 1155 1991 rei
1178 1962 1272 1992 testi-

301 2008 461 2043 monium,
493 2009 704 2046 presentibus
734 2010 855 2040 litteris
881 2011 993 2049 sigilla
1013 2018 1127 2043 nostra
1150 2016 1271 2053 apponi

300 2060 452 2089 fecimus.
474 2061 595 2090 Datum
617 2062 702 2099 apud
721 2062 904 2092 Eboracum
926 2064 1057 2102 publice
1074 2066 1109 2094 in
1126 2067 1270 2104 capitulo

299 2119 421 2151 nostro,
439 2124 552 2145 mense
565 2115 660 2154 julio,
680 2125 766 2146 anno
781 2117 905 2147 domini
919 2119 1118 2150 M⁰CC⁰LII⁰.

300 2179 313 2193 1»
338 2168 407 2197 Hoc
425 2172 473 2197 est
490 2168 676 2206 exemplum
691 2169 878 2199 litterarum
895 2171 1023 2201 domini
1040 2182 1121 2211 pape
1140 2184 1146 2202 :

790 2254 929 2288 Perousc,
948 2256 1099 2284 19fev1-ie1·
1118 2258 1196 2286 1253.

300 2326 312 2341 n
332 2315 558 2351 Innocentius,
571 2316 744 2354 episcopus
759 2326 875 2347 servus
885 2327 1055 2349 servorum
1065 2321 1137 2356 Dei,
1149 2322 1267 2353 dilecto

298 2367 366 2397 filio
384 2368 553 2406 Raynerio
567 2369 759 2405 Bellindoti,
776 2370 840 2400 civi
857 2371 1060 2408 Florentino,
1079 2373 1221 2404 salutem
1236 2380 1268 2406 et

298 2420 511 2458 apostolicam
523 2420 799 2452 benedictionem.
812 2423 894 2454 Cum
907 2424 1019 2454 dilecti
1031 2425 1092 2455 filii
1106 2449 1138 2462 ..,
1152 2427 1264 2464 abbas,

298 2477 329 2503 et
351 2477 532 2503 conventus
554 2475 749 2504 monasterii
772 2480 883 2506 sancte
907 2478 1011 2508 Mai-ie
1034 2479 1265 2517 Eboracensis,

297 2526 424 2555 ordinis
439 2526 545 2556 sancti
557 2527 740 2562 Benedicti,
756 2533 784 2557 te
797 2529 837 2558 ad
848 2530 1074 2568 recipiendum
1091 2533 1267 2564 ecclesiam

297 2577 335 2608 dc
357 2579 486 2615 Hugatc
508 2578 655 2616 ipsorum
676 2581 811 2610 nomine
832 2582 871 2611 ad
889 2587 1081 2620 perpetuam
1100 2586 1229 2615 firmam
1247 2596 1266 2616 a

296 2630 415 2661 dilecto
436 2631 503 2660 11110
520 2631 655 2661 Alberto
672 2632 817 2669 Archili,
846 2640 962 2672 nepote
988 2641 1116 2673 nostro,
1138 2643 1265 2670 rectore

295 2685 402 2722 ipsius
425 2684 575 2720 ecclesie,
598 2694 656 2723 pro
679 2691 768 2716 certa
791 2689 929 2725 pecunie
953 2698 1082 2720 summa
1107 2691 1265 2722 solvenda

295 2737 400 2766 eidem
416 2736 552 2766 Alberto
569 2738 666 2767 aunis
681 2738 823 2776 singulis
840 2740 973 2771 infesto
987 2742 1082 2772 Beati
1097 2744 1263 2775 ¹Iohannis

295 2789 443 2827 Baptiste
459 2794 703 2827 procuratorem
722 2793 956 2823 constituerint
973 2795 1161 2832 specialem,
1178 2797 1264 2828 sicut

294 2841 329 2870 iu
345 2841 466 2871 litteris
482 2842 559 2872 inde
576 2844 734 2873 consectis
750 2844 881 2882 plenius
898 2848 1087 2877 continetur
1103 2859 1108 2877 :
1125 2849 1204 2887 quia
1220 2854 1262 2880 ta-

295 2902 370 2923 men
389 2894 512 2923 dictum
529 2896 768 2925 monasterium
788 2897 837 2926 vel
856 2899 926 2937 ejus
943 2898 1029 2929 bona
1045 2909 1104 2938 pro
1120 2900 1187 2931 hiis
1204 2902 1262 2931 ob-

1361 387 1367 401 )

1360 544 1366 558 )

1360 650 1372 664 D

1360 702 1372 716 ))

1359 808 1372 822 ))

1359 861 1372 875 ))

1360 914 1372 929 ))

1360 1072 1372 1086 ))

993 258 1233 288 REGISTRES
1255 257 1562 288 D'ALEXANDRE
1586 259 1640 289 IV.

1399 323 1572 353 servandis
1596 333 1633 354 ex
1656 325 1760 354 forma
1781 325 1928 355 mandati
1946 325 2169 364 predictorum
2187 325 2316 357 abbatis
2334 331 2366 357 et

1399 380 1580 406 conventus
1605 377 1786 415 semiplene
1807 378 1956 416 concepti
1977 386 2042 407 non
2058 381 2188 416 poteras
2205 377 2363 416 obligare,

1398 436 1469 462 nos,
1486 432 1523 457 ut
1539 433 1726 459 contractus
1744 429 1935 469 hujusmodi
1953 430 2109 468 majorem
2126 430 2245 460 habeat
2260 431 2366 461 firmi-

1399 483 1515 515 tatem,
1535 480 1704 518 obligandi
1725 486 1855 520 propter
1873 481 1934 511 hoc
1951 482 2059 520 ipsum
2080 483 2319 513 monasterium
2334 487 2366 514 et

1396 532 1481 563 bona
1506 533 1653 572 ejusdem
1675 535 1821 572 predicto
1839 535 1970 569 rectori,
1994 539 2059 564 tam
2075 543 2132 573 pro
2148 535 2242 564 firma
2258 535 2365 574 ipsius

1399 585 1537 615 ecclesie
1562 585 1719 616 solvenda
1743 587 1924 616 Londoniis
1946 587 2031 625 apud
2047 587 2175 616 Novum
2192 587 2364 626 Templum

1398 638 1432 667 in
1445 638 1532 667 dicto
1544 639 1684 668 termino
1695 648 1793 677 quarn
1807 649 1864 678 pro
1875 640 1980 678 penis,
1996 640 2158 678 dampnis,
2171 640 2324 679 expensis
2333 645 2365 671 et

1398 690 1560 721 interesse
1582 691 1621 721 de
1644 692 1765 730 quibus
1781 693 1900 730 prefati
1917 692 2018 722 abbas
2034 697 2065 722 et
2085 697 2267 722 conventus
2283 693 2365 722 sim-

1396 742 1475 781 plici
1491 743 1590 773 verbo
1603 744 1710 781 ipsius
1727 745 1863 774 rectoris
1878 744 1928 774 vel
1942 745 2089 784 ejusdem
2104 745 2218 774 nuncii
2231 745 2364 776 credere

1398 799 1563 831 tenentur,
1585 796 1715 834 plenam
1734 796 1792 826 tibi
1813 802 1843 827 et
1859 797 1999 827 liberam
2015 797 2210 827 auctoritate
2228 806 2364 836 presen-

1399 849 1481 878 tium
1499 850 1710 880 concedimus
1729 850 1930 880 facultatem.
1948 850 2040 880 Nulli
2057 854 2118 880 etc.
2139 859 2244 889 usque
2262 860 2268 880 :
2286 859 2364 881 con-

1398 902 1509 932 traire.
1529 902 1563 932 Si
1575 903 1650 941 quis
1663 907 1723 932 etc.
1743 912 1867 942 usque:
1885 903 2110 933 incursurum.
2128 904 2201 933 Dat.
2221 902 2363 939 Perusii,

1396 955 1444 984 XI
1454 954 1612 985 kalendas
1624 955 1746 989 martii,
1759 955 1971 995 pontificatus
1983 955 2088 985 nostri
2099 964 2186 985 anno
2197 955 2334 985 decimo.
2349 967 2362 982 n

1399 1019 1412 1033 «
1445 1007 1638 1045 Exemplum
1667 1008 1910 1046 procurationis
1938 1007 2063 1037 domini
2091 1007 2203 1038 Vetuli
2231 1008 2317 1038 facte
2346 1016 2365 1038 a

1398 1059 1530 1089 domino
1546 1059 1681 1091 Alberto
1698 1060 1826 1089 Archili
1842 1060 1903 1090 1100
1919 1065 1968 1090 est
1987 1071 1992 1089 :

1838 1152 1982 1186 Bologne,
1996 1152 2030 1179 ⁴28
2046 1152 2199 1180 decembre
2216 1152 2292 1180 1252.

1400 1232 1412 1246 a
1423 1221 1520 1250 Anno
1530 1221 1664 1250 Domini
1677 1220 1892 1254 M0CC0L1110,
1904 1220 2086 1250 indictione
2097 1221 2169 1256 XF,
2183 1220 2235 1251 die
2247 1225 2365 1260 quarto

1398 1276 1536 1302 exeunte
1555 1272 1754 1307 decembris,
1773 1281 1882 1302 coram
1900 1273 2040 1302 testibus
2055 1273 2295 1311 infrascriptis,
2311 1273 2364 1304 do-

1395 1324 1508 1353 minus
1528 1324 1684 1354 Athertus
1705 1324 1868 1360 Archilis,
1887 1333 1988 1363 nepos
2009 1325 2135 1354 domini
2154 1334 2248 1364 pape.
2265 1334 2364 1357 cano-

1397 1377 1493 1406 nicus
1515 1378 1707 1407 Parmensis
1729 1382 1759 1408 et
1780 1382 1887 1408 rector
1903 1378 2041 1408 ecclesie
2058 1378 2096 1408 de
2113 1379 2260 1416 Hugate,
2278 1379 2364 1409 Ebo-

1396 1430 1545 1459 racensis
1569 1430 1727 1465 diocesis,
1755 1430 1942 1466 constituit,
1969 1430 2135 1460 ordinavit
2164 1435 2262 1470 atque
2285 1431 2366 1462 fecit

1397 1482 1567 1512 dominum
1579 1482 1799 1520 Prepesitum,
1813 1483 2010 1513 canonicum
2022 1484 2248 1522 Pax-mensem,
2263 1487 2294 1514 et
2306 1483 2364 1514 do-

1397 1535 1525 1564 minum
1540 1535 1715 1571 Vetulum,
1734 1539 1895 1565 rectorem
1914 1535 2052 1566 ecclesie
2069 1536 2176 1566 sancti
2195 1535 2364 1566 Ambrosii

1397 1587 1435 1618 de
1453 1589 1582 1623 Parma,
1601 1588 1783 1627 quemlibet
1799 1597 1912 1619 eorum
1930 1589 1964 1618 in
1981 1588 2135 1624 solidum,
2153 1597 2230 1619 suos
2245 1598 2364 1628 procu-

1396 1645 1533 1676 ratores,
1553 1641 1592 1670 ad
1606 1641 1781 1671 locandum
1795 1646 1825 1671 et
1838 1641 1982 1671 dandum
1994 1641 2178 1679 prebendas
2192 1650 2270 1672 suas
2281 1650 2364 1680 quas

1397 1692 1497 1723 habet
1512 1694 1547 1722 in
1564 1693 1685 1731 Anglia
1702 1694 1741 1723 ad
1757 1694 1888 1723 firmam
1904 1697 1935 1723 et
1949 1694 1990 1723 ad
2005 1693 2262 1732 impetrandum,
2279 1702 2364 1724 com-

1395 1745 1612 1781 mittendum,
1635 1745 1928 1776 contradicendum
1949 1750 1981 1776 et
1998 1745 2039 1776 ad
2056 1747 2168 1776 onmia
2185 1750 2216 1776 et
2231 1746 2365 1785 singula

1397 1797 1549 1827 facienda
1565 1807 1628 1836 que
1645 1798 1784 1836 ipsemet
1799 1798 1908 1828 facere
1924 1802 2035 1836 posset
2051 1803 2082 1829 et
2098 1807 2161 1837 que
2177 1808 2235 1837 per
2249 1807 2363 1838 procu-

1395 1855 1538 1880 ratorem
1550 1850 1622 1880 fieri
1634 1855 1783 1888 possunt,
1796 1851 1993 1888 promittens
2004 1851 2106 1880 michi
2119 1851 2290 1887 Petrizolo‚
2303 1860 2363 1882 no-

1395 1902 1479 1932 tario
1495 1902 1719 1940 infrascripto,
1738 1902 1911 1941 stipulanti
1928 1903 2061 1933 nomine
2078 1907 2109 1933 et
2126 1903 2363 1934 vicedictorum

1394 1959 1655 1992 procuratorum,
1673 1955 1795 1985 habere
1810 1959 1918 1984 ratum
1933 1959 1964 1985 et
1981 1956 2114 1985 firmum
2131 1955 2291 1994 quicquid
2304 1964 2364 1994 per

1393 2007 1483 2045 ipsos
1506 2008 1631 2037 sactum
1653 2008 1754 2037 fuerit
1775 2007 1809 2036 in
1830 2007 1988 2045 predictis
2005 2006 2055 2037 vel
2071 2007 2217 2045 quolibet
2234 2007 2363 2045 predic-

1393 2063 1513 2089 torum.
1526 2060 1645 2089 Actum
1657 2060 1818 2095 Bononie,
1831 2059 1866 2088 in
1877 2052 1946 2089 sala
1957 2059 2072 2089 domus
2085 2059 2211 2089 domini
2221 2059 2364 2090 Galvani

1393 2113 1428 2142 in
1452 2122 1517 2152 qua
1541 2113 1670 2143 habitat
1692 2113 1800 2142 dictus
1823 2112 1977 2142 dominus
2005 2112 2181 2147 All)e1·tus;
2209 2117 2362 2150 presente

1393 2165 1525 2195 domino
1552 2166 1684 2195 Aritino
1707 2170 1888 2195 mercatore
1911 2165 1950 2194 de
1974 2164 2152 2200 Florentia,
2178 2164 2299 2196 Alfano
2321 2164 2361 2195 de

1392 2218 1593 2249 Castellione
1612 2218 1835 2255 Garsagnani,
1858 2217 1991 2247 domino
2008 2217 2167 2247 Anselmo
2185 2217 2224 2247 de
2241 2217 2361 2248 Sancto

1390 2271 1511 2306 Vitale,
1531 2271 1671 2301 testibus
1690 2271 1814 2309 rogatis
1832 2275 1863 2300 et
1880 2270 2015 2300 vocatis.
2034 2270 2074 2300 Et
2090 2278 2149 2308 ego
2165 2269 2358 2304 Petrizolus,

1391 2323 1481 2354 filius
1500 2323 1660 2361 Hugolini
1674 2323 1853 2358 Lamberti,
1872 2322 2039 2361 imperiali
2053 2323 2250 2353 auctoritate
2265 2326 2360 2352 nota-

1390 2376 1473 2412 rius,
1489 2376 1557 2406 hiis
1573 2376 1728 2406 omnibus
1744 2376 1884 2406 interfui
1898 2379 1928 2406 et
1943 2379 2079 2414 rogatus
2095 2375 2224 2413 scripsi.
2239 2375 2360 2405 Actum

1391 2429 1523 2459 Perusii
1539 2437 1648 2459 coram
1666 2428 1733 2458 hiis
1750 2428 1892 2458 testibus
1906 2432 1937 2458 et
1952 2427 2013 2458 hoc
2030 2427 2219 2466 specialiter
2233 2426 2358 2465 rogatis

1390 2485 1421 2512 et
1436 2482 1572 2517 vocatis,
1592 2481 1719 2512 scilicet
1735 2481 1867 2511 domino
1883 2480 2062 2511 Guillelmo
2077 2480 2236 2518 magistro
2252 2479 2359 2510 scola·

1389 2543 1463 2564 rum
1489 2534 1680 2569 Parmensi,
1708 2537 1916 2564 sacrosancte
1941 2534 2090 2563 Romane
2115 2531 2262 2562 Ecclesie
2285 2531 2357 2562 vice

1388 2587 1597 2622 cancellario,
1625 2587 1784 2624 magistro
1807 2587 1942 2617 Alberto
1968 2587 2007 2617 de
2033 2587 2169 2619 Parma,
2197 2585 2357 2623 magistro

1387 2640 1566 2677 Adegerio,
1589 2640 1713 2669 domini
1732 2649 1814 2678 pape
1833 2639 2068 2677 scriptoribus,
2093 2637 2252 2676 magistro
2269 2637 2356 2667 Pan-

1387 2693 1517 2730 gratino
1542 2693 1581 2722 de
1603 2693 1718 2730 Regio,
1743 2692 1902 2730 magistro
1918 2692 2051 2726 Rufino,
2069 2694 2195 2721 rectore
2216 2688 2356 2720 ecclesie

1387 2750 1499 2775 sancte
1514 2745 1618 2775 Mario
1635 2745 1672 2775 de
1690 2745 1868 2775 Girovallis
1886 2744 1924 2774 de
1945 2743 2124 2778 Placentia,
2146 2746 2177 2772 et
2196 2742 2355 2780 magistro

1385 2798 1518 2832 Jacoho,
1531 2798 1689 2828 canonico
1699 2797 1873 2827 Fesulano.
1885 2797 1952 2834 Ego
1961 2795 2147 2830 Noclerius,
2159 2794 2354 2825 auctoritate

1385 2850 1552 2888 imperiali
1573 2850 1786 2884 scriniarius,
1810 2849 1967 2887 predictis
1987 2847 2141 2878 omnibus
2163 2846 2302 2877 interfui
2322 2849 2354 2876 et

1386 2902 1447 2932 hoc
1459 2903 1719 2932 instrumentum
1732 2902 1770 2932 de
1783 2902 1957 2939 utriusque
1968 2900 2072 2939 partis
2082 2908 2222 2930 assensu
2234 2897 2353 2937 scripsi

2447 3283 2466 3322 ”u
2447 3239 2471 3254 ,¹
2455 3203 2459 3207 ”
