2498 3325
0 1719 10 1920 w--wvv
0 1688 6 1704 -
0 1669 2 1674 <
0 1642 4 1659 ,-

1024 182 1255 221 DEUXIEME
1276 183 1436 221 ANNEE.
2227 195 2285 223 427

185 268 200 282 »
224 255 300 286 liter
308 256 359 286 vel
371 255 560 294 specialiter
570 255 835 295 quibuscumque
847 256 998 294 personis
1011 256 1050 285 ab
1063 260 1193 294 aposto-

186 319 199 334 »
223 307 288 337 lica
309 308 391 338 Sede
412 308 578 338 concessis
602 307 653 338 vel
674 308 774 338 etiam
793 309 1024 344 concedendis,
1044 317 1103 338 seu
1118 309 1193 347 qui-

185 372 199 386 n
223 360 418 399 buscunque
441 360 562 390 litteris
588 360 778 399 apostolicis
802 361 988 399 impetratis
1012 361 1064 391 vel
1093 361 1194 391 etiam

184 424 198 440 n
223 413 452 451 impetrandis,
472 413 510 443 de
529 413 651 452 quibus
667 413 799 452 plenam
816 417 846 444 et
863 423 1062 452 expressam,
1082 418 1138 444 aut
1154 415 1193 444 de

185 477 198 492 n
224 465 323 496 verbo
340 466 380 495 ad
394 466 532 496 verbum
544 470 709 504 oporteret
720 466 753 495 in
766 467 977 504 presentibus
989 467 1192 497 mentionem

184 530 198 544 »
222 518 307 553 fieri,
323 523 353 548 et
370 528 426 557 per
443 528 524 557 quas
540 519 688 558 predicta
706 519 758 549 vel
781 528 892 549 eorum
913 519 1046 558 aliquod
1062 520 1194 550 valeant

184 583 198 598 n
222 571 389 609 impediri.

225 637 238 651 »
259 625 403 655 Predicti
420 629 530 655 autern
546 625 805 663 archipresbiter
819 630 848 655 et
866 625 1016 663 scriptor,
1031 626 1065 655 in
1080 630 1194 656 nostra

183 689 197 703 n
222 678 390 715 presentia
402 678 585 714 constituti,
605 678 645 708 ad
660 678 818 717 majorem
833 678 1022 708 firmitatem
1043 683 1193 717 accepta-

183 741 198 756 »
223 734 340 759 verunt
356 730 468 759 omnia
487 734 517 760 et
531 730 664 768 singula
680 731 880 768 supradicta.

223 794 236 808 »
262 783 380 812 Actum
399 784 502 813 Rome
526 783 611 821 apud
632 783 805 813 ecclesiam
826 784 938 813 Sancti
954 783 1136 814 Clementis
1157 785 1193 813 in

221 843 350 865 camera
367 840 491 870 nostra,
504 836 715 874 presentibus
732 837 891 873 magistro
903 836 1075 871 Monacho,
1089 837 1192 867 electo

220 886 370 921 Albensi,
383 887 555 922 Ramboto,
567 887 733 925 preposito
745 887 916 919 Nerviani,
932 887 1192 918 Mediolanensis

219 939 371 974 diocesis,
391 940 488 969 Petro
506 939 695 974 Embarani,
714 944 745 969 et
761 939 897 969 Giberto
914 939 1193 978 archipresbitero

221 991 259 1021 de
275 992 410 1027 Noceto,
427 991 552 1021 domini
569 1001 650 1030 pape
667 992 838 1029 scriptore,
858 992 1038 1030 capellanis
1056 993 1190 1023 nostris.

219 1045 317 1074 Anno
349 1054 367 1074 a
398 1045 580 1074 Nativitate
608 1045 741 1074 Domini
774 1045 977 1080 M⁰CC⁰LVL
1009 1045 1192 1076 indictione

219 1098 353 1130 xima.
372 1098 404 1127 II
422 1106 526 1127 nonas
545 1097 723 1132 februarii,
744 1097 957 1135 pontificatus
974 1099 1114 1136 predicti
1135 1099 1193 1128 do-

219 1150 304 1179 mini
320 1149 499 1179 Alexandri
516 1159 597 1188 pape
616 1151 685 1180 IIII
703 1159 789 1180 anno
806 1151 962 1180 secundo.

221 1215 235 1229 ³³
255 1203 293 1232 In
310 1203 404 1241 cujus
420 1202 468 1232 rei
485 1203 724 1238 testimonium,
744 1203 804 1233 lias
819 1203 947 1233 litteras
965 1203 1066 1233 scribi
1083 1208 1114 1234 et
1132 1214 1193 1242 pu-

219 1255 337 1285 blicari
349 1256 490 1285 fecimus
504 1265 561 1294 per
578 1256 791 1286 Gisredinum
808 1257 846 1286 de
862 1257 1007 1292 Vezano,
1027 1257 1193 1286 notarium

220 1313 386 1343 nostrum,
413 1318 449 1338 ac
472 1308 583 1346 sigillo
607 1313 718 1339 nostro
745 1309 882 1338 muniri.
908 1310 975 1347 Ego
997 1310 1192 1340 Gifredinus

221 1361 404 1400 predictus,
433 1361 601 1399 imperiali
629 1362 824 1392 auctoritate
854 1363 1018 1397 notarius,
1046 1363 1193 1400 predicta

220 1414 342 1449 omnia.
371 1414 409 1444 de
430 1414 584 1444 mandato
607 1415 746 1452 predicti
763 1415 889 1445 domini
910 1415 1066 1445 Ottoboni
1085 1416 1192 1445 cardi-

221 1467 319 1501 nalis,
340 1467 459 1505 scripsi
476 1471 505 1497 et
522 1467 690 1505 publicavi
706 1476 743 1497 ae
759 1477 831 1497 meo
849 1468 959 1506 sigillo
977 1469 1118 1506 signavi.
1137 1481 1149 1494 ι)

221 1533 234 1547 n
252 1520 345 1550 Nulli
360 1525 421 1550 ete.
439 1525 551 1550 nostre
568 1521 831 1551 confirmationis
849 1526 909 1551 etc.
928 1523 1001 1551 Dat.
1023 1522 1190 1557 Laterani,

178 1575 245 1604 XII
261 1573 420 1603 kalendas
439 1573 562 1608 martii,
583 1582 669 1603 anno
687 1574 842 1604 secundo.
863 1586 875 1600 ›>

181 1162 195 1176 ²³
181 1109 195 1124 ὅ
181 1056 195 1071 5
182 1003 196 1018 υ
181 951 196 966 ἓ
182 898 196 913 Β
181 847 197 862 S

180 1479 195 1494 δ
181 1426 195 1441 :1
181 1373 195 1389 5
180 1321 195 1335 ὅ
181 1268 195 1283 δ

253 1753 368 1780 1390
767 1752 893 1786 Anagni,
911 1752 944 1778 22
959 1753 1024 1786 juin
1042 1753 1118 1779 1256.

214 1814 359 1849 Episcopo
375 1813 521 1840 Insulensi
539 1813 662 1844 mandat,
683 1817 713 1840 ut
728 1813 911 1840 Theoteristo
928 1814 1031 1847 Greco,
1049 1815 1191 1841 monacho

177 1863 346 1889 monasterii
362 1862 396 1888 de
408 1861 503 1893 Carra,
517 1861 550 1888 ad
565 1861 727 1888 Romanam
743 1861 904 1888 Ecclesiam
922 1863 998 1889 nullo
1015 1863 1109 1889 medio
1126 1871 1191 1897 per-

177 1910 309 1942 tinentis,
325 1911 435 1936 ordinis
449 1918 474 1936 s.
493 1909 602 1941 Basilii,
620 1909 846 1937 Neucastrensis
860 1911 997 1942 diocesis,
1012 1911 1040 1937 in
1057 1911 1191 1938 abbatem

179 1959 284 1991 electo,
302 1967 410 1985 munus
427 1959 637 1986 benedictionis
652 1959 799 1994 impendat
814 1963 842 1986 et
859 1961 1047 1986 reverentiam
1067 1961 1092 1986 ei
1108 1961 1192 1987 faciat

181 2017 198 2034 a
227 2008 351 2034 subditis
376 2007 516 2039 exhiberi,
543 2015 610 2033 cum
634 2007 708 2034 idem
732 2007 831 2039 abbam,
855 2012 972 2042 propter
994 2012 1190 2043 paupertatem

177 2056 247 2083 dicti
267 2056 451 2087 monasterii,
470 2056 607 2082 malitiam
630 2057 769 2090 temporis
789 2065 822 2083 ac
843 2057 928 2083 etiam
950 2057 1064 2084 diversa
1080 2058 1191 2084 viarum

178 2105 316 2140 pericula,
338 2105 371 2130 ad
393 2104 497 2130 Sedein
520 2104 720 2139 Apostolicam
752 2109 876 2139 nequeat
902 2113 934 2131 se
960 2105 1116 2132 transferre
1140 2115 1191 2141 pro

178 2153 391 2180 benedictionis
412 2161 532 2179 munere
557 2153 722 2180 obtinendo.
752 2153 833 2185 (Rea.
854 2154 904 2185 2¹4,
927 2154 944 2180 f.
975 2155 1038 2188 179,
1060 2163 1126 2180 ann.
1152 2155 1190 2188 ΙΙ,

177 2211 205 2229 c.
225 2202 297 2234 316.)

221 2316 234 2330 α
262 2327 294 2339 ..,
315 2305 450 2342 episcopo
468 2305 633 2333 Insulcnsi,
659 2304 854 2334 Presentata
876 2305 972 2335 nobis
991 2314 1027 2335 ex
1048 2323 1096 2334 —.
1115 2306 1189 2335 Dat.

179 2357 345 2395 Anagnie,
363 2357 393 2386 X
410 2356 570 2386 kalendas
584 2356 673 2395 julii,
692 2365 778 2386 anno
798 2357 952 2387 secundo.
976 2370 988 2383 »

255 2529 367 2557 1391
767 2528 894 2563 Anagnt,
911 2529 944 2555 ‘27
957 2530 1021 2563 juin
1040 2530 1118 2557 1256.

216 2590 373 2617 Sororibus
389 2590 605 2624 poenitentibus
622 2597 646 2616 s.
665 2589 771 2616 Mariae
787 2589 973 2624 Magdalenae
989 2591 1025 2617 de
1040 2591 1191 2618 Alamania

179 2639 322 2673 indulget,
335 2642 366 2665 ut
376 2638 411 2664 ad
426 2638 620 2673 receptionem
633 2638 757 2672 alicujus
772 2639 800 2664 in
814 2645 942 2665 sororem
959 2647 1014 2665 non
1027 2642 1189 2667 teneantur.

181 2688 262 2721 (Risu.
283 2687 331 2721 2³4,
354 2687 372 2715 f.
395 2687 453 2720 179,
469 2696 536 2713 ann.
553 2687 597 2721 II,
612 2695 638 2714 c.
656 2687 729 2719 317.)

221 2801 234 2815 «
263 2789 421 2825 (iem—rati,
445 2789 596 2826 preposito
620 2796 656 2816 ac
680 2788 835 2816 sororibus
857 2789 1067 2826 penitentibus
1091 2796 1192 2820 sancte

180 2842 277 2871 Mario
295 2841 470 2878 t'ajdalene
487 2840 521 2869 de
538 2841 722 2875 Alamania,
747 2840 868 2869 ordinis
885 2842 987 2870 sancti
1008 2842 1189 2879 Auyustini.

1276 256 1354 286 Paci
1373 260 1403 285 et
1424 257 1659 295 tranquillitati
1676 262 1784 288 vestre
1800 262 1939 296 paterna
1958 259 2105 289 volentes
2122 260 2155 289 in
2173 264 2283 298 poste-

1275 318 1348 338 rum
1363 309 1588 340 sollicitudine
1607 311 1791 348 providere,
1812 311 2007 341 auctoritate
2030 312 2123 342 vobis
2146 322 2283 351 presen-

1276 361 1359 391 tium
1375 362 1603 400 indulgemus,
1624 368 1659 393 ut
1682 363 1723 393 ad
1739 364 1962 402 receptionem
1980 365 2121 404 alicujus
2138 366 2172 394 in
2190 375 2282 395 soro-

1274 423 1345 443 rem
1358 415 1553 444 monasterii
1565 416 1667 445 vestri
1681 425 1746 446 non
1764 416 1945 446 teneamini
1961 426 2018 455 per
2029 417 2156 448 litteras
2169 427 2187 447 a
2199 418 2283 448 Sede

1276 467 1455 505 apostolica
1470 468 1674 506 impetratas,
1695 478 1836 507 quarum
1852 478 1917 499 non
1935 470 1977 499 sit
1995 471 2189 501 auctoritate
2207 481 2283 509 pro-

1276 528 1417 554 cessum,
1433 524 1463 550 et
1480 521 1629 551 decetero
1646 522 1881 559 impetrandas,
1899 531 1963 551 non
1977 523 2135 553 facientes
2150 523 2282 561 plenam

1276 576 1307 601 et
1332 581 1521 610 expressam
1545 573 1583 603 de
1609 573 1818 612 indulgentia
1845 574 2035 613 hujusmodi
2065 576 2279 605 mentionem.

1275 625 1368 655 Nulli
1385 630 1446 655 etc.
1465 630 1575 656 nostre
1591 627 1816 656 concessionis
1834 632 1894 657 etc.
1912 629 1984 657 Dat.
2004 629 2166 666 Anagnie,
2183 630 2212 658 V
2226 629 2282 658 ka-

1275 677 1390 708 lendas
1405 678 1492 717 julii,
1514 688 1600 708 anno
1619 679 1774 709 secundo.
1795 692 1807 705 >⁷

1350 842 1464 869 1392
1859 843 1983 877 Anagni,
2004 845 2037 870 ‘24
2051 845 2115 878 juin
2136 846 2211 871 1230.

1310 902 1418 928 Abbati
1439 906 1467 928 et
1482 904 1637 930 conventui
1655 904 1821 930 monasterii
1839 903 2044 931 Fiscannensis
2061 906 2088 931 in
2107 905 2284 933 Normannia

1275 950 1483 985 parrochialem
1496 951 1648 977 ecclesiam
1662 951 1692 978 S.
1706 952 1839 978 Andreae
1851 952 1885 978 de
1899 952 2076 987 Estaningis,
2090 954 2283 981 Ciccstrensis

1275 999 1411 1029 diocesis,
1425 999 1467 1026 eis
1482 999 1507 1024 in
1522 1000 1722 1033 spiritualibus
1734 1004 1761 1026 et
1774 1001 1980 1035 temporalibus
1999 1002 2196 1035 pertinentem,
2215 1011 2285 1029 con-

1275 1047 1351 1073 cedit
1367 1048 1395 1073 in
1408 1047 1539 1082 proprios
1553 1056 1633 1079 usus,
1651 1048 1822 1075 cedentibus
1840 1049 1882 1074 vel
1898 1049 2105 1076 decedentibus
2123 1051 2283 1077 rectoribus

1275 1096 1423 1122 ecelesiae.
1442 1096 1527 1130 (tttn.
1544 1096 1588 1130 ⁶24,
1607 1097 1624 1122 f.
1647 1097 1705 1127 170,
1723 1106 1788 1123 ann.
1807 1097 1849 1131 II,
1866 1106 1891 1124 c.
1911 1098 1982 1130 318.)

1317 1210 1330 1224 «
1350 1199 1456 1227 Abbati
1480 1203 1504 1227 ct
1528 1200 1692 1227 conventui
1714 1201 1895 1228 monasterii
1914 1200 2129 1229 Ftseannensis
2152 1202 2183 1229 in
2206 1202 2283 1229 Nor-

1275 1252 1425 1286 mcmnia,
1443 1251 1563 1280 ordinis
1579 1253 1680 1281 sancti
1698 1253 1860 1287 Benedicti,
1879 1253 1917 1281 ml
1933 1254 2100 1282 Romanum
2121 1255 2284 1283 Ecclesium

1274 1305 1361 1332 nullo
1388 1305 1486 1333 medio
1510 1306 1705 1341 pertinentis.
1738 1306 1930 1335 Devotionis
1955 1310 2063 1335 vestre
2094 1307 2211 1336 merita
2233 1325 2282 1335 —.

1274 1358 1348 1386 Dat.
1371 1357 1539 1394 Anagnie,
1562 1358 1643 1387 VIII
1661 1357 1821 1388 kalendas
1841 1358 1935 1397 julii,
1959 1359 2169 1397 pontificatus
2196 1369 2283 1389 anno

1275 1410 1431 1440 secundo.
1454 1422 1466 1435 »

1348 1576 1464 1603 1393
1856 1576 1980 1609 Anagni,
2002 1576 2115 1609 lflsjuin
2136 1576 2211 1602 1256.

1309 1637 1433 1663 Eosdem
1459 1641 1597 1663 exonerat
1621 1646 1636 1663 a
1660 1637 1781 1663 XXXV
1806 1637 1887 1663 libris
1912 1637 2125 1663 Turonensiuni
2146 1637 2283 1671 episcopo

1274 1685 1453 1712 Paneadensi
1477 1686 1624 1712 annuatim
1652 1685 1809 1712 solvendis.
1836 1686 1920 1718 (Res.
1947 1686 1991 1716 ⁶24,
2022 1686 2040 1711 f.
2067 1686 2125 1717 170,
2151 1694 2217 1712 ann.
2247 1685 2282 1718 ΙΙ,

1272 1744 1298 1762 c.
1317 1735 1389 1766 319.)

1316 1848 1328 1862 α
1348 1837 1479 1865 Eisdem.
1498 1836 1541 1865 Ex
1559 1839 1650 1873 parte
1669 1839 1779 1864 vestra
1794 1835 1859 1864 suit
1874 1834 2079 1872 propositum
2099 1843 2207 1863 coram
2225 1843 2284 1863 no-

1273 1888 1336 1923 bis,
1355 1888 1442 1927 quod
1464 1897 1522 1918 nos
1540 1887 1723 1918 venerabili
1740 1887 1836 1917 fratri
1854 1891 1965 1917 nostro
1983 1910 2016 1921 ..,
2036 1886 2284 1924 archiepiscopo

1274 1941 1551 1979 Rothomagensi,
1581 1950 1680 1979 super
1704 1941 1893 1978 provisione
1921 1940 2071 1970 facienda
2101 1940 2284 1969 venerabili

1273 1994 1370 2024 fratri
1392 1997 1504 2023 nostro
1526 2016 1558 2029 ,.,
1580 1993 1733 2031 episcopo
1754 1993 1980 2026 Paneadensi,
2001 1993 2104 2022 donec
2126 1993 2166 2022 ad
2187 2002 2284 2022 suum

1274 2047 1499 2085 episcopatum
1518 2046 1625 2076 redire
1645 2049 1771 2084 posset,
1794 2045 1833 2075 ab
1853 2045 2003 2075 ecclesiis
2024 2049 2054 2075 ct
2071 2045 2284 2075 monasteriis

1273 2099 1438 2138 provintie
1471 2098 1766 2136 Rothomagensis,
1798 2102 1864 2127 tam
1894 2098 2053 2136 exemptis
2086 2107 2185 2136 quain
2218 2106 2282 2127 non

1274 2152 1450 2190 exemptis,
1477 2151 1538 2180 sub
1564 2154 1653 2180 certa
1676 2151 1784 2180 forma
1806 2150 1988 2180 direximus
2011 2151 2133 2188 scripta
2158 2154 2281 2179 nostra.

1273 2205 1369 2236 Unde
1387 2204 1465 2243 quia
1480 2213 1538 2242 per
1554 2203 1746 2242 hujusmodi
1762 2203 1890 2233 litteras
1905 2212 1961 2233 vos
1978 2207 2009 2233 ct
2026 2203 2190 2241 prioratus
2210 2211 2284 2232 ves-

1272 2258 1315 2287 tri
1341 2257 1467 2295 gravati
1492 2256 1571 2286 estis
1597 2256 1631 2285 in
1653 2265 1764 2285 annua
1783 2256 1943 2294 pensione
1968 2255 2106 2293 triginta
2136 2255 2284 2293 quinque

1272 2310 1434 2339 librarum
1461 2309 1704 2344 turonensium,
1734 2308 1840 2338 eidem
1869 2309 2032 2346 episcopo,
2059 2312 2095 2337 ut
2121 2307 2281 2342 asseritiS,

1273 2363 1371 2393 annis
1390 2363 1533 2400 singulis
1552 2362 1785 2400 persolvenda,
1804 2370 1879 2396 nos,
1898 2361 2107 2391 attendentes
2132 2360 2235 2389 multa
2254 2364 2286 2389 et

1272 2425 1392 2454 magna
1409 2416 1546 2445 servitia
1563 2424 1626 2453 quc
1646 2414 1792 2444 Ecclesie
1816 2415 1965 2444 Romane
1988 2415 2022 2443 in
2048 2414 2117 2443 suis
2137 2413 2284 2443 necessi-

1272 2469 1396 2498 tatibus
1416 2468 1644 2506 impendistis,
1663 2476 1719 2497 vos
1743 2471 1774 2497 et
1795 2467 1962 2505 prioratus
1988 2466 2077 2504 ipsos
2103 2467 2142 2495 ab
2166 2465 2283 2504 hujus-

1271 2522 1359 2551 modi
1382 2530 1481 2551 onerc
1505 2520 1709 2550 absolvimus
1735 2521 1774 2550 de
1798 2520 1904 2557 gratia
1927 2519 2075 2558 speciali.
2101 2518 2194 2548 Nulli
2221 2522 2282 2547 etc.

1272 2580 1383 2606 nostre
1403 2575 1622 2605 absolutionis
1642 2578 1701 2605 etc.
1728 2575 1801 2604 Dat.
1819 2574 1988 2611 Anagnie,
2006 2573 2158 2603 kalendis
2180 2572 2280 2611 junii,

1273 2638 1360 2659 anno
1377 2628 1533 2658 secundo.
1553 2640 1565 2654 n

1347 2787 1461 2815 1394
1861 2784 1988 2817 Anagni‚
2005 2782 2039 2809 22
2053 2782 2116 2815 juin
2134 2781 2210 2808 1256.

1308 2848 1503 2882 Insrascriptis
1528 2847 1655 2879 mandat,
1684 2850 1716 2873 ut
1744 2846 1779 2872 de
1802 2846 1860 2872 vita
1885 2849 1913 2872 ct
1939 2844 2086 2871 miraculis
2115 2842 2282 2869 recolendae
