2498 3325
248 239 302 268 188
969 236 1209 268 REGISTRES
1230 235 1539 268 D'ALEXANDRE
1562 239 1618 268 IV.

245 305 321 330 tione
328 303 468 337 Gaurridi,
479 302 759 337 Pati-acensiselecti,
768 303 988 338 metropolitani,
996 303 1106 329 eximit.
1114 301 1197 336 (Reo.
1205 302 1252 334 24,

243 361 268 379 c.
287 353 347 382 514,
367 352 385 379 f.
403 352 458 386 74.)

285 479 298 493 «
317 468 360 502 L.,
379 467 513 504 episcopo
525 467 722 496 Mothonensi.
736 465 853 496 Debite
864 466 1071 504 providentie
1084 465 1179 496 oculo
1191 483 1230 488 —
1245 476 1251 495 :

243 519 354 549 favore
370 518 474 556 igitur
489 527 665 557 personam
688 523 778 548 tuam
797 518 954 557 prosequi
969 518 1125 557 precipuo
1142 518 1253 548 inten-

243 571 369 606 dentes,
388 580 486 610 quam
502 571 590 601 inter
605 575 731 602 ceteros
748 570 891 609 prelatos
906 571 1113 610 principatus
1128 571 1253 602 Achaic

242 633 279 654 ac
301 625 412 654 Moree
435 625 557 654 amoris
580 623 755 662 privilegio
775 623 1025 662 complectimur
1052 624 1252 662 singularis,

243 681 297 707 tue
322 677 543 706 fraternitatis
572 676 726 714 precibus
752 676 920 711 inclinati,
948 680 978 706 te
1001 685 1038 706 ac
1061 676 1253 707 demanium

243 735 334 759 tuum
349 729 487 759 ecclesie
501 730 731 759 Motlionensis
743 734 773 759 et
788 738 850 768 que
865 730 903 759 de
915 729 1069 760 demanio
1083 730 1154 768 ipso
1166 730 1253 760 exis-

242 786 331 816 tunt,
356 782 515 820 quamdiu
534 782 597 820 ipsi
621 781 760 812 ecclesie
778 782 961 820 profueris,
987 792 1004 811 a
1019 782 1253 821 jurisdictione

241 834 351 864 dilecti
370 834 429 864 filii
451 835 620 868 Gausridi,
641 835 982 868 Pat1·acensis‹·lecti,
1005 835 1253 873 metropolitani

243 888 300 922 tui,
320 889 514 918 auctoritate
531 888 736 927 presentium
757 888 944 924 eximimus,
964 888 1023 917 tibi
1041 888 1153 918 eadem
1173 898 1252 918 auc-

242 942 372 971 toritate
398 941 616 979 personaliter
642 940 861 978 indulgendo.
886 945 921 970 ut
945 941 1014 979 ipse
1040 942 1078 971 G.
1103 941 1137 970 in
1162 945 1250 971 tuam

239 995 367 1033 precise
395 998 425 1024 et
504 994 621 1024 vicarii
646 993 706 1029 tui,
728 993 900 1024 occasione
920 994 1067 1032 predicta
1091 1003 1250 1032 personas

241 1046 604 1081 excommunicationis.
620 1046 851 1084 suspensionis
865 1050 921 1076 aut
934 1046 1103 1078 interdicti
1120 1051 1250 1077 senten-

243 1095 304 1129 tias
330 1100 525 1129 auctoritate
549 1099 716 1129 ordinaria
740 1100 888 1137 proferre
910 1104 974 1128 non
1000 1099 1103 1137 possit
1124 1099 1249 1138 absque

240 1157 351 1183 nostra
371 1152 507 1191 speciali
524 1152 658 1182 licentia
673 1152 803 1190 plenam
821 1157 851 1182 et
865 1161 1054 1190 expressam
1070 1153 1248 1183 facientem

239 1206 278 1235 de
295 1206 500 1243 exemptione
519 1214 556 1235 ac
570 1204 698 1235 indulto
714 1205 905 1244 hujusmodi
922 1205 1137 1234 mentionem.
1156 1205 1248 1235 Nulli

239 1263 299 1288 etc.
338 1263 449 1287 nostre
485 1257 703 1295 exemptionis
740 1261 771 1287 et
811 1258 1036 1287 concessionis
1074 1262 1134 1287 etc.
1172 1259 1245 1287 Dat.

238 1311 401 1348 Anagnie,
421 1311 498 1340 XVI
515 1310 580 1339 kal.
601 1310 745 1347 augusti.
764 1318 850 1339 anno
868 1310 986 1348 primo.
1006 1322 1019 1336 ³>

276 1429 304 1455 ln
317 1438 342 1455 e.
357 1438 394 1456 m.
411 1429 502 1455 cidem
517 1437 609 1463 usque
622 1439 628 1455 :
641 1428 866 1463 ajurisdictione
878 1429 1049 1455 venerahilis
1063 1428 1159 1454 fratris
1174 1428 1247 1455 Pan-

238 1479 368 1512 taleonis,
393 1478 551 1512 patriarche
575 1477 897 1512 Constantinopolitani,
920 1477 1077 1511 apostolice
1098 1476 1182 1504 Sedis
1206 1478 1246 1504 le-

237 1529 312 1561 gaii,
329 1528 498 1554 auctoritate
515 1527 690 1561 presentium
708 1527 881 1559 eximimus3
899 1526 948 1552 tibi
961 1526 1060 1552 eadem
1076 1527 1246 1554 auctoritate

238 1578 426 1612 personaliter
443 1576 627 1610 indulgendo,
640 1575 715 1610 quod
733 1575 806 1601 idem
823 1575 955 1602 l'antaleo
966 1575 1077 1609 aliquas
1088 1576 1139 1602 tibi
1150 1584 1200 1610 per
1215 1584 1246 1602 se

238 1626 280 1651 vel
301 1634 350 1660 per
370 1633 441 1651 suos
456 1625 591 1651 collectas
607 1625 768 1659 imponere,
786 1629 871 1658 teque
891 1632 1073 1664 quacumque
1093 1625 1245 1651 occasione

236 1675 270 1701 ad
291 1664 495 1701 exhibitionem
517 1679 544 1700 et
566 1674 768 1708 prestationem
788 1682 889 1706 urgere
911 1674 1049 1708 ipsarum,
1066 1677 1094 1699 et
1109 1674 1184 1707 quod
1201 1674 1246 1700 in-

237 1724 359 1754 terdicti,
374 1723 577 1758 suspensionis
586 1727 635 1748 aut
646 1723 952 1749 excommunicationis
964 1722 990 1748 in
1005 1730 1155 1757 personam
1168 1726 1244 1749 tuam

236 1773 405 1799 auctoritate
420 1781 472 1798 sue
489 1772 642 1805 legationis
660 1772 700 1797 vel
718 1772 860 1798 ordinaria
876 1771 1035 1798 sententias
1052 1771 1177 1806 proferre
1190 1780 1244 1798 non

239 1822 330 1856 possit
346 1826 400 1847 etc.
420 1826 447 1847 ut
464 1821 489 1846 in
507 1821 560 1846 alia
578 1829 628 1854 usq
637 1829 670 1846 ue
687 1821 714 1846 in
732 1821 797 1846 fine.

307 2014 397 2042 8⁹22

274 2075 367 2104 Petro,
385 2077 523 2110 episcopo
539 2075 786 2105 Castellanetensi,
806 2075 946 2109 indulget.
965 2084 998 2101 ne
1015 2075 1138 2101 dilectus
1157 2076 1244 2110 filius,

237 2125 385 2158 Huguitio,
399 2125 565 2158 capellanus
576 2132 658 2155 suus,
673 2125 699 2151 in
713 2124 808 2150 Massa
820 2125 940 2150 trabaria
955 2124 1106 2157 legationis
1121 2125 1246 2159 fungens

237 2174 338 2206 officio,
365 2173 392 2199 iu
420 2181 571 2207 personam
596 2174 661 2207 ejus
684 2173 1008 2206 excommunicationis,
1034 2173 1177 2199 interdicti
1202 2174 1245 2200 vel

839 2013 956 2048 Naples¹
974 2013 989 2039 8
1005 2013 1075 2039 avril
1093 2014 1173 2041 1255.

238 2222 442 2256 suspensionis
462 2222 620 2247 sententias
643 2221 733 2247 valeat
759 2221 957 2255 promulgare,
979 2222 1088 2255 absque
1113 2222 1245 2248 mandato

238 2270 324 2296 Sedis
339 2271 496 2304 apostolice
512 2270 640 2304 speciali.
659 2269 741 2302 (luo.
759 2270 802 2300 24,
819 2278 844 2295 (·.
863 2270 923 2304 515,
940 2270 959 2296 f.
978 2269 1032 2303 74.)

278 2396 290 2409 «ι
310 2385 403 2417 Petro,
417 2385 549 2421 cpit-stopo
559 2385 815 2413 Castellrznetensi.
832 2383 1105 2413 Sinceritatislue
1116 2385 1245 2415 meritis

237 2453 285 2464 —.
305 2437 377 2465 Dal.
396 2436 546 2474 Neapoli,
563 2437 609 2466 VI
628 2436 702 2465 idus
720 2436 846 2473 aprilis.
865 2445 952 2465 anno
969 2437 1086 2474 primo.
1110 2450 1121 2463 »

307 2631 395 2660 623

271 2693 469 2719 Conventihus
485 2692 689 2720 Cisterciensis
705 2694 828 2727 ordinis,
847 2697 1043 2723 moerentibus
1061 2702 1090 2723 ut
1106 2699 1244 2725 ecclesia-

792 2632 917 2667 Anagni,
939 2633 1076 2668 l4juillet
1096 2635 1172 2663 1255.

238 2751 300 2768 rum
318 2743 415 2776 prelati
433 2746 459 2767 et
471 2741 597 2775 judices,
615 2744 719 2769 virtute
733 2744 888 2770 litterarum
906 2744 990 2775 Sedis
1005 2747 1178 2780 apostolicae
1194 2756 1245 2782 ge-

238 2791 370 2817 neraliter
391 2791 602 2816 continentium
623 2791 698 2825 (Quod
718 2800 771 2817 uon
790 2792 905 2819 obstent
919 2794 1013 2827 aliqua
1029 2795 1176 2829 privilegia
1192 2804 1243 2823 seu

236 2839 431 2873 indulgentiae
454 2839 668 2872 jurisdictionis
694 2841 893 2874 explicationi,
915 2842 1148 2875 Jurisdictiouem
1176 2853 1245 2879 erga

237 2888 316 2922 ipsos
331 2891 493 2918 exerceant,
511 2887 648 2922 indulget,
669 2896 702 2913 ne
719 2889 865 2915 conveniri
883 2898 934 2924 per
950 2891 1116 2924 huJ'usmodi
1133 2892 1244 2923 litteras

1337 301 1372 328 de
1384 307 1480 329 cetero
1496 311 1547 330 seu
1560 304 1746 338 adjudicium
1763 305 1877 332 evocari
1894 305 2018 340 possint,
2029 313 2103 340 quae
2118 306 2153 332 de
2166 306 2266 334 ordine
2281 305 2347 334 cis-

1336 351 1490 379 terciensis
1505 360 1560 378 non
1579 352 1698 380 fecerint
1715 353 1900 380 mentionem.
1921 353 2002 383 (Rea.
2019 353 2063 386 ⁴2⁴,
2080 362 2106 381 c.
2123 354 2186 385 516.
2202 354 2221 381 t'.
2237 354 2293 390 74.)

1379 472 1392 486 α
1471 461 1573 490 abbati
1589 461 1737 497 cistercii,
1755 462 1877 499 eJ'usque
1889 462 2079 492 coabbatibus
2101 466 2127 491 el
2148 462 2346 492 conventibus

1335 513 1501 548 universis,
1527 513 1734 543 cisterciensis
1754 514 1885 543 ordinis.
1910 513 2039 544 Meritis
2058 517 2166 544 vestre
2182 522 2275 544 sacre
2294 530 2343 544 —·.

1337 565 1410 595 Dat.
1428 566 1591 604 Anagnie,
1609 567 1643 596 II
1657 566 1733 596 idus
1745 566 1834 606 julii,
1852 575 1939 596 anno
1952 567 2070 605 primo.
2090 579 2103 593 n

1407 757 1496 785 824

1373 818 1512 852 Magistro
1539 818 1664 846 Henrico
1688 818 1723 845 de
1747 818 1905 854 Sceptone,
1931 820 2035 846 rectori
2060 819 2200 846 ecclesiae
2227 819 2263 846 de
2286 819 2347 856 Ep-

1336 867 1475 902 peworth‚
1493 867 1704 894 Lincolniensis
1718 867 1860 902 diocesis,
1879 868 1928 903 qui
1946 868 1974 894 in
1991 868 2102 895 artibus
2123 868 2228 896 meruit
2246 868 2347 896 cathe-

1334 916 1413 943 dram
1428 916 1584 943 ascendere
1599 917 1793 951 magistralem
1807 920 1836 943 et
1853 916 1880 943 in
1897 917 2060 951 theologica
2070 917 2206 944 facultate
2221 917 2343 946 studens

1333 965 1444 992 diutius
1455 965 1634 992 laudabiliter
1650 966 1780 1000 profecit,
1794 966 1884 999 gratia
1900 966 2017 1000 speciali
2033 965 2191 1000 dispensat,
2208 969 2248 1000 ut,
2261 974 2345 1001 prae-

1334 1018 1376 1041 ter
1391 1014 1448 1041 duo
1465 1014 1603 1041 beneficia
1619 1014 1665 1041 sui
1680 1014 1888 1046 ecclesiastica,
1905 1023 2004 1041 euram
2020 1014 2180 1042 animarum
2199 1014 2343 1049 habentia,

1334 1063 1451 1090 unicum
1473 1063 1644 1090 beneficium
1666 1063 1788 1089 similem
1809 1071 1907 1090 curam
1926 1063 2036 1090 habens
2051 1064 2143 1098 possit
2157 1063 2252 1091 adhuc
2267 1063 2344 1091 reci·

1333 1119 1410 1146 pere.
1427 1111 1511 1144 (Rae.
1527 1111 1571 1141 Ἡ,
1589 1119 1614 1138 c.
1633 1112 1692 1142 517,
1709 1111 1729 1138 s.
1746 1111 1814 1140 74v.l

1894 757 2021 792 Anagni,
2037 757 2072 784 ‘20
2084 757 2180 792 juillet
2196 758 2273 785 ¹255.

1373 1231 1386 1245 α
1412 1220 1556 1256 Magistro
1577 1220 1708 1248 Henrico
1729 1220 1763 1248 de
1777 1220 1930 1257 Sceptone‚
1953 1220 2065 1248 rectori
2088 1220 2206 1249 ecclesie
2227 1219 2261 1248 de
2281 1220 2343 1258 Ep-

1326 1273 1506 1310 pewirrohe,
1542 1273 1765 1302 Lincolniensis
1800 1272 1934 1301 diocesis.
1968 1271 2108 1311 Adjutos
2143 1261 2290 1302 tuorum⁴
2310 1275 2343 1303 et

1330 1324 1470 1354 scientie
1502 1342 1550 1353 -—.
1581 1326 1655 1354 Dat.
1686 1325 1855 1363 Anagnie,
1888 1325 1973 1355 XIII
2002 1324 2162 1355 kalendas
2195 1324 2340 1363 augusti,

1329 1385 1417 1406 anno
1432 1377 1550 1415 primo.
1571 1390 1583 1403 ι)

1400 1570 1486 1598 625

1365 1632 1510 1666 Episcopo
1526 1636 1554 1658 et
1568 1632 1693 1667 capitulo
1711 1631 1951 1658 Astoricensibus
1966 1631 2091 1663 mandat,
2104 1633 2242 1666 quatinus
2253 1631 2339 1659 Petu-0

1330 1681 1488 1711 Dominici,
1507 1681 1611 1706 clerico
1628 1689 1728 1706 eorum
1745 1680 1886 1711 diocesis,
1904 1680 2093 1715 praebendam
2111 1681 2202 1715 primo
2223 1684 2340 1707 vacatu-

1884 1570 2012 1604 Anagni,
2031 1570 2062 1597 15
2074 1569 2168 1604 juillet
2186 1569 2264 1597 1255.

1329 1738 1388 1756 ram
1405 1730 1562 1756 conserant.
1582 1729 1664 1761 (Rae.
1683 1729 1726 1761 ¹24,
1743 1737 1769 1755 c.
1787 1728 1850 1762 518,
1867 1729 1885 1756 f.
1904 1729 1972 1761 74v.)

1370 1851 1382 1864 «
1413 1861 1445 1873 ...
1469 1839 1603 1875 episcopo
1627 1842 1652 1866 et
1674 1838 1808 1874 capitulo
1828 1837 2079 1866 Astoricensibus.
2104 1836 2156 1866 Ad
2177 1837 2341 1875 provisio-

1329 1900 1403 1920 nem
1420 1889 1554 1919 illorum
1573 1889 1716 1919 libenter
1731 1888 1952 1923 intendimus,
1971 1888 2027 1927 qui
2043 1887 2082 1918 a'd
2099 1897 2171 1918 eam
2186 1888 2341 1919 obtinen—

1328 1944 1402 1973 dam
1433 1952 1467 1973 se
1497 1942 1640 1980 propriis
1671 1942 1804 1972 student
1834 1941 1963 1971 meritis
1989 1946 2152 1980 coaptare.
2181 1941 2269 1972 Hinc
2291 1946 2339 1972 est

1328 1995 1415 2035 quoii
1437 2005 1496 2025 nos
1519 1995 1676 2025 dilectum
1700 1994 1805 2024 tilium
1828 1996 1964 2024 Petrum
1979 1994 2163 2030 Dominici‚
2181 1993 2340 2024 clericum

1328 2049 1367 2079 de
1379 2052 1487 2078 vestra
1501 2048 1625 2077 diocesi
1639 2047 1828 2083 oriundum,
1841 2047 1894 2077 cui
1904 2047 1943 2076 de
1955 2046 2144 2077 litterarum
2155 2046 2296 2077 scientia
2307 2050 2340 2077 et

1327 2101 1478 2131 honestis
1495 2100 1643 2130 moribus
1654 2099 1821 2129 laudabile
1833 2099 2062 2129 testimonium
2074 2098 2280 2137 perhibetur,
2292 2099 2340 2129 fa-

1327 2163 1404 2184 vore
1420 2153 1573 2183 benivolo
1592 2156 1840 2191 prosequentes,
1858 2152 2113 2181 universitatem
2126 2155 2270 2182 vestram
2285 2160 2339 2182 ro-

1328 2216 1455 2245 gamus.
1469 2214 1641 2235 mont-nius
1653 2210 1683 2235 ct
1695 2206 1867 2235 hortamur
1878 2208 2013 2238 attente,
2027 2204 2186 2243 quatinus
2197 2203 2339 2234 eundem

1327 2259 1484 2289 clericum
1500 2268 1557 2296 pro
1573 2262 1682 2288 vestra
1701 2262 1732 2287 et
1748 2256 1926 2295 apostolice
1943 2256 2038 2286 Sedis
2054 2256 2241 2286 reverentia
2253 2255 2340 2287 reci-

1327 2312 1457 2350 pientes
1473 2311 1507 2340 in
1525 2310 1721 2340 canonicum
1736 2314 1766 2339 et
1780 2310 1814 2338 in
1829 2310 1977 2343 fratrem,
1996 2308 2208 2347 prebendam,
2229 2308 2258 2339 si
2273 2317 2340 2348 qua

1326 2365 1362 2394 in
1379 2363 1520 2394 ecclesia
1534 2368 1625 2393 vacat
1641 2363 1680 2393 ad
1693 2372 1829 2401 presens
1843 2362 1892 2391 vel
1905 2362 2072 2400 quamcito
2085 2361 2125 2391 ad
2140 2361 2174 2391 id
2186 2370 2220 2391 se
2236 2360 2339 2392 facul-

1329 2423 1377 2448 tas
1395 2417 1568 2449 obtulerit,
1588 2416 1653 2446 sibi
1669 2415 1855 2445 liberaliter
1877 2415 2069 2444 conseratis.
2091 2415 2165 2445 Non
2189 2413 2340 2444 obstante

1327 2474 1450 2500 statuto
1475 2469 1582 2508 ipsius
1605 2468 1743 2499 ecclesie
1759 2468 1902 2497 decerto
1923 2467 2158 2497 canonicorum
2181 2475 2337 2502 numero,

1323 2523 1524 2562 juramento.
1543 2521 1593 2551 vel
1609 2521 1859 2550 confirmatione
1877 2519 1971 2550 Sedis
1990 2519 2168 2558 apostolice
2187 2523 2244 2549 aut
2261 2527 2340 2558 qua-

1327 2584 1467 2614 cumque
1489 2574 1676 2603 firmatione
1700 2573 1765 2603 alia
1789 2572 1956 2607 roborate,
1978 2572 2047 2602 sive
2067 2571 2154 2610 quod
2168 2571 2256 2602 idem
2272 2571 2339 2602 cle-

1326 2629 1428 2663 ricus,
1447 2628 1532 2657 sicut
1549 2627 1679 2662 asserit,
1697 2626 1860 2665 quoddam
1881 2625 2081 2655 beneficium
2096 2624 2234 2660 obtinet,
2251 2624 2339 2664 quod

1328 2680 1427 2709 trium
1445 2688 1631 2709 marcarum
1649 2679 1828 2709 valentiam
1842 2678 1939 2708 annis
1956 2677 2100 2715 singulis
2112 2685 2178 2706 non
2191 2676 2337 2707 excedit:

1327 2733 1446 2762 Preces
1463 2736 1594 2762 nostras
1613 2733 1646 2761 in
1670 2732 1731 2761 hac
1751 2735 1842 2770 parte
1867 2730 1976 2760 taliter
1991 2729 2178 2768 impleturi,
2197 2733 2232 2759 ut
2249 2729 2337 2760 idem

1326 2784 1468 2815 clericus
1495 2789 1683 2814 assecutum
1709 2794 1744 2814 se
1769 2784 1910 2822 gaudeat
1935 2783 2021 2821 quod
2046 2782 2187 2812 intendit
2211 2791 2337 2822 nosque

1326 2837 1463 2875 proinde
1480 2842 1587 2867 vestre
1606 2837 1791 2867 devotionis
1802 2835 2097 2874 promptitudinem
2114 2835 2232 2865 merito
2247 2844 2336 2865 eom-

1325 2889 1529 2919 mendemus.
1550 2891 1622 2920 Dat.
1642 2890 1805 2927 Anagnie,
1821 2889 1931 2918 idibus
1944 2888 2031 2928 julii,
2045 2896 2132 2918 anno
2142 2888 2258 2926 primo.
2280 2900 2292 2914 n
