2498 3325
238 267 294 297 294
409 292 412 294 ,
963 273 1203 304 REGISTRES
1225 272 1533 305 D'ALEXANDRE
1555 276 1609 306 IV.

307 333 395 362 8¹⁷8
749 337 874 373 Anagni,
892 339 907 367 3
924 340 1078 366 novembre
1094 340 1172 366 1‘255.
1329 338 1465 369 interim
1490 341 1646 372 universe
1669 343 1779 373 carnis
1803 343 1992 382 ingressus,
2015 353 2075 374 nos
2099 345 2285 378 honestatis
2307 351 2339 378 et

273 396 437 430 Aytnerim,
454 399 618 425 succentori
636 398 820 435 pictaviensi,
834 402 1014 436 supplicante
1031 403 1168 436 magistro
1185 401 1243 429 Ra-

236 444 314 471 dulfo
334 445 369 470 de
386 444 547 479 Mirabello,
564 447 710 482 capellano
734 449 903 484 pontificali,
920 450 1029 477 decano
1055 450 1244 485 pictaviensi,

237 493 316 519 socio
332 496 359 519 et
375 495 561 522 commensali
579 496 682 531 ipsius,
700 497 839 533 indulget,
859 502 889 525 ut
904 507 969 526 cum
982 499 1165 526 succentoria
1182 499 1245 526 uni-

237 551 302 569 cum
321 548 505 578 personatum
522 546 566 572 vel
588 546 756 581 dignitatem
779 557 831 575 seu
856 549 1028 576 beneficium
1051 550 1179 585 recipere
1195 559 1246 577 ve-

237 591 299 617 leat.
321 591 402 624 (lieo.
419 592 461 624 2³4,
479 602 505 620 c.
524 594 584 628 789,
601 595 620 622 f.
639 595 710 628 116.)

279 705 291 718 α
315 694 490 730 Aymerico,
512 699 683 726 succentori
701 699 897 727 I'iclauiensi.
921 700 983 728 Per
1001 699 1111 730 studia
1128 700 1245 731 lauda-

237 744 314 774 bilis
341 763 388 775 —.
419 747 490 776 Dat.
520 749 686 787 Anagnie,
718 751 766 780 III
793 760 896 780 nonas
922 752 1129 788 novembris,
1157 762 1244 784 anno

237 798 353 835 primo.
374 812 386 825 n

307 983 394 1012 3⁸79
744 987 857 1021 Lati-an,
878 990 907 1016 13
924 989 1076 1016 decembre
1095 990 1171 1018 1255.

275 1044 410 1079 (Retinet,
429 1046 566 1082 episcopo
581 1047 782 1084 wibergensi,
799 1050 892 1077 abbati
909 1051 944 1077 de
960 1051 1030 1078 Cara
1045 1052 1158 1084 Insula,
1177 1053 1245 1080 Cis-

237 1093 388 1120 terciensis
404 1095 523 1127 ordinis,
541 1096 712 1124 Arusiensis
728 1098 863 1132 diocesis,
875 1103 903 1126 et
920 1100 1007 1134 priori
1022 1102 1141 1128 fratrum
1160 1102 1246 1129 Prae-

236 1141 394 1168 dicatorum
412 1143 616 1172 Arusiensium
633 1146 762 1180 mandat,
781 1150 812 1173 ut
833 1147 868 1173 de
889 1155 963 1174 novo
986 1148 1131 1184 inquirant
1147 1150 1175 1177 in
1193 1150 1246 1177 Ni-

236 1189 308 1216 colai
323 1190 372 1216 lilii
389 1190 492 1218 Canuti
515 1193 592 1227 regis
613 1193 713 1220 Uatiae
737 1195 874 1222 miracula
895 1200 923 1223 et
947 1197 1083 1230 virtutes,
1102 1199 1169 1233 quia
1191 1199 1246 1227 hoc

237 1239 401 1272 negotium,
417 1241 474 1274 jani
491 1250 506 1266 a
523 1250 594 1276 papa
615 1241 784 1270 Innocentio
801 1243 843 1270 lV
863 1244 904 1278 1-25
920 1246 985 1279 juil.
1007 1245 1080 1280 1254]
1100 1247 1246 1283 episcopis

236 1286 419 1314 sleswicensi
435 1293 463 1315 et
478 1289 666 1324 &Vibergensi
682 1295 767 1326 atque
783 1292 878 1320 abbati
900 1293 935 1319 de
956 1293 1027 1320 Cara
1047 1294 1146 1322 Insula
1163 1304 1247 1323 com-

236 1335 373 1370 missum,
394 1336 515 1372 [Escillo]
540 1339 677 1374 episcopo
693 1339 878 1368 sleswicensi
897 1342 1036 1375 obeunte,
1055 1344 1151 1372 minus
1166 1346 1247 1372 suffi-

235 1384 344 1410 cienter
367 1385 541 1413 instructum
563 1387 716 1415 remissum
743 1388 806 1416 fuit.
827 1389 910 1424 (itm.
934 1390 983 1423 ⁶24,
1005 1400 1031 1419 c.
1047 1392 1113 1424 790,
1135 1393 1153 1419 f.
1178 1394 1245 1426 1163

236 1432 383 1460 Porrima*
400 1434 508 1467 16133.)

278 1547 290 1561 «
318 1558 350 1571 ..,
378 1538 512 1574 episeopo
540 1539 730 1576 tritum-qemi,
754 1545 780 1569 et
803 1563 834 1575 ..‚
855 1541 956 1570 abbati
975 1543 1007 1572 de
1027 1543 1106 1573 Cara
1124 1545 1243 1581 Insula,

236 1588 442 1619 cisterciensis
457 1591 592 1627 ordinis,
611 1594 786 1622 ,trusienst's
802 1594 943 1630 diocesis,
965 1601 990 1625 et
1011 1620 1043 1631 ..‚
1059 1599 1162 1635 priori
1177 1600 1245 1635 fra-

236 1646 317 1670 trum
332 1643 558 1673 '’redit-amram
574 1646 801 1676 ,tr-astensium.
821 1647 1060 1685 Significarunt
1076 1651 1172 1681 nobis
1188 1661 1245 1682 ve-

237 1694 396 1725 nerabilis
419 1714 466 1725 —.
491 1698 564 1727 Dat.
591 1699 763 1734 Laterani,
790 1700 902 1731 idibus
927 1702 1129 1738 decembris,
1157 1714 1244 1735 anno

235 1748 351 1785 primo.
371 1761 384 1775 »

303 1928 391 1956 980
476 1966 482 1969 „
609 1958 612 1961 Δ
737 1930 854 1963 Latran,
875 1931 906 1958 18
922 1932 1074 1960 decembre
1092 1934 1170 1962 1255.

268 1988 428 2015 Conventui
450 1991 614 2017 monasterii
633 1991 799 2019 Lesatensis
821 1994 946 2026 mandat,
964 1995 1102 2028 quatinus
1119 1996 1241 2024 Get-aldo

231 2036 265 2062 de
290 2036 359 2062 vitta
382 2036 461 2063 Nova
481 2038 592 2071 abbati,
611 2042 778 2068 successori
799 2042 942 2075 quondam
969 2042 1046 2069 Petri
1069 2043 1103 2070 de
1124 2044 1238 2079 Dalbis,

228 2084 294 2110 olim
324 2085 357 2110 ab
383 2085 484 2112 abbate
514 2086 706 2121 Moysiaceusi
733 2088 873 2123 destituta,
905 2090 1049 2118 obediant.
1077 2091 1161 2124 (Rea.
1187 2093 1239 2126 94,

230 2141 255 2159 c.
274 2133 334 2164 791,
352 2134 369 2159 f.
390 2134 459 2165 116.)

272 2247 283 2259 τ(
303 2233 472 2264 Conrrntzt‘i
489 2239 668 2266 monasterii
684 2239 858 2274 Lentiensis,
877 2240 1090 2271 Clzmiacensis
1106 2245 1237 2279 ordinis,

231 2288 394 2316 Tliolosaae
410 2288 541 2317 diocesis.
565 2289 646 2319 Cum
668 2290 791 2320 dudum
811 2291 951 2323 dilectus
976 2294 1065 2324 filius
1085 2319 1116 2331 ..‚
1136 2297 1238 2327 abbas

228 2340 486 2378 Moysiacensis,
505 2340 738 2372 Cluniacensis
754 2345 897 2381 ordinis,
923 2346 974 2375 cui
998 2349 1237 2379 monasterium

227 2397 373 2422 vestrum
391 2393 526 2424 subesse
543 2395 676 2431 dieitur,
694 2397 859 2435 quondam
884 2400 1019 2428 Petrum
1042 2401 1080 2430 de
1101 2402 1235 2439 Dalbis,

227 2444 304 2474 olim
329 2445 479 2475 abbatem
498 2451 659 2483 vestrum,
679 2457 694 2477 a
714 2450 875 2487 regimine
902 2451 1007 2489 ipsius
1028 2455 1234 2491 monasterii,

227 2497 296 2526 suis
315 2497 421 2536 (culpis
438 2498 662 2536 exigentibus,
684 2501 769 2531 sicut
790 2503 961 2536 asseritur.
987 2514 1160 2543 amovens,
1186 2507 1236 2536 di-

225 2549 347 2580 lectum
373 2550 479 2580 lilium
507 2552 685 2583 Geraldum
714 2554 751 2584 de
775 2555 863 2585 Villa
888 2557 981 2586 Nova
1006 2558 1236 2591 substituisset

225 2603 331 2632 eidem
357 2608 387 2633 et
411 2604 498 2633 inter
521 2605 610 2643 ipsos
633 2611 765 2645 propter
792 2608 853 2637 hoc
877 2618 975 2647 super
999 2611 1131 2641 abbatia
1156 2613 1234 2643 dicti

225 2656 430 2688 monasterii,
447 2666 464 2686 a
481 2647 545 2696 qua
561 2663 762 2690 memoratus
776 2662 811 2691 P.
827 2670 860 2691 se
878 2662 1005 2692 (licebat
1022 2664 1234 2704 minusjuste

224 2709 328 2738 fuisse
346 2714 508 2745 amotum,
529 2712 658 2749 questio
675 2717 785 2742 exorta
800 2714 936 2750 suisset,
956 2724 1015 2746 nos
1030 2716 1063 2745 in
1079 2726 1116 2746 ea
1132 2717 1234 2747 dilcc-

224 2765 292 2790 tum
310 2761 414 2791 filium
434 2768 584 2793 nostrum
604 2766 644 2794 R.
664 2765 776 2795 Sancti
795 2767 913 2804 Angeli
932 2768 1106 2798 diaconum
1126 2770 1233 2799 cardi-

223 2814 331 2843 nalem
362 2815 513 2845 dedimus
543 2817 692 2854 partibus
720 2819 916 2849 auditori-111.
945 2821 1030 2857 Quia
1059 2831 1153 2858 vero,
1184 2823 1232 2853 eis

221 2870 353 2905 propter
366 2867 427 2897 hoc
445 2870 664 2906 personaliter
684 2872 769 2910 apud
790 2873 907 2902 Sedem
923 2875 1136 2912 apostolicam
1154 2885 1231 2906 con-

222 2920 358 2955 stitutis,
378 2923 567 2953 nominatus
583 2924 631 2959 P„
652 2924 737 2954 sicut
754 2926 893 2955 Domino
912 2927 1053 2965 placuit,
1077 2929 1164 2959 viam
1182 2934 1231 2960 est

1329 392 1467 423 scientie
1485 394 1603 424 merita
1620 404 1719 434 super
1734 396 1856 435 quihus
1870 397 1978 428 cidem
1993 398 2032 428 G.
2046 398 2214 430 laudabile
2229 399 2338 438 perhi-

1327 442 1424 473 betur
1441 444 1669 475 testimonium
1690 446 1898 477 attendentes
1920 456 1957 477 ac
1974 447 2121 478 volentes
2138 453 2246 480 vestre
2262 459 2339 488 pro-

1328 495 1433 526 videri
1450 496 1555 535 quieti
1569 501 1599 527 et
1611 498 1733 536 prefati
1744 499 1940 529 monasterii
1953 499 2137 538 dispendiis
2147 510 2335 540 precavere,

1326 549 1474 587 predicto
1494 550 1533 580 G.
1555 551 1594 581 de
1620 551 1753 581 abbatia
1771 552 1841 591 ipsa
1864 553 2069 592 providimus
2093 559 2123 585 et
2149 555 2214 584 sibi
2237 555 2338 586 etiam

1327 610 1450 632 munus
1468 602 1710 634 benedictionis
1733 604 1887 635 manibus
1910 606 2032 636 nostris
2052 607 2278 644 impendimus
2297 607 2338 639 de

1328 654 1434 692 gratia
1451 655 1599 694 speciali,
1616 656 1744 686 firmam
1761 662 1914 695 gerentes
1927 657 1966 688 de
1981 658 2052 696 ipso
2067 658 2222 689 fiduciam
2236 659 2335 698 quod,

1328 716 1402 737 cum
1430 708 1473 738 sit
1502 709 1666 739 discretus
1691 714 1720 739 et
1746 710 1902 748 providus
1926 720 1963 741 ac
1985 711 2019 740 in
2045 711 2278 750 spiritualibus
2305 717 2338 744 et

1329 761 1566 799 temporalibus
1576 762 1846 800 circumspectus,
1858 763 2021 802 prefatum
2032 764 2272 794 monasterium
2279 773 2340 804 per

1328 813 1399 852 ejus
1421 813 1621 843 industriam
1640 814 1674 844 in
1692 814 1778 844 viam
1801 815 1919 845 salutis
1942 815 2041 853 dirigi
2061 820 2091 846 et
2113 817 2148 846 in
2169 817 2338 856 prosperis

1328 866 1444 896 debeat
1460 870 1592 897 auctore
1609 867 1750 898 Domino
1769 868 1932 906 ampliari.
1952 869 2120 906 Rogamus
2136 869 2249 909 itaque
2264 870 2338 901 uni-

1328 919 1519 949 versitatem
1539 924 1681 950 vestram
1697 925 1728 950 et
1745 920 1916 950 hortamur
1931 925 2054 952 attente
2077 931 2136 960 per
2157 922 2339 962 apostolica

1328 972 1420 1001 vobis
1446 972 1567 1010 scripta
1595 973 1810 1009 mandantes,
1838 974 1996 1012 quatinus
2017 974 2125 1004 eidem
2149 975 2201 1010 G.,
2223 975 2337 1006 abbati

1328 1028 1448 1061 vestro,
1467 1026 1507 1055 ad
1519 1035 1576 1056 vos
1593 1036 1667 1055 cum
1681 1027 1793 1057 favore
1811 1026 1989 1065 apostolice
2011 1028 2105 1058 Sedis
2129 1032 2160 1058 et
2181 1028 2340 1060 benedic-

1328 1078 1429 1109 tionis
1450 1083 1560 1109 nostre
1577 1080 1683 1117 gratia
1700 1080 1859 1116 venienti,
1882 1085 2050 1120 tamquam
2062 1081 2149 1120 patri
2165 1085 2197 1112 ct
2212 1082 2338 1121 pastori

1329 1131 1517 1161 animarum
1538 1137 1722 1163 vestrarum
1740 1133 1854 1163 devote
1871 1142 1907 1163 ac
1925 1133 2098 1164 humiliter
2112 1134 2336 1170 intendentes,

1329 1184 1393 1214 sibi
1414 1184 1558 1214 debitam
1581 1185 1804 1216 obedientiam
1827 1190 1857 1216 et
1879 1187 2101 1217 reverentiam
2123 1187 2337 1226 impendatis.

1329 1236 1488 1275 Alioquin
1512 1238 1712 1267 sententiam
1735 1243 1796 1268 etc.
1821 1248 1926 1278 usque
1949 1249 1955 1268 t
1980 1239 2159 1270 observari.
2182 1239 2338 1271 Ceterum

1329 1289 1461 1318 irritum
1478 1293 1508 1319 et
1530 1289 1631 1320 inane
1652 1291 1874 1326 decernimus,
1899 1291 1927 1322 si
1949 1292 2029 1330 quid
2050 1291 2089 1322 de
2110 1292 2243 1323 abbatia
2262 1301 2339 1331 pre-

1329 1341 1416 1371 dicta
1439 1346 1552 1371 contra
1581 1341 1772 1382 hujusmodi
1803 1343 2027 1382 provisionem
2050 1344 2170 1374 factam
2196 1353 2215 1374 a
2242 1344 2340 1375 nobis

1329 1394 1429 1424 fuerit
1454 1398 1695 1433 attemptatum.
1722 1397 1795 1425 Dat.
1824 1397 1991 1432 Laterani,
2015 1397 2077 1427 XV
2100 1397 2260 1427 kalendas
2285 1398 2340 1437 ja-

1329 1448 1457 1483 nuarii,
1477 1457 1564 1478 anno
1579 1448 1697 1486 primo.
1718 1461 1731 1474 n

1397 1640 1480 1669 981
1880 1641 2012 1675 Anagni,
2031 1642 2061 1668 31
2075 1641 2171 1675 juillet
2187 1641 2266 1673 1255„

1366 1702 1507 1736 [Jobanni]
1520 1725 1526 1736 ,
1543 1703 1637 1730 electo
1656 1702 1801 1735 Paduano,
1820 1703 1965 1738 indulget,
1984 1707 2014 1729 ut
2029 1711 2094 1730 cum
2113 1707 2229 1738 propter
2244 1702 2340 1730 Ezeti-

1327 1760 1395 1778 nunt
1413 1752 1440 1778 in
1458 1752 1581 1778 ecelesia
1597 1761 1650 1778 sua
1665 1753 1768 1779 morari
1786 1760 1841 1779 non
1859 1752 1972 1784 audeat,
1993 1752 2166 1787 ubicumque
2183 1752 2278 1786 fuerit,
2295 1752 2338 1779 of-

1326 1801 1422 1827 ficium
1439 1809 1525 1827 suum
1541 1808 1676 1827 exercerc
1692 1801 1792 1827 valeat.
1810 1800 1893 1834 (Hm.
1912 1800 1957 1831 24,
1975 1808 2000 1826 c.
2018 1800 2079 1833 792,
2097 1801 2115 1827 f.
2138 1801 2202 1832 ttG;
2221 1801 2336 1828 Ronsn-

1325 1857 1405 1878 neno,
1422 1853 1441 1875 t.
1459 1848 1511 1880 ΙΙΙ,
1529 1855 1561 1876 n⁰
1576 1849 1649 1883 407.)

1368 1963 1380 1977 «
1411 1974 1442 1986 ..‚
1465 1951 1612 1979 Paduano
1635 1951 1733 1979 electo.
1760 1950 1977 1987 Exigentibus
2003 1955 2055 1980 tue
2077 1951 2262 1981 devotionis
2285 1968 2334 1980 —.

1325 2003 1409 2034 Cum
1431 2003 1534 2041 igitur
1549 2006 1681 2041 propter
1698 2003 1931 2041 tirampnidem
1950 2003 2066 2042 perfidi
2083 2003 2209 2034 Ezelini
2229 2003 2264 2033 in
2283 2012 2336 2034 ec-

1325 2056 1427 2086 clesia
1440 2060 1496 2085 tua
1512 2064 1577 2085 non
1592 2055 1714 2085 audeas
1731 2056 1938 2091 commorari,
1958 2065 2028 2091 nos,
2044 2057 2110 2086 tuis
2125 2056 2336 2095 supplicatio-

1324 2108 1423 2138 nibus
1440 2108 1609 2143 inclinati,
1633 2113 1668 2138 ut
1691 2108 1729 2138 de
1746 2108 1856 2138 causis
1875 2113 1905 2138 et
1927 2108 2018 2144 aliis,
2044 2118 2107 2148 que
2130 2109 2171 2139 ad
2190 2109 2335 2140 officium

1322 2166 1417 2191 tuum
1439 2161 1622 2200 pertinent,
1649 2170 1846 2199 cognoscere
1872 2171 1908 2191 ac
1934 2161 2078 2192 diffinire
2102 2171 2206 2201 eaque
2228 2162 2335 2193 libere

1324 2214 1409 2252 apud
1421 2214 1538 2245 Sedem
1551 2214 1763 2252 apostolicam
1777 2214 1827 2244 vel
1838 2214 2038 2253 ubicumque
2050 2215 2156 2245 [ueris
2168 2224 2332 2251 exercere,

1323 2277 1359 2297 ac
1379 2268 1407 2298 si
1423 2267 1643 2306 personaliter
1658 2267 1822 2297 resideres
1840 2267 1874 2296 in
1891 2267 2038 2305 predicta
2054 2267 2211 2303 ecclesia,
2229 2268 2334 2299 libere

1321 2320 1450 2356 valeas,
1470 2321 1665 2350 auctoritate
1690 2320 1748 2350 tibi
1770 2321 1976 2358 presentium
1998 2320 2222 2358 indulgemus.
2239 2320 2349 2351 Nulli·

1322 2379 1383 2404 etc.
1402 2378 1512 2404 nostre
1529 2374 1754 2403 concessionis
1771 2378 1832 2403 etc.
1850 2374 1924 2403 Dat.
1943 2373 2107 2411 Anagnie‚
2125 2375 2157 2404 II
2173 2373 2336 2404 kalendas

1321 2427 1465 2465 augusti,
1484 2435 1571 2456 auno
1587 2427 1702 2465 primo.
1726 2439 1738 2452 »

1389 2618 1477 2646 982
1829 2618 1943 2653 Latran,
1962 2618 1992 2646 13
2009 2618 2161 2645 decembre
2179 2618 2256 2646 1255.

1351 2678 1392 2713 J.‚
1410 2679 1564 2705 Arianensi
1581 2680 1682 2712 electo,
1700 2680 1839 2715 indulget,
1859 2684 1887 2707 ut
1904 2683 2044 2706 statutum
2061 2679 2094 2706 de
2109 2681 2330 2707 consecratione

1317 2728 1473 2763 episcopali
1491 2728 1563 2754 inst-a
1578 2737 1628 2754 sex
1646 2737 1762 2755 menses
1779 2728 1942 2763 recipienda
1953 2729 1986 2754 ad
1999 2736 2064 2754 eum
2079 2736 2133 2755 non
2146 2728 2326 2756 extendatur.

1317 2776 1400 2810 (Res.
1415 2776 1460 2809 ⁶24,
1477 2785 1502 2803 c.
1518 2777 1579 2809 793,
1597 2778 1614 2804 s.
1638 2778 1707 2810 116)

1356 2890 1369 2904 <‹
1383 2879 1423 2913 J„
1441 2880 1607 2908 slrianensi
1624 2881 1721 2909 eleeto.
1742 2879 1828 2909 Olim
1845 2879 1883 2908 dt·
1897 2879 2035 2908 fratrum
2051 2882 2238 2908 nostrorum
2250 2887 2325 2909 con-

1314 2930 1391 2960 silio
1415 2930 1568 2961 duximus
1589 2931 1818 2961 statuendum.
1840 2935 1873 2961 ut
1897 2931 1991 2961 electi
2011 2931 2251 2961 cathedralium
2274 2940 2326 2961 ec-

2492 906 2498 949 -Α
2488 716 2498 886 --h—n
2496 695 2498 697 .

2492 1093 2498 1198 .-Α-Α
2491 984 2498 1067 .....‚-
2493 956 2498 967 -
