2498 3325
224 221 281 251 468
946 214 1185 245 REGISTRES
1207 213 1514 244 D'ALEXANDRE
1538 214 1594 244 IV.

227 299 240 314 »
265 285 466 319 Leonardus,
484 283 649 322 imperiali
665 282 859 312 auctoritate
875 281 1035 314 notarius,
1053 279 1229 319 prolationi

266 339 409 377 predicte
435 337 598 367 sententie
622 335 775 369 interfui,
798 340 827 364 et
844 335 948 373 ipsam
968 334 1006 364 110
1026 333 1179 363 mandato
1199 336 1230 361 01

266 390 460 421 auctoritate
484 389 637 427 predicti,
656 387 781 417 domiui
804 388 832 417 J.
852 386 1032 416 cardinatis
1055 385 1174 423 scripsi
1200 389 1230 414 et

227 352 233 367 )

228 404 234 418 )

266 443 443 483 publicavi.
464 455 475 469 n

267 510 280 523 (ι
306 496 396 527 Nulli
414 501 474 526 etc.
494 500 604 525 nostre
621 494 883 524 confirmationis
898 497 957 523 etr.
978 494 1048 522 11111,
1065 491 1229 529 Anagnie,

226 552 255 580 X
272 550 429 580 kalendas
446 548 600 582 octobris,
619 556 705 577 anno
722 546 877 577 secundo.
899 558 910 572 n

229 459 234 471 )

301 742 414 770 ¹495

264 803 494 837 Archiepiscopo
509 801 629 836 Tyrensi
643 805 671 827 et
683 801 820 835 episcopo
833 799 965 826 Liddcnsi
984 800 1108 829 inundat.
1123 803 1152 826 ut
1168 808 1232 825 5011-

712 738 836 773 AnngnI,
854 738 885 765 Ἡ
903 738 1066 772 septembre
1084 737 1159 764 1356.

229 853 345 879 tentiam
369 852 541 886 praedictam
561 850 601 882 J.,
620 850 650 877 S.
668 849 813 876 Laurentii
837 850 863 875 iu
881 849 988 876 Lucina
1012 849 1180 883 cardinatis,
1198 849 1233 875 (le

229 901 391 931 Guillelmo,
409 901 518 926 decano
536 899 711 930 Accouensi,
729 901 756 924 et
773 897 904 932 Philippo
921 898 997 924 dicto
1016 897 1108 930 I'isce,
1121 902 1149 924 ct
1163 906 1232 924 000-

229 949 440 980 demnationem
466 947 639 974 demandare
661 950 773 974 curent.
800 947 881 979 (11110.
900 947 948 978 ⁶24,
975 947 992 973 f.
1014 945 1088 978 ‘2022
1110 955 1176 972 anu.
1194 945 1231 977 lt,

229 1007 254 1026 c.
275 998 348 1031 409.)

271 1112 284 1126 «
311 1122 343 1134 ..,
361 1099 586 1136 archiepiscopo
605 1098 740 1135 Tyrensi,
759 1102 784 1126 et
808 1119 840 1131 ..,
863 1098 996 1134 epIscopo
1015 1097 1168 1126 Liddensi.
1195 1098 1232 1127 In

230 1161 330 1182 causa
354 1160 417 1190 que
441 1167 490 1179 —-.
514 1151 586 1180 Dat.
608 1149 775 1187 Anagnie,
794 1149 875 1179 VIII
895 1148 1053 1179 kalendas
1077 1149 1232 1185 octobris,

229 1213 315 1234 anno
331 1203 485 1234 secundo.
508 1215 520 1229 1)

305 1398 323 1424 Ι
332 1397 420 1425 496

265 1458 404 1484 Jacobum
423 1457 456 1483 de
473 1465 546 1483 novo
564 1457 589 1482 in
611 1456 779 1491 episcopum
799 1456 988 1483 Arianensem
1010 1457 1151 1491 praeficit,
1171 1458 1235 1483 irri-

760 1395 885 1429 Anagni,
901 1395 932 1422 16
951 1395 1068 1421 octobre
1086 1395 1162 1422 1255.

231 1510 296 1533 tans
311 1506 386 1540 quod
409 1506 604 1540 praesumpsit
627 1504 793 1531 necem-dus
809 1505 842 1530 (10
861 1505 972 1538 1ὶο000,
990 1506 1037 1539 qui
1054 1514 1086 1532 se
1107 1507 1134 1532 iu
1155 1507 1235 1541 epis—

231 1564 333 1590 copum
352 1554 482 1588 ejusdem
500 1554 641 1583 diocesis,
658 1554 840 1580 demandato
856 1554 998 1587 quondam
1023 1554 1164 1581 Frederici
1182 1555 1235 1582 im-

232 1604 386 1638 peratoris,
405 1603 472 1636 eligi
494 1607 522 1628 et
543 1603 707 1629 consecrari
731 1602 809 1630 fecit.
826 1602 910 1635 (Izan.
928 1603 976 1634 24,
995 1603 1012 1629 s.
1028 1603 1095 1634 ⁶202,
1113 1613 1179 1630 ann.
1197 1604 1235 1636 lt,

231 1661 257 1679 0.
276 1652 350 1684 lato.)

275 1766 288 1781 «
311 1754 431 1790 Jacobo,
452 1754 583 1790 episcopo
600 1754 777 1782 Arianensz'.
804 1753 896 1783 Fidei
920 1758 974 1783 tue
997 1754 1184 1784 constantia
1207 1758 1238 1785 et

233 1807 343 1837 fervor
359 1806 487 1836 sincere
506 1805 706 1839 devotionis.
725 1806 846 1844 quibus
869 1806 1008 1843 gratiam
1029 1807 1123 1837 Sedis
1142 1817 1238 1845 apos-

234 1858 331 1888 tolice
360 1858 512 1888 meruisti
535 1858 762 1893 laudabiliter,
791 1868 850 1889 1105
874 1859 1047 1895 inducunt,
1071 1865 1107 1890 ut
1130 1869 1238 1898 perso-

235 1920 310 1941 nam
329 1915 427 1946 tuam,
448 1911 482 1940 in
500 1911 654 1941 omnibus
671 1921 734 1950 que
750 1911 848 1949 digne
866 1921 1052 1950 possumus,
1073 1913 1239 1943 favorabi-

235 1964 310 1994 liter
340 1972 588 2002 prosequamur.
623 1964 768 1999 Dudum,
802 1965 888 1994 sicut
921 1974 1001 1995 sane
1033 1965 1236 2003 accepimus,

235 2016 414 2046 Arianensi
433 2015 574 2046 ecclesia
596 2021 726 2054 pastore
745 2022 899 2051 vacante,
918 2018 1069 2047 canonici
1091 2019 1238 2057 ejusdem

235 2069 388 2104 ecclesie,
422 2073 582 2106 tempore,
614 2078 678 2107 quo
710 2078 847 2107 regnum
879 2069 1010 2105 Sicilie,
1044 2071 1239 2101 auctoritate

236 2121 426 2160 apostolica,
439 2126 508 2151 erat
527 2122 734 2160 suppositum
750 2121 975 2152 ecclesiastico
991 2123 1179 2159 interdicto,
1197 2128 1238 2159 te,

236 2179 313 2204 tunc
338 2175 373 2203 in
398 2174 584 2204 minoribus
607 2175 780 2205 ordinibus
802 2175 1018 2205 constitutum
1046 2180 1077 2206 et
1101 2176 1240 2207 ecclesie

236 2227 362 2265 prefate
384 2231 566 2262 cantorem,
584 2227 618 2256 in
636 2227 825 2266 episcopum
842 2228 948 2266 ipsius
964 2228 1103 2258 ecclesie
1120 2230 1241 2259 unani-

236 2280 334 2309 miter
354 2279 572 2317 postularunt.
590 2279 652 2310 Sed
669 2285 781 2318 postea
793 2281 982 2310 Reccardus
995 2281 1034 2311 de
1047 2282 1165 2317 Rocca,
1179 2282 1240 2312 cle-

238 2332 327 2361 ricus
352 2331 559 2362 Salernitane
585 2332 736 2367 diocesis,
764 2342 799 2363 se
820 2333 855 2362 in
881 2333 1071 2372 episcopum
1093 2334 1241 2373 ejusdem

239 2384 388 2419 ecclesie,
403 2384 441 2414 de
454 2385 608 2414 mandato
622 2385 787 2423 quondam
797 2386 973 2422 Frederici,
986 2386 1066 2415 olim
1080 2388 1241 2417 Romano-

238 2446 311 2467 rum
330 2437 556 2475 Imperatoris,
575 2437 653 2475 eligi
672 2447 729 2467 scu
746 2438 906 2476 postulari
926 2443 956 2469 et
973 2439 1104 2469 tandem
1125 2449 1242 2470 conse-

239 2490 323 2519 crari
347 2489 397 2519 vel
423 2490 530 2527 potius
555 2491 701 2520 execrari
728 2500 923 2528 procurans,
951 2501 1015 2521 non
1044 2492 1117 2522 sine
1139 2493 1243 2523 multa

238 2542 423 2572 temeritate
438 2542 638 2580 presumpsit
649 2542 848 2581 episcopalia
859 2543 1114 2582 dampnabiliter
1126 2546 1243 2585 exequi

241 2599 271 2625 ct
288 2594 426 2625 ecclesie
442 2598 621 2624 memorate
638 2600 814 2633 proventus
831 2597 999 2634 percipere
1016 2597 1063 2627 sic
1079 2597 1239 2628 intrusus.

241 2648 279 2676 Et
295 2647 372 2676 licet
388 2646 595 2684 postmodum
612 2647 718 2677 dictus
740 2649 789 2681 R,
808 2649 1003 2679 auctoritate
1017 2649 1101 2680 bone
1120 2659 1244 2680 memo-

242 2700 290 2729 rie
316 2700 367 2735 G.‚
395 2699 508 2729 Sancti
532 2700 703 2729 Eustachii
727 2701 858 2730 diaconi
883 2702 1078 2739 cardinalis,
1105 2707 1181 2733 tuuc
1209 2704 1244 2733 111

242 2752 310 2782 illis
334 2752 482 2790 partibus
506 2753 684 2790 apostolice
704 2754 798 2783 Sedis
820 2754 934 2791 legati,
953 2756 1065 2785 cadem
1088 2756 1242 2793 ecclesia,

243 2814 341 2843 quam
367 2810 487 2834 temere
511 2810 744 2843 occupaverat.
767 2807 914 2844 privatus
939 2808 1052 2844 suerit,
1076 2814 1105 2838 ct
1128 2809 1246 2848 hujus-

244 2858 331 2887 modi
357 2861 411 2886 tua
436 2857 611 2894 postulatio
633 2868 688 2896 per
710 2859 850 2889 eundem
874 2859 1017 2897 legatum
1047 2862 1191 2892 admissa
1215 2867 1245 2893 et

1312 278 1442 308 demum
1462 288 1518 317 per
1534 288 1594 310 nos
1608 280 1707 310 etiam
1726 280 1914 319 approbata.
1933 280 2019 317 Quia
2034 279 2190 310 tamenin
2204 279 2318 319 hujus·

1313 331 1399 361 modi
1417 332 1680 362 confirmationis
1697 337 1728 362 et
1745 333 1992 371 approbationis
2008 332 2141 368 litteris,
2159 341 2224 363 non
2243 341 2319 371 pos-

1313 383 1445 413 tulatio.
1466 389 1515 414 set
1532 384 1648 414 electio
1664 385 1846 415 dicebatur.
1866 385 2040 424 ipsamque
2058 389 2137 416 tunc
2159 385 2318 424 temporis

1313 435 1455 474 alicujus
1469 437 1823 468 excommunicationis
1839 437 1889 468 vel
1905 438 2137 476 suspensionis
2153 437 2320 468 sententia

1313 498 1370 519 seu
1388 489 1537 520 detectus
1553 490 1676 529 aliquis
1695 491 1835 520 forsitan
1859 491 2004 525 vitiaret,
2030 491 2196 530 provideri
2220 499 2320 530 super

1313 540 1375 571 1100
1393 541 1452 571 tibi
1469 546 1500 571 ct
1517 542 1623 572 eidem
1641 542 1780 573 ecclesie
1800 543 1841 572 ad
1861 542 2023 573 cautelam
2045 542 2219 573 humiliter
2241 551 2320 582 sup-

1314 593 1457 632 plicasti.
1481 595 1524 625 Ut
1545 595 1648 632 igitur
1673 595 1786 625 nullus
1811 596 1850 626 110
1872 600 1981 626 001010
2002 604 2101 634 super
2125 595 2191 625 hiis
2218 604 2318 634 ques-

1314 648 1397 677 tioni
1415 647 1465 677 vel
1481 648 1677 678 detractioni
1695 649 1738 678 sit
1753 648 1845 679 locus
1863 649 2038 688 omnisque
2053 649 2234 680 dubietatis
2249 657 2320 679 am-

1314 705 1448 738 putetur
1487 700 1681 739 scrupulus,
1724 705 1755 731 et
1796 706 1853 731 tua
1893 702 1982 732 circa
2021 701 2083 732 hoc
2117 701 2322 732 conscientia

1315 758 1498 788 serenetur,
1513 753 1599 792 quod
1617 754 1656 784 de
1674 754 1822 792 predicto
1835 754 1997 784 Riccardo
2012 755 2048 784 in
2064 754 2127 784 hac
2142 759 2234 793 parte
2251 763 2321 793 pre-

1315 811 1482 845 sumptum
1505 802 1613 836 extitit
1630 810 1659 836 et
1677 806 1836 845 quicquid
1852 811 1902 837 est
1917 807 1957 837 oh
1978 807 2012 836 id
2035 807 2086 838 vel
2108 816 2146 838 ex
2167 817 2205 838 00
2225 815 2322 838 secu-

1317 863 1396 895 tum,
1415 860 1453 889 de
1470 859 1610 889 consilio
1632 860 1771 889 fratrum
1788 864 1988 896 nostrorum,
2009 860 2206 891 auctoritate
2226 868 2323 899 apos-

1316 912 1414 942 tolica
1437 913 1623 949 irritamus,
1651 917 1682 943 et
1708 917 1753 948 te,
1776 921 1874 952 quem
1899 913 2079 943 multorum
2102 912 2324 943 laudabilium

1316 975 1451 1005 operum
1474 965 1665 996 testimonia
1685 970 1716 996 et
1737 970 1868 1004 experte
1889 966 2064 1004 probitatis
2087 966 2207 996 merita
2227 965 2324 996 nobis

1317 1023 1347 1049 et
1364 1019 1524 1048 fratribus
1539 1019 1661 1048 nostris
1678 1023 1848 1057 acceptum
1865 1023 1896 1049 et
1908 1024 2037 1057 gratum
2052 1019 2204 1055 reddunt,
2223 1023 2255 1050 et
2269 1017 2325 1050 cui

1316 1071 1355 1101 de
1372 1071 1527 1101 manibus
1544 1071 1666 1101 nostris
1680 1080 1802 1102 munus
1815 1072 2076 1102 consecrationis
2086 1071 2323 1110 impendimus,

1317 1125 1425 1155 eidem
1451 1125 1632 1155 Arianensi
1656 1124 1812 1160 ecclesie,
1833 1134 2035 1164 quamquam
2055 1125 2248 1165 hujusmodi
2268 1129 2326 1156 tua

1317 1177 1496 1216 postulatio
1521 1177 1692 1216 reprobari
1718 1177 1757 1208 (10
1779 1177 1855 1216 jure
1879 1178 2023 1216 potuerit
2047 1187 2083 1208 ex
2110 1177 2240 1208 defectu
2265 1185 2326 1208 seu

1317 1230 1555 1269 impedimento
1577 1230 1690 1269 aliquo
1714 1230 1766 1260 vel
1789 1239 1826 1260 ex
1849 1231 1966 1266 forma,
1992 1231 2031 1261 de
2052 1231 2190 1270 speciali
2213 1234 2325 1261 tamen

1318 1284 1435 1321 gratia,
1464 1288 1529 1313 tam
1557 1283 1617 1314 tibi
1645 1292 1744 1323 quam
1771 1283 1879 1314 eidem
1906 1283 2045 1314 ecclesie
2075 1284 2248 1322 providere
2267 1292 2326 1314 vo-

1318 1336 1436 1371 lentes‚
1461 1336 1499 1366 de
1517 1336 1664 1374 ipsorum
1682 1336 1822 1366 fratrum
1844 1336 1996 1372 consilio,
2022 1336 2213 1374 preficimus
2237 1344 2326 1367 nunc

1319 1390 1358 1419 de
1374 1398 1458 1419 novo
1482 1389 1515 1418 in
1538 1389 1729 1427 episcopum
1753 1393 1784 1418 et
1808 1393 1986 1427 pastorem.
2013 1389 2088 1419 Non
2115 1389 2326 1420 obstantibus

1319 1442 1489 1481 aliquibus
1506 1441 1628 1471 litteris
1645 1446 1760 1471 contra
1778 1445 1809 1471 10
1833 1450 1932 1479 super
1948 1441 2016 1472 hiis
2036 1441 2098 1472 sub
2118 1450 2327 1480 quacumque

1318 1495 1425 1525 forma
1441 1494 1616 1524 verborum
1633 1503 1690 1532 per
1705 1503 1931 1533 quoscumque
1945 1494 2091 1525 obtentis
2108 1504 2126 1525 a
2137 1495 2222 1526 Sede
2235 1503 2326 1534 apos-

1320 1547 1419 1577 tolica
1435 1547 1485 1577 vel
1502 1546 1621 1584 legatis
1633 1547 1739 1585 ipsius
1753 1546 1923 1576 autetiam
1936 1547 2138 1578 obtinendis.
2153 1546 2248 1578 Nulli
2263 1551 2325 1578 etc.

1321 1605 1432 1631 nostre
1462 1600 1661 1629 irritationis
1689 1604 1720 1630 et
1744 1600 1947 1638 provisionis
1973 1603 2035 1630 etc.
2061 1601 2134 1630 Dat.
2161 1599 2326 1639 Anagnie,

1319 1655 1415 1685 XVII
1432 1652 1591 1683 kalendas
1606 1653 1806 1687 novembris,
1825 1661 1912 1682 anno
1927 1653 2083 1683 secundo.
2105 1665 2118 1680 n

1398 1827 1512 1855 1482

1360 1889 1485 1915 l’riorem
1503 1892 1532 1915 et
1550 1888 1707 1923 capitulum
1729 1887 1870 1914 secularis
1892 1887 2034 1914 ecclesiae
2050 1886 2148 1914 Sancti
2166 1887 2330 1922 Austrege-

1322 1937 1380 1964 51111
1404 1937 1617 1968 Graciacensis,
1637 1936 1830 1963 Bituricensis
1845 1936 1982 1970 diocesis,
1999 1939 2080 1970 rogat
2095 1940 2124 1962 et
2140 1936 2270 1962 hortatur
2284 1939 2331 1962 at-

1323 1991 1411 2019 tente,
1428 1986 1566 2020 quatinus
1583 1984 1746 2011 Johannem
1765 1984 1800 2010 de
1818 1984 1966 2019 Hospicio,
1985 1992 2140 2019 pauperem
2158 1984 2329 2018 scholarem,

1323 2039 1473 2069 postquam
1489 2034 1576 2060 suerit
1591 2033 1715 2060 clericali
1731 2036 1878 2060 caractere
1895 2032 2063 2067 insignitus,
2081 2033 2222 2068 recipiant
2236 2033 2265 2060 in
2281 2041 2331 2060 ca-

1324 2083 1459 2110 nonicum
1484 2086 1512 2109 et
1535 2084 1562 2109 in
1587 2082 1719 2113 fratrem,
1737 2090 1792 2108 000
1817 2082 1950 2108 obstante
1974 2082 2181 2108 constitutione
2201 2081 2237 2108 de
2251 2085 2331 2118 certo

1323 2132 1527 2158 canonicorum
1546 2140 1675 2157 numero.
1693 2131 1777 2164 (unu.
1793 2131 1838 2163 ⁶24,
1855 2131 1874 2157 f.
1891 2131 1953 2165 203,
1967 2139 2035 2158 ann.
2051 2129 2089 2163 ΙΙ,
2106 2139 2170 2166 cap.
2186 2131 2260 2164 4t1.)

1800 1820 1927 1859 Anagni,
1945 1823 1978 1851 ‘28
1999 1825 2163 1859 septembre
2179 1824 2258 1852 1‘256.

1365 2246 1378 2260 «
1406 2256 1438 2268 ..,
1458 2234 1570 2271 priori,
1588 2238 1613 2262 et
1631 2233 1766 2270 capitulo
1785 2233 1933 2262 secularis
1952 2233 2070 2262 ecclesie
2084 2232 2192 2262 Sancti
2205 2233 2331 2262 Austro-

1323 2287 1425 2324 yesilii
1442 2286 1661 2320 Graciacensis,
1678 2286 1878 2314 &turicensis
1894 2285 2029 2314 diocesis.
2046 2284 2178 2314 Ascribi
2195 2284 2332 2324 cupien-

1324 2340 1413 2369 tibus
1431 2338 1550 2369 militie
1569 2356 1616 2368 —.
1639 2339 1712 2368 Dat.
1733 2338 1895 2375 Anagnie,
1915 2338 1983 2367 IIII
1998 2337 2158 2368 kalendas
2174 2337 2332 2374 octobris,

1325 2401 1411 2423 anno
1428 2391 1584 2422 secundo.
1607 2403 1619 2417 »

1400 2557 1417 2584 1
1426 2556 1514 2584 498

1362 2617 1506 2652 Episcopo
1526 2617 1671 2644 ι1011110051
1695 2617 1840 2652 indulget,
1865 2620 1896 2643 ut
1916 2616 1951 2642 ad
1975 2616 2149 2643 solutionem
2171 2615 2334 2643 debitorum

1328 2665 1466 2692 ecclesiae
1484 2667 1601 2692 minime
1619 2669 1761 2698 teneatur,
1787 2665 1841 2691 nisi
1858 2674 1891 2691 ea
1912 2665 1939 2691 10
1957 2665 2050 2699 ipsius
2072 2665 2222 2691 utilitatem
2239 2665 2334 2692 eccle-

1328 2715 1388 2741 siae
1405 2722 1487 2740 versa
1503 2722 1569 2740 esse
1585 2715 1712 2747 legitime
1727 2714 1814 2740 suerit
1829 2713 2058 2748 comprobatum.
2073 2712 2157 2746 (Rau.
2173 2711 2218 2744 2³4,
2236 2713 2254 2740 f.
2271 2713 2334 2742 ‘203-

1329 2772 1395 2789 ann.
1414 2763 1455 2794 11,
1473 2772 1498 2790 c.
1518 2763 1591 2795 41⁴2.)

1856 2555 1980 2589 Anagnt,
2002 2555 2031 2582 14
2049 2555 2164 2582 octobre
2185 2554 2260 2582 1-256.

1373 2876 1386 2891 α
1466 2866 1600 2902 episcopo
1621 2866 1790 2894 Jsuzriensi.
1815 2865 1864 2894 Ne
1885 2864 2074 2894 Jauriensis
2097 2863 2235 2894 ecc-lesia
2258 2863 2335 2894 inde
