2498 3325
1003 250 1233 287 DEUXIEME
1256 250 1414 288 ANNEE.
2202 260 2260 290 375

159 324 318 357 diocesis,
335 323 495 362 petitione
512 323 651 357 monuit,
675 323 775 362 quod,
798 324 999 353 monasterio
1021 324 1091 361 ipso
1113 323 1170 352 ab-

158 377 246 406 batis
260 376 422 414 regimine
436 375 604 411 destituto,
621 380 802 405 conventus
815 376 921 414 ipsius
933 376 1169 406 convenientes

159 429 194 458 in
217 438 336 463 unum,
357 429 500 466 Spiritus
517 429 630 459 Sancti
651 429 756 466 gratia
780 429 946 463 invocata,
966 438 1039 459 enm
1063 430 1169 467 ipsius

158 482 355 512 monasterii
380 482 579 511 monachum
596 482 631 510 in
648 491 761 511 eorum
779 482 930 512 abbatem
954 483 1111 512 canonice
1133 491 1169 512 ac

160 535 366 565 concorditer
399 535 588 572 elegerunt,
621 544 657 565 ac
690 535 891 565 venerabilis
917 536 1019 565 frater
1044 540 1165 571 noster,

157 588 406 617 Xanctonensis
424 588 608 626 episcopus,
622 588 685 618 loci
702 588 910 623 diocesanus,
924 593 1019 627 prout
1036 589 1075 617 ad
1093 598 1168 618 eum

159 641 198 670 de
222 640 359 679 antiqua
383 645 414 670 et
440 641 617 679 approbata
642 641 883 672 consuetudine
908 642 1067 680 pertinet,
1094 650 1168 679 pre-

158 698 323 723 sentatam
347 693 411 723 sibi
433 694 623 732 hujusmodi
645 694 841 724 electionem
861 694 1079 724 confirmavit.
1105 694 1169 724 Sed

160 746 304 776 Rannlfo
323 747 409 776 111010
425 747 563 778 Coi-ion,
582 747 761 777 Guillelmo
787 752 817 777 et
833 748 934 777 iterio
955 748 1052 777 dictis
1071 749 1168 777 Pater

159 800 465 829 noste1*,m0nacliis
482 800 559 829 dicti
577 801 783 830 monasterii.
798 800 1054 838 suggerentibus
1072 799 1167 829 nobis

158 851 255 889 quod,
268 852 470 881 monasterio
483 853 639 890 predicto,
650 853 736 891 quod
750 853 921 882 dicebatur
931 853 971 882 ad
983 854 1167 882 Romanam

158 904 340 934 Ecclesiam
364 905 455 934 nullo
478 905 586 935 medio
612 906 793 943 pertinere.
812 909 966 939 vacante,
985 910 1167 935 conventus

156 957 263 996 ipsius
283 958 519 987 convenientes
542 958 576 986 in
602 967 705 987 unum
730 952 768 987 ad
793 958 1000 987 tractandum
1023 958 1061 987 de
1082 958 1168 988 elec-

157 1011 247 1040 tione
264 1010 405 1045 abbatis,
418 1011 568 1040 universi
585 1015 615 1040 et
634 1010 759 1048 singuli
771 1011 942 1040 firmarant
958 1019 992 1040 se
1009 1011 1166 1046 facturos,

157 1064 295 1102 prestito
309 1064 508 1102 juramento,
528 1064 615 1102 quod
630 1063 687 1093 ille
701 1072 738 1093 ex
756 1064 804 1094 eis
819 1073 916 1102 quem
931 1064 989 1093 alii
1002 1064 1036 1092 in
1054 1072 1168 1093 eorum

156 1117 309 1147 abbatem
329 1117 501 1154 eligerent,
523 1117 650 1146 veniret
673 1117 935 1146 confirmationis
959 1121 989 1147 et
1012 1117 1169 1147 benedic-

157 1170 259 1200 tionis
281 1179 403 1199 munus
430 1175 502 1208 post
528 1169 723 1199 electionem
747 1170 905 1200 canonice
929 1169 1128 1200 celebratam
1151 1179 1169 1199 a

157 1223 241 1253 Sede
258 1222 447 1261 Apostolica
464 1226 668 1260 recepturus,
688 1226 718 1251 et
737 1222 824 1261 quod
840 1222 947 1252 dictus
965 1222 1066 1252 abbas
1083 1222 1169 1252 elec-

156 1276 281 1305 tionem
297 1276 336 1305 de
352 1284 386 1305 se
402 1276 524 1305 factam
540 1284 597 1313 per
613 1275 755 1305 eundem
772 1275 961 1314 episcopum
979 1275 1169 1305 confirmari

157 1333 189 1359 et
216 1329 364 1367 impendi
390 1329 455 1358 sibi
477 1337 598 1358 munus
623 1328 878 1363 benedictionis,
907 1329 941 1357 in
967 1329 1115 1367 ipsorum
1139 1332 1169 1358 et

157 1381 237 1411 dicti
253 1382 448 1411 monasterii
462 1382 695 1421 prejudicium,
713 1382 751 1411 de
771 1382 866 1412 facto.
883 1391 956 1411 cum
975 1382 1099 1421 dejure
1112 1391 1168 1411 ne-

158 1435 314 1473 quiverit,
335 1434 370 1464 in
388 1434 535 1464 Ecclesie
554 1436 702 1464 Romane
715 1435 802 1473 juris
818 1435 989 1474 injuriam,
1012 1444 1169 1473 procura-

157 1491 218 1516 rat.
238 1487 368 1516 dilectis
385 1487 465 1517 tiliis
484 1488 642 1525 magistro
659 1489 755 1517 Petro
772 1488 980 1526 Raymundi,
1000 1488 1169 1526 capellano

157 1545 286 1576 nostro,
304 1541 439 1576 decano.
461 1545 491 1571 et
508 1541 686 1571 Guillelmo
704 1542 742 1571 de
758 1542 990 1577 Lumbiniaco,
1010 1542 1169 1571 canonico

157 1594 420 1631 Engolismensi,
442 1603 541 1632 super
558 1594 619 1624 hoc
638 1595 699 1624 snb
721 1599 810 1625 certa
832 1596 938 1624 forma
963 1599 1093 1625 nostras
1113 1595 1169 1624 lit-

156 1651 244 1677 teras
261 1647 404 1676 dicimur
420 1647 591 1683 direxisse,
604 1656 622 1677 a
636 1647 757 1686 quibus
771 1647 879 1678 dictus
894 1648 1005 1683 abbas,
1019 1648 1168 1678 sentiens

155 1700 304 1730 indebite
321 1710 355 1730 se
373 1701 515 1738 gravari,
534 1701 574 1730 ad
591 1701 710 1731 Sedem
726 1701 904 1739 appellavit
921 1701 1072 1731 eandem.

199 1765 212 1780 1>
230 1754 365 1792 Nosque
377 1753 535 1783 dilectum
546 1753 653 1782 filium
668 1758 819 1784 nostrum
830 1754 1042 1789 Ottobonnm,
1055 1755 1168 1785 Sancti

159 1806 297 1836 Adriani
313 1806 487 1836 diaconum
503 1806 717 1841 cardinalem,
737 1815 836 1844 super
852 1807 912 1836 1100
929 1807 1080 1837 dedimus
1098 1816 1168 1845 par-

156 1859 246 1889 tibus
263 1859 465 1889 auditorem:
484 1868 593 1889 coram
606 1868 681 1898 (1110,
699 1859 757 1889 lite
774 1859 808 1888 in
821 1868 921 1889 causa
936 1859 1167 1898 ipsalegitime

156 1915 356 1946 contestata,
377 1911 503 1941 diutius
529 1912 563 1941 in
587 1912 779 1951 hujusmodi
806 1913 938 1950 negotio
961 1917 1010 1942 est
1036 1922 1168 1951 proces-

158 1973 243 1994 sum.
271 1966 371 1994 Porro
394 1965 524 2003 judiees
549 1965 704 2003 predicti,
728 1965 878 2003 legitima
903 1966 1010 2004 ipsius
1038 1966 1167 1995 abbatis

157 2017 377 2056 appellatione
401 2022 598 2056 contempta.
617 2028 691 2048 eum
710 2028 727 2047 a
744 2019 906 2055 regimine
929 2019 1060 2049 abbatie
1088 2019 1168 2048 dicti

156 2070 352 2100 monasterii
376 2071 532 2100 dicuntur
553 2071 798 2101 sententialiter
822 2072 1000 2107 amovisse,
1021 2072 1168 2110 predicto

156 2123 334 2153 conventui
357 2123 550 2161 providendi
572 2124 636 2153 sibi
653 2124 691 2153 de
710 2133 852 2162 persona
874 2124 992 2154 idonea
1009 2134 1067 2162 per
1083 2124 1168 2154 elec-

156 2177 280 2206 tionem
305 2177 498 2206 canonicam
520 2177 569 2206 vel
591 2177 848 2215 postulationem
870 2178 1065 2207 concordem
1091 2187 1168 2207 0011-

157 2238 251 2259 cessa
264 2229 503 2259 nichilominus
516 2230 684 2260 facultate.
697 2231 852 2261 Ceterum
865 2231 972 2260 dictus
986 2236 1168 2260 conventus

158 2282 321 2313 Ranulso.
340 2282 519 2312 Gnillelmo
536 2287 565 2312 et
583 2283 683 2313 Iterio
703 2284 861 2321 predictis
885 2284 1029 2322 eligendi
1047 2288 1078 2313 et
1094 2293 1169 2322 1105-

157 2335 286 2365 tulandi
303 2336 447 2374 aliquem
465 2336 623 2365 canonice
644 2336 678 2365 in
700 2337 852 2366 abbatem
871 2337 1011 2375 predicti
1036 2346 1169 2367 monas-

158 2389 235 2419 terii
258 2389 291 2418 in
315 2391 463 2419 Romana
485 2390 585 2420 Curia
601 2390 651 2419 vel
669 2390 760 2424 alibi,
786 2390 988 2429 ubicumque
1016 2391 1169 2429 expedire

158 2443 320 2475 viderent,
338 2447 533 2480 potestatem
549 2443 670 2472 dicitur
686 2443 878 2473 contulisse.
897 2445 972 2480 Qui,
991 2453 1089 2473 causa
1107 2443 1169 2473 hu-

154 2495 301 2535 jusmodi
325 2496 558 2533 appellationis
585 2496 766 2534 pendente,
792 2496 948 2526 dilectum
976 2496 1080 2525 tilium
1110 2497 1170 2525 Pe-

158 2552 244 2577 trnm
262 2549 384 2577 dictum
402 2549 593 2583 ssemmndi,
612 2549 819 2587 capellanum
839 2554 999 2584 nostrum,
1017 2549 1169 2578 abbatem

159 2601 350 2630 monasterii
370 2602 483 2630 sant-u
502 2601 686 2631 'l'beodardi
710 2602 748 2631 de
766 2603 875 2631 Monte
894 2602 1032 2637 Albano,
1051 2602 1170 2631 Catur-

158 2653 268 2683 ceusis
282 2653 435 2683 diocesis.
447 2654 478 2682 in
492 2654 643 2683 abbatem
657 2654 735 2683 dicti
751 2655 943 2684 monasterii
959 2655 1170 2684 Baciacensis

158 2706 197 2735 de
215 2706 310 2740 sacto,
329 2716 401 2735 cum
420 2707 457 2735 de
472 2707 546 2745 jure
565 2708 788 2746 nequiverint,
807 2708 1029 2746 postularunt.

202 2770 213 2784 »
235 2759 373 2789 Demum
392 2760 558 2797 predictus
576 2765 758 2790 conventus
775 2765 805 2790 et
825 2784 857 2795 ..,
877 2761 966 2799 prior
983 2761 1089 2799 ipsius
1106 2770 1170 2790 mo-

160 2812 298 2841 nasterii
328 2812 554 2842 131101110011515.
587 2813 684 2842 tat-ito
712 2813 942 2843 fraudulenter
970 2814 1057 2852 (111011
1085 2814 1171 2843 idem

159 2864 340 2893 cardinalis
366 2865 460 2894 datus
487 2871 555 2895 erat
577 2866 707 2895 auditor
729 2871 757 2895 et
779 2867 865 2905 (111011
890 2866 1051 2904 pendebat
1072 2875 1172 2895 causa.

160 2916 351 2955 hujusmodi
369 2927 478 2946 coram
503 2930 540 2947 eo
557 2929 655 2956 super
673 2919 817 2957 predicto
842 2919 983 2956 negotio.
1009 2919 1049 2948 ad
1072 2928 1172 2948 vene-

1251 323 1389 353 rabilem
1414 325 1549 355 fratrem
1574 330 1723 355 nostrum
1743 349 1775 361 ..,
1793 326 2030 357 Caturcensem
2056 328 2256 366 episcopum,

1251 376 1312 405 sub
1335 381 1424 406 certa
1445 378 1551 407 forma
1575 382 1705 408 nostras
1728 379 1884 408 dicuntur
1902 379 2030 409 litteras
2049 380 2257 418 impetrasse.

1251 428 1358 464 Quare
1371 429 1478 459 dictus
1490 430 1690 461 Guillelmus
1705 431 1800 461 nobis
1812 431 1985 461 humiliter
2000 432 2208 470 supplicavit,
2223 438 2259 462 ut

1251 481 1422 518 providere
1446 483 1511 512 sibi
1535 492 1633 522 super
1649 483 1710 513 1100
1726 488 1864 522 paterna
1882 485 2107 515 sollicitudine
2126 495 2259 516 curare-

1251 542 1335 563 mus.
1363 535 1445 565 Cum
1462 540 1572 565 autem
1589 536 1693 565 dividi
1714 545 1778 566 non
1799 537 1915 567 debeat
1935 546 2032 567 cause
2054 539 2260 568 continentia

1251 587 1450 624 supradicte,
1466 589 1662 618 mandamus
1679 590 1837 628 quatinus
1855 590 2028 620 universas
2042 591 2170 621 litteras
2187 591 2260 620 11111-

1251 639 1346 669 0111110
1364 640 1403 669 ab
1423 641 1603 678 apostolica
1619 642 1701 671 Sede
1719 642 1870 672 obtentos
1887 651 2067 681 omnesque
2084 653 2259 681 processus

1252 696 1316 720 tam
1334 702 1391 730 per
1406 693 1482 722 illas
1499 702 1598 732 quam
1616 693 1699 723 alias
1715 695 1749 723 in
1767 694 1957 733 hujusmodi
1978 697 2109 733 negotio
2128 697 2258 726 habitos

1251 743 1311 773 tibi
1330 745 1457 775 faciens
1475 745 1625 775 exhiberi
1644 747 1842 780 detentores,
1859 748 1898 776 ad
1915 748 2153 779 exhibitionem
2171 749 2261 787 ipso-

1252 806 1323 826 rum
1334 798 1529 827 auctoritate
1541 803 1664 835 nostra,
1679 799 1899 837 appellatione
1912 802 2103 839 postposita,
2118 802 2261 840 compel-

1250 849 1358 882 lendo,
1378 860 1433 880 eos
1450 851 1490 880 ad
1506 852 1721 889 apostolicam
1738 853 1855 883 Sedem
1873 854 2004 884 mittere
2022 855 2166 889 studeas,
2186 865 2261 893 pre-

1251 903 1313 932 fixo
1333 904 1482 941 partibus
1500 905 1641 934 termino
1658 906 1878 943 peremptorio
1898 908 2107 944 competenti,
2125 917 2189 946 qno
2205 917 2262 946 per

1251 964 1285 985 se
1303 955 1354 986 vel
1370 961 1599 994 procuratores
1616 958 1752 989 idoneos
1772 959 1975 990 sufficienter
1991 960 2171 990 instructos
2187 970 2262 990 011111

1250 1009 1406 1039 omnibus
1433 1010 1566 1049 juribus
1597 1015 1628 1041 et
1657 1012 1844 1042 rationibus
1877 1022 1913 1042 ac
1942 1013 2160 1043 munimentis
2191 1015 2261 1044 suis

1251 1067 1462 1100 compareant
1486 1072 1596 1093 coram
1627 1064 1737 1100 nobis,
1759 1065 1886 1095 facture
1911 1071 1942 1095 et
1967 1070 2138 1104 recepture
2164 1076 2262 1105 super

1251 1114 1312 1144 hoc
1331 1116 1417 1153 (111011
1436 1116 1514 1146 ordo
1533 1116 1707 1147 dictaverit
1723 1118 1875 1148 rationis.
1893 1119 1989 1148 Diem
2006 1123 2116 1149 autem
2132 1120 2262 1150 citatio-

1252 1167 1304 1197 nis
1328 1173 1359 1197 et
1381 1169 1540 1207 quicquid
1566 1169 1643 1199 inde
1671 1171 1791 1201 feceris
1817 1181 1874 1209 per
1896 1176 1969 1201 tuas
1991 1172 2086 1201 nobis
2112 1177 2262 1211 patentes

1251 1221 1392 1257 litteras,
1415 1227 1562 1253 tenorem
1583 1224 1791 1254 continentes
1815 1226 2031 1263 presentium,
2055 1227 2188 1256 studeas
2209 1227 2262 1256 in-

1254 1276 1382 1305 timare.
1410 1277 1482 1305 Dat..
1512 1277 1682 1312 Laterani,
1707 1279 1736 1308 V
1762 1278 1921 1308 kalendas
1944 1280 2072 1314 martii,
2099 1289 2185 1309 anno
2209 1289 2262 1310 se-

1253 1329 1370 1358 cundo.
1394 1342 1406 1355 n

1327 1509 1346 1535 Ι
1356 1509 1444 1537 242

1288 1570 1367 1597 Viris
1383 1571 1529 1604 religiosis
1547 1575 1711 1598 conventus
1731 1571 1766 1597 de
1783 1571 1862 1598 Bello
1885 1573 1947 1599 loco
1969 1573 1996 1598 in
2020 1573 2124 1608 Cypro,
2149 1573 2258 1601 Cister-

1251 1620 1360 1646 ciensis
1382 1619 1505 1650 ordinis,
1530 1620 1637 1654 quibus
1653 1619 1714 1646 Odo
1726 1641 1732 1652 ,
1748 1620 1932 1647 Tusculanus
1949 1622 2124 1656 011150011115,
2140 1627 2258 1658 aposto-

1251 1668 1321 1694 licae
1338 1667 1423 1694 Sedis
1439 1668 1562 1702 legatus,
1575 1669 1722 1695 concessit
1738 1669 1900 1695 facultatem
1919 1671 2000 1704 ipsos
2016 1672 2206 1698 transferendi
2223 1672 2258 1698 de

1250 1716 1312 1742 1000
1333 1715 1368 1742 de
1386 1715 1481 1750 Fui-go
1498 1716 1531 1742 ad
1549 1717 1643 1743 locum
1659 1716 1694 1743 de
1715 1716 1795 1743 Bello
1817 1717 1879 1744 1000
1898 1726 1986 1752 prope
2003 1718 2167 1751 Nicosiam,
2185 1720 2259 1747 hanc

1250 1766 1470 1792 concessionem
1501 1766 1661 1799 confirmat,
1693 1766 1804 1792 litteras
1833 1766 1954 1800 01101115,
1985 1768 2066 1794 datas
2096 1769 2123 1795 in
2149 1768 2259 1796 Castris

1247 1815 1330 1848 juxta
1359 1814 1527 1840 Caesaream
1560 1813 1719 1841 Palestinae
1750 1814 1808 1841 XII
1838 1815 1973 1842 kalendas
2003 1817 2121 1851 augusti
2147 1817 2259 1844 MCCLI

1249 1862 1416 1889 inserendo.
1432 1862 1504 1895 (Rea
1532 1863 1577 1897 24,
1595 1863 1614 1890 f.
1635 1863 1706 1895 ¹56&
1723 1872 1790 1890 ann.
1808 1863 1846 1898 11,
1862 1872 1886 1890 c.
1905 1864 1977 1898 ⁶203.)

1838 1510 1952 1544 Lati-an,
1969 1511 2000 1537 15
2016 1519 2093 1538 mars
2110 1511 2189 1538 1256.

1292 1977 1305 1991 <t
1328 1988 1360 1998 ..,
1382 1965 1494 1996 abbati,
1515 1970 1539 1994 et
1556 1966 1721 1994 conventui
1737 1967 1917 1995 monasterii
1936 1968 2011 1996 Belli
2029 1968 2085 1996 loci
2105 1969 2135 1996 iu
2158 1969 2259 1998 insula

1251 2019 1359 2055 Cypri,
1383 2019 1590 2047 Cisterciensis
1613 2019 1752 2053 ordinis,
1779 2020 1963 2048 Nieosiensis
1986 2021 2120 2050 clim—esis.
2140 2021 2223 2052 Cum
2243 2031 2261 2051 a

1252 2070 1347 2100 nobis
1373 2070 1496 2108 petitur
1518 2075 1578 2099 etc.
1602 2080 1706 2109 11511110
1726 2080 1731 2099 :
1755 2072 1919 2101 effectum.
1944 2073 2029 2102 Sane
2048 2073 2131 2103 lecta
2150 2083 2260 2103 eoram

1252 2123 1347 2153 nobis
1360 2127 1469 2153 vestra
1483 2123 1598 2160 petitio
1616 2124 1817 2159 continebat,
1837 2125 1922 2162 quod
1940 2126 2141 2155 venerabilis
2159 2127 2261 2156 frater

1252 2180 1364 2205 noster
1383 2199 1415 2210 ..,
1434 2176 1607 2214 episcopus
1622 2177 1842 2211 Tusculanus,
1870 2181 1947 2207 tunc.
1970 2178 2003 2206 in
2026 2179 2174 2216 partibus
2192 2179 2259 2209 illis

1251 2228 1430 2266 apostolice
1462 2229 1557 2258 Sedis
1584 2228 1730 2266 legatus,
1762 2230 1816 2268 pia
1841 2231 2056 2261 considerans
2087 2232 2261 2269 diligentia

1252 2281 1339 2320 quod
1356 2281 1446 2310 locus
1460 2281 1497 2310 de
1517 2282 1625 2319 Pii-go,
1640 2282 1673 2311 in
1687 2292 1750 2320 11110
1768 2287 1845 2312 tunc
1864 2284 2020 2321 temporis
2035 2285 2259 2321 morabimini,

1252 2334 1345 2363 vobis
1360 2333 1512 2372 pluribus
1529 2334 1567 2364 de
1587 2335 1697 2364 causis
1714 2335 1971 2366 rationabilibus
1996 2347 2059 2367 non
2080 2343 2149 2368 erat
2168 2348 2261 2369 acco-

1252 2387 1380 2421 modus,
1400 2396 1456 2425 per
1471 2396 1548 2416 suas
1560 2387 1689 2417 litteras
1707 2388 1799 2418 vobis
1814 2389 2004 2419 facultatem
2022 2392 2197 2426 concessit,
2214 2396 2259 2427 ut,

1253 2440 1419 2469 contraria
1445 2440 1685 2470 consuetudine
1708 2441 1944 2472 Cisterciensis
1964 2443 2092 2473 ordinis
2116 2453 2180 2474 non
2204 2445 2262 2474 ob-

1253 2492 1644 2523 51111110.111110011111110111
1661 2493 2262 2535 locijuxtaNieosiam,contemplati-

1254 2546 1302 2574 vis
1319 2546 1436 2575 usibus
1454 2546 1559 2581 mas->is
1576 2550 1699 2584 aptum,
1718 2548 1860 2585 possetis
1875 2548 1978 2578 libere
1995 2559 2050 2579 vos
2068 2552 2259 2587 transferre,

1253 2599 1347 2638 cnjus
1365 2599 1590 2629 concessionis
1610 2601 1805 2630 auctoritate
1823 2611 1878 2630 vos
1901 2602 1940 2631 ad
1963 2602 2070 2632 locum
2092 2604 2199 2642 ipsum
2224 2605 2261 2636 de

1254 2652 1346 2681 Bello
1363 2652 1433 2681 loco
1450 2652 1657 2689 postmodnm
1673 2653 1904 2684 transtulistis.
1920 2656 1987 2684 Nos
2005 2656 2127 2694 itaque.
2142 2658 2261 2687 vestris

1254 2705 1380 2735 devotis
1409 2704 1709 2743 supplicationibus
1735 2711 1931 2742 annuentes,
1957 2710 2204 2739 concessionem
2232 2715 2263 2741 et

1255 2758 1507 2787 translationem
1525 2757 1716 2796 hujusmodi
1732 2763 1820 2789 ratas
1844 2760 2004 2790 babentes
2029 2766 2058 2791 et
2079 2763 2201 2797 firmas,
2221 2763 2262 2792 il-

1254 2810 1302 2840 las
1332 2811 1526 2839 auctoritate
1556 2811 1735 2849 apostolica
1763 2813 1997 2842 confirmamus
2029 2819 2089 2843 etc.
2119 2824 2223 2853 usquc
2254 2826 2260 2844 ;

1255 2864 1510 2892 conununinnis.
1529 2863 1754 2894 Concedtmtes
1773 2866 1864 2894 vobis
1883 2866 2120 2896 nichilominus
2135 2872 2181 2899 ut,
2197 2878 2261 2897 non

1255 2917 1466 2946 obstantibus
1486 2917 1513 2945 si
1534 2917 1743 2947 translationi
1766 2918 1954 2957 hujusmodi
1975 2921 2174 2951 veui-*rabilis
2194 2923 2263 2951 sra-
