2498 3325
984 243 1215 281 DEL’XIEME
1237 243 1396 280 ANNEE.
2182 254 2238 283 419

137 318 189 348 uti
203 318 353 347 decetero
369 316 519 346 valeatis.
534 316 626 345 Nulli
643 320 703 346 etc,
716 320 826 346 nostre
842 316 1068 346 concessionis
1086 319 1144 345 etc.

138 371 214 400 Dat.
233 370 320 399 utin
337 369 413 399 alia.
433 381 446 395 2>

213 526 327 554 ¹369

175 587 349 619 Romanino,
374 588 479 614 ‹lei-ico
503 587 651 619 Landulfi,
673 587 872 613 Motlionensis
892 587 1038 621 episcopi,
1061 587 1150 614 dona-

138 637 246 663 tionem
266 635 355 662 XXII
370 644 577 670 yperperorum
594 635 722 662 redditus
739 635 901 668 confirmat,
927 635 1057 668 ejusdcm
1076 636 1149 662 Lan-

139 684 208 710 dulfi
226 685 334 710 litteras
351 684 519 715 inserendo,
537 684 688 717 Anagniae
709 692 808 709 mense
824 683 940 717 augusti
956 682 1083 709 MCCLV
1100 683 1149 709 da-

138 736 195 760 tas,
213 733 297 765 (Rso.
310 732 612 765 24‚s.175v,ann.11,
630 741 656 759 c.
675 732 747 764 30²2.)

686 525 805 557 Lati-an,
828 525 982 559 19janvier
1002 526 1078 552 1256.

181 846 193 860 «
218 835 402 868 Romanino,
421 836 527 863 clerieo
552 835 733 863 venerahilis
749 835 860 870 fratris
879 835 976 863 nostri
994 834 1147 870 Landulfi,

137 887 342 916 Mothonensis
358 888 500 924 episcopi.
522 887 566 916 Ex
586 891 639 916 tue
658 887 843 916 devotionis
860 904 905 914 —.

722 966 848 998 Anagni,
864 964 898 991 ‘23
914 965 981 990 aout
1000 964 1076 991 1255.

181 1039 194 1053 α
224 1027 385 1057 Noverint
413 1027 564 1057 universi
593 1031 764 1065 presentes
792 1027 922 1057 litteras
951 1026 1146 1064 inspecturi,

140 1091 156 1107 n
180 1079 267 1118 quod
285 1089 344 1109 nos
363 1079 558 1113 Landulfus,
574 1080 634 1109 Dei
653 1080 759 1117 gratia
774 1079 1004 1109 Mothonensis
1022 1079 1149 1117 episco-

129 1144 154 1158 ‹1›
178 1141 255 1170 pus,
275 1132 390 1162 damus
413 1136 443 1162 et
466 1132 678 1162 concedimus
695 1132 730 1160 in
747 1132 945 1162 beneficium
962 1132 1150 1162 Romanino

139 1196 154 1211 n
179 1185 299 1214 clerico
316 1190 428 1214 nostro
444 1185 610 1214 redditum
626 1185 746 1222 viginti
759 1184 899 1214 duorum
912 1194 1150 1223 yperperorum

138 1249 154 1265 n
179 1237 217 1268 de
244 1238 339 1267 bonis
365 1238 405 1267 ad
431 1246 580 1267 mensam
605 1242 751 1267 nostram
778 1238 1020 1276 spectantibus,
1051 1247 1150 1276 quam

138 1302 155 1318 2>
178 1290 339 1320 habemus
356 1291 390 1319 in
407 1290 581 1329 parrochia
595 1292 716 1326 Druxe,
730 1291 831 1321 donec
847 1291 954 1320 eidem
966 1292 1005 1321 R.
1020 1300 1077 1329 per
1091 1300 1150 1321 nos

138 1355 153 1370 ι)
178 1343 248 1373 sive
268 1353 476 1373 successores
495 1348 624 1373 nostros
642 1344 677 1372 in
697 1344 900 1382 equivalenti
924 1344 1026 1373 fucrit
1049 1344 1151 1374 bene-

139 1408 154 1423 »
178 1396 254 1425 ficio
280 1396 330 1425 vel
360 1396 505 1426 uberiori
531 1397 702 1434 provisum
726 1397 760 1425 in
787 1396 927 1426 ecclesia
949 1397 1001 1426 vel
1027 1397 1151 1427 diocesi

140 1461 154 1476 ι)
180 1449 403 1479 Mothonensi.
422 1450 459 1478 In
477 1449 570 1487 cujus
585 1449 634 1479 rei
650 1449 889 1483 testimonium,
906 1453 1076 1487 presentes
1093 1458 1151 1487 pa-

139 1513 154 1528 »
178 1501 423 1531 tenteslitteras
434 1506 546 1530 nostro
557 1501 668 1538 sigillo
682 1501 827 1530 munitas
838 1501 902 1530 sibi
913 1501 1067 1531 duximus
1077 1510 1151 1531 con-

140 1565 155 1580 »
179 1553 354 1583 cedendas.
372 1554 493 1582 Datum
511 1554 680 1591 Anagnie,
701 1562 787 1583 anno
804 1554 939 1583 Domini
956 1554 1150 1589 M⁰CC⁰LV⁰,

140 1618 155 1633 »
179 1615 293 1636 mense
311 1606 455 1643 augusti,
469 1606 521 1635 die
538 1614 625 1635 nono
643 1606 987 1641 exeiinte‚indictione
1005 1606 1114 1636 XIIIu.
1136 1618 1149 1632 n

181 1671 194 1686 n
224 1659 317 1689 Nulli
342 1663 403 1688 etc.
430 1660 549 1688 Nosti-e
576 1659 802 1688 concessionis
828 1663 859 1688 et
889 1659 1151 1688 confirmationis

137 1716 201 1743 etc.
225 1713 345 1742 Datum
374 1712 540 1745 Laterani=
564 1712 665 1741 XIIII
686 1711 845 1741 kalendas
866 1711 1039 1744 februarii,
1065 1720 1152 1741 anno

139 1765 295 1796 seeundo.
320 1778 331 1790 »

216 1917 235 1944 Ι
244 1916 333 1945 3ἵο

179 1978 366 2012 [Guillelmo],
384 1977 604 2012 archiepiscopo
623 1977 774 2003 Bisuntino
786 1996 792 2006 .
814 1985 934 2003 narrans
949 1977 1092 2011 quomodo
1109 1977 1153 2003 ci-

137 2035 192 2054 ves
208 2027 442 2061 Argentinenses
459 2026 583 2052 clericos
605 2034 639 2052 ac
661 2026 766 2052 fratres
787 2025 896 2051 ordinis
919 2025 1152 2052 Praedicator-um

138 2077 268 2111 graviter
292 2075 499 2105 verberarunt,
525 2075 642 2100 mandat
668 2075 806 2108 quatinus
829 2074 999 2108 magistrum
1021 2078 1050 2100 et
1072 2082 1153 2101 com-

138 2133 228 2151 mune
244 2123 370 2150 civitatis
386 2123 612 2157 Ai-gentinensis
628 2126 656 2149 et
672 2123 784 2149 nobiles
806 2122 933 2149 diocesis
955 2123 1107 2157 compellat
1122 2126 1154 2150 ut

138 2181 156 2199 a
171 2171 371 2198 molestatione
386 2171 556 2204 hujusmodi
572 2170 724 2197 desistant.
743 2170 828 2201 (Rea.
845 2170 891 2204 24,
909 2171 926 2196 f.
949 2171 1007 2202 176,
1026 2179 1093 2197 ann.
1113 2170 1151 2203 II,

138 2229 166 2248 c.
181 2219 250 2251 303;
269 2220 448 2253 Romaniano,
465 2223 485 2245 t,
504 2219 555 2250 ΙΙΙ,
574 2228 601 2254 p.
617 2219 678 2253 393,
696 2226 726 2245 n⁰
742 2219 815 2252 435.)

726 1915 854 1950 Anagni‚
874 1915 902 1941 11
918 1914 982 1949 juin
1000 1915 1078 1942 1256.

181 2334 195 2348 11
216 2321 488 2358 ..,αι·σΙιι“1Ῥι’.ςεο]1ο
503 2321 678 2349 Βὶεηηιίηο.
694 2319 906 2349 Venerabilis
923 2320 1026 2349 frater
1041 2323 1152 2350 noster

139 2396 176 2410 ..,
195 2373 380 2412 episcopus,
394 2376 425 2402 et
437 2372 549 2401 dilecti
566 2372 628 2401 filii
644 2371 825 2410 capitulum
837 2372 1100 2409 Argentinenses
1116 2381 1151 2402 ac

138 2425 291 2457 universi
317 2425 436 2464 prelati
464 2429 494 2454 ct
524 2424 637 2454 clerici
667 2424 924 2462 Argentinensis
950 2424 1095 2454 civitatis
1122 2429 1153 2455 et

138 2478 283 2509 diocesis
308 2487 369 2508 sua
392 2477 488 2508 nobis
511 2477 671 2516 petitione
694 2480 931 2513 monstrarunt,
957 2477 1052 2515 quod,
1078 2487 1152 2507 cum

139 2532 276 2572 quidam
288 2531 377 2561 cives
387 2531 661 2568 Argentinenscs,
675 2530 872 2568 perditionis
886 2530 959 2566 filii,
973 2531 1152 2561 nonnullos

139 2584 279 2616 clericos
304 2593 340 2613 ac
366 2592 526 2622 personas
557 2582 816 2617 ecclesiasticas,
845 2583 972 2613 ordinis
999 2583 1152 2614 videlicet

138 2638 282 2668 fratrum
314 2636 575 2670 Pretlicatorum‚
612 2635 753 2665 diversis
783 2635 918 2674 injuriis
949 2636 1150 2671 affecissent,

139 2689 341 2730 quibusdam
369 2698 481 2719 eorum
509 2688 653 2726 graviter
678 2687 862 2718 verberatis
887 2692 918 2718 et
946 2689 1087 2726 quodam
1114 2690 1152 2720 de

138 2746 239 2782 ponte
258 2742 293 2771 in
311 2750 430 2780 aquam
451 2741 663 2779 precipitato,
685 2740 827 2778 quodam
846 2748 922 2770 vero
942 2748 1104 2779 suspenso
1123 2746 1154 2772 et

139 2794 206 2826 alio
220 2794 338 2824 afflicto
350 2794 490 2823 diversis
505 2793 683 2829 generibus
698 2796 945 2829 tormentorum,
962 2793 1048 2823 idem
1065 2795 1153 2832 epis-

139 2855 253 2886 copus,
279 2851 324 2879 111,
350 2855 432 2885 quos
456 2846 516 2875 Dei
539 2846 636 2875 timor
653 2855 671 2874 a
689 2845 775 2874 malo
793 2854 857 2874 non
875 2849 1016 2881 revocat,
1036 2847 1152 2877 saltem

135 2908 225 2940 pena
241 2903 389 2929 coerceat
411 2898 619 2937 temporalis,
643 2898 681 2927 de
699 2897 839 2927 consilio
856 2901 887 2927 ct
906 2906 1046 2928 assensu
1063 2900 1152 2938 capi-

1231 315 1308 349 tuli,
1338 315 1540 354 prelatorum
1567 320 1598 347 et
1628 316 1822 346 clericorum
1854 318 2076 354 predictorum
2103 318 2240 356 provida

1232 367 1481 404 deliberatione,
1501 369 1626 403 statuit,
1641 373 1687 403 ut,
1704 369 1731 398 si
1747 369 1821 407 quis
1838 369 1942 399 laicus
1960 371 2139 400 earundem
2157 370 2239 400 civi-

1232 419 1309 449 tatis
1327 424 1357 449 et
1373 420 1514 450 diocesis
1532 421 1674 459 aliquem
1690 421 1847 451 clericum
1864 422 1932 451 sive
1948 431 2122 460 personam
2139 422 2239 452 eccle-

1233 472 1401 502 siasticam
1419 473 1580 510 sacrilego
1593 482 1675 502 ausu
1690 473 1837 503 occidere
1853 478 1907 503 aut
1922 475 2068 504 membro
2086 474 2239 504 mutilare

1232 526 1481 563 presumpserit,
1501 525 1608 555 officia
1627 530 1656 555 et
1674 526 1782 560 feuda,
1802 526 1829 555 si
1847 535 1911 564 qua
1928 527 2059 556 tenebat
2078 527 2117 556 ab
2135 527 2239 557 ecclc-

1233 578 1292 608 siis
1310 578 1360 608 vel
1375 578 1527 616 personis
1546 578 1782 608 ecclesiasticis
1799 578 2021 616 predictarum
2045 579 2188 609 civitatis
2208 584 2239 610 et

1233 631 1390 666 diocesis,
1408 631 1479 669 ipso
1498 632 1584 661 facto
1604 632 1767 661 ammittat
1784 635 1815 661 et
1834 640 1871 661 ex
1887 631 1954 661 biis
1971 632 2075 661 nichil
2093 637 2239 662 transeat

1233 683 1273 712 ad
1286 683 1437 713 heredes.

1275 747 1287 761 1)
1317 736 1446 774 Adjecit
1475 736 1592 771 etiam,
1624 736 1710 774 quod
1739 735 1846 765 officia
1869 740 1899 766 et
1924 737 2022 765 feuda
2048 737 2239 776 hujusmodi

1232 788 1321 817 infra
1337 789 1527 827 quindecim
1551 789 1620 819 dies
1645 798 1662 818 a
1683 789 1735 818 die
1751 789 1871 827 patrati
1891 789 2026 819 sceleris
2043 799 2100 828 per
2116 799 2182 825 eos,
2201 790 2241 819 ad

1233 850 1314 879 quos
1335 850 1447 870 eorum
1473 845 1598 879 spectat
1618 841 1768 875 collatio,
1784 841 1860 870 aliis
1880 842 2103 872 conferantur.
2125 842 2240 872 Dictus

1233 902 1363 932 quoque
1381 893 1564 931 episcopus,
1588 894 1625 923 de
1645 894 1867 932 predictorum
1884 894 2023 924 consilio
2041 899 2071 923 et
2089 904 2238 930 assensu,

1233 950 1347 975 contra
1359 945 1460 975 laicos
1475 946 1653 975 earundem
1672 946 1816 975 civitatis
1835 950 1865 975 et
1882 946 2034 981 diocesis,
2052 947 2107 984 qui
2124 946 2240 985 hujus-

1233 998 1321 1027 modi
1341 998 1466 1028 scelera
1484 1002 1728 1036 perpetrarent,
1747 1002 1777 1028 et
1800 998 2010 1036 posteritates
2030 1007 2142 1028 eorum
2162 1008 2243 1037 que-

1233 1051 1308 1080 dam
1331 1051 1396 1080 alia
1417 1055 1539 1080 statuta
1560 1051 1663 1081 edidit
1688 1051 1828 1081 honesta
1851 1055 1881 1081 et
1902 1051 1970 1089 juri
1995 1060 2152 1088 consona,
2179 1061 2242 1090 quc

1233 1103 1443 1133 reddundant
1463 1104 1498 1132 in
1522 1108 1737 1141 augmentum
1760 1104 1983 1134 ecclesiastice
2004 1104 2183 1139 libertatis,
2203 1105 2243 1134 ad

1234 1166 1373 1196 quorum
1401 1157 1667 1187 observationem
1694 1157 1878 1195 episcopus,
1903 1157 2100 1195 capitulum,
2125 1158 2243 1196 prelati

1234 1214 1265 1240 et
1286 1210 1398 1239 clerici
1416 1210 1555 1248 predicti
1575 1219 1609 1240 se
1635 1210 1863 1240 astrinxerunt
1886 1210 2022 1248 prestito
2041 1211 2241 1249 juramento.

1276 1276 1288 1289 n
1306 1264 1430 1293 Verum
1453 1263 1622 1300 magister,
1644 1263 1797 1292 consules
1821 1267 1851 1293 et
1874 1263 2093 1293 communitas
2114 1264 2244 1301 Argen-

1234 1316 1382 1345 tinenses
1412 1325 1448 1345 ac
1478 1315 1630 1345 nonnulli
1661 1315 1789 1345 nobiles
1819 1320 1850 1345 et
1875 1316 2032 1345 mulieres
2064 1316 2243 1346 earundem

1234 1368 1379 1397 civitatis
1402 1372 1432 1397 et
1451 1368 1592 1397 diocesis
1614 1372 1728 1397 contra
1748 1368 1879 1397 eosdem
1896 1367 2038 1406 prelatos
2057 1372 2086 1397 ct
2106 1368 2243 1398 clericos

1232 1424 1365 1459 propter
1386 1420 1447 1450 hoc
1471 1420 1719 1458 conspirantes,
1744 1429 1798 1449 eos
1817 1429 1874 1458 per
1892 1420 2077 1458 captionem
2096 1425 2127 1450 et
2146 1429 2242 1450 occu—

1232 1473 1400 1511 pationem
1426 1473 1587 1502 bonorum
1614 1482 1749 1502 suorum
1779 1473 1820 1502 ad
1847 1473 2097 1510 infringendum
2124 1473 2243 1512 hujus-

1233 1526 1322 1555 modi
1352 1530 1476 1555 statuta
1505 1526 1657 1555 nituntur
1688 1525 1899 1563 compellere,
1933 1526 1966 1554 in
1997 1526 2244 1563 derogationem

1235 1579 1460 1609 ecclesiastice
1480 1578 1656 1613 libertatis,
1677 1587 1713 1607 ac
1733 1578 1889 1616 episcopi,
1910 1578 2110 1616 prelatorum
2128 1582 2158 1608 et
2177 1578 2244 1608 cle-

1234 1632 1378 1661 ricorum
1409 1631 1631 1669 predictorum
1664 1639 1728 1660 non
1765 1631 1931 1660 modicum
1962 1631 2180 1669 prejudicium
2213 1635 2243 1660 et

1235 1691 1424 1721 gravamen.

1277 1748 1289 1761 >>
1315 1736 1423 1772 Quare
1447 1735 1620 1774 episcopus
1647 1740 1677 1765 et
1704 1735 1905 1773 capitulum,
1932 1735 2048 1773 prelati
2074 1739 2101 1764 et
2132 1735 2245 1764 clerici

1233 1788 1373 1826 predicti
1404 1787 1499 1817 nobis
1528 1787 1702 1817 humiliter
1732 1787 1978 1825 supplicarunt,
2010 1792 2045 1816 ut
2072 1787 2244 1825 providere

1234 1840 1317 1879 ipsis
1335 1849 1434 1878 super
1456 1840 1516 1869 hoc
1533 1844 1670 1878 paterna
1688 1839 1913 1869 sollicitudine
1935 1848 2138 1869 curaremus.
2157 1839 2245 1876 Quo—

1234 1894 1321 1924 circa
1338 1893 1533 1923 mandamus
1551 1893 1725 1932 quatinus,
1744 1893 1773 1922 si
1791 1896 1839 1922 est
1858 1893 1915 1927 ita,
1934 1893 2146 1930 magistrum,
2167 1902 2245 1922 con-

1234 1947 1335 1981 sules,
1356 1946 1620 1982 universitatem,
1635 1945 1763 1975 nobiles
1778 1949 1809 1974 et
1826 1944 1950 1975 milites
1964 1945 2140 1983 predictos,
2160 1946 2246 1983 quod

1234 2000 1274 2030 ab
1291 2000 1439 2038 ipsorum
1455 1999 1590 2038 injuriis
1605 1998 1786 2037 superbiis
1798 1998 1933 2028 omnino
1947 1998 2120 2033 desistant,
2137 1998 2246 2028 moni-

1234 2052 1324 2082 tione
1340 2051 1514 2091 premissa,
1535 2060 1593 2090 per
1614 2051 1967 2081 excommunicationis
1983 2051 2018 2080 in
2036 2060 2194 2089 personas
2214 2055 2244 2081 et

1235 2105 1271 2135 in
1294 2108 1398 2135 terras
1416 2113 1529 2134 eorum
1551 2103 1722 2133 interdicti
1739 2103 1934 2137 sententias,
1953 2103 2174 2141 appellatione
2190 2112 2243 2133 rc-

1234 2163 1333 2193 mota,
1354 2157 1570 2196 compellens,
1594 2157 1777 2187 sententias
1800 2156 1890 2194 ipsas
1912 2165 2017 2194 usque
2034 2156 2075 2185 ad
2091 2156 2244 2185 satisfac-

1234 2212 1359 2242 tionem
1371 2211 1568 2249 condignam
1581 2209 1724 2247 singulis
1736 2209 1853 2239 diebus
1866 2209 2042 2239 dominicis
2055 2213 2085 2238 et
2101 2208 2241 2243 festivis,

1234 2263 1375 2303 pulsatis
1390 2263 1559 2300 campanis
1575 2266 1605 2292 et
1619 2261 1766 2292 candelis
1781 2261 1941 2296 accensis,
1958 2261 2089 2300 publice
2106 2261 2246 2291 nuncies

1235 2321 1266 2347 et
1288 2316 1392 2346 facias
1416 2315 1455 2345 ab
1475 2315 1550 2345 aliis
1571 2324 1629 2353 per
1651 2314 1763 2344 onmia
1784 2314 1870 2349 loca,
1896 2314 1930 2343 in
1949 2313 2070 2352 quibus
2094 2313 2247 2351 expedire

1233 2369 1370 2405 videris,
1389 2367 1554 2398 nunciari.
1572 2368 1645 2397 Non
1664 2366 1873 2397 obstantibus
1891 2367 1919 2396 si
1935 2366 2080 2404 predicte
2099 2374 2246 2395 commu-

1235 2421 1333 2451 nitati
1347 2421 1398 2451 vel
1412 2420 1579 2459 aliquibus
1592 2419 1667 2449 aliis
1681 2428 1698 2448 a
1711 2419 1793 2449 Sede
1811 2418 1990 2456 apostolica
2007 2418 2049 2447 sit
2066 2417 2244 2452 indultum,

1235 2474 1322 2514 quod
1338 2477 1429 2504 extra
1445 2482 1539 2503 suam
1556 2473 1723 2502 civitatem
1742 2471 1792 2501 vcl
1809 2471 1967 2501 diocesim
1987 2470 2071 2500 trabi
2089 2479 2154 2499 non
2171 2479 2247 2508 pos-

1235 2528 1302 2557 sint
1320 2527 1355 2556 in
1372 2535 1505 2556 causam
1523 2535 1581 2564 per
1597 2525 1725 2555 litteras
1744 2524 1958 2563 apostolicas,
1977 2533 2039 2562 que
2058 2523 2096 2553 de
2118 2522 2247 2552 indulto

1234 2580 1425 2620 hujusmodi
1449 2579 1581 2618 plenam
1602 2583 1633 2609 et
1657 2586 1845 2616 expressam
1865 2586 1930 2606 non
1947 2576 2087 2606 fecerint
2105 2575 2247 2605 mentio-

1234 2643 1321 2669 nem,
1338 2638 1368 2663 ct
1383 2632 1619 2662 constitutione
1637 2631 1675 2661 de
1692 2631 1820 2660 duabus
1836 2630 1934 2659 dictis
1950 2629 2037 2659 edita
2053 2628 2087 2657 in
2104 2627 2246 2657 concilio

1235 2686 1394 2725 generali.
1413 2687 1486 2715 Dat.
1504 2684 1668 2722 lhmgnic,
1685 2685 1733 2714 III
1751 2683 1825 2712 idus
1839 2682 1938 2721 junii,
1958 2690 2044 2711 anno
2057 2680 2211 2710 secundo.
2230 2691 2244 2706 n

1311 2844 1423 2872 1351
1825 2840 1950 2874 Anagni,
1970 2839 2076 2873 leuin
2099 2838 2171 2864 125ss.

1272 2906 1429 2933 Confirmat
1449 2910 1556 2933 statuta.
1579 2905 1708 2940 episcopi
1726 2902 1953 2938 Argentinensis
1975 2905 2073 2927 contra
2091 2900 2169 2925 cives
2188 2899 2245 2924 Ar-
