2441 3330
157 203 214 232 164

156 279 169 294 n

157 332 169 346 ))

157 385 169 399 ))

157 438 169 451 ))

156 491 168 504 ))

155 542 168 557 n

155 595 167 609 Ὠ

156 648 168 661 l)

156 700 168 714 ))

156 753 167 766 ))

156 806 168 819 ))

156 859 168 872 D

150 904 168 924 ’1)

155 964 167 978 l)

155 1017 167 1031 ))

155 1071 167 1084 ))

155 1123 168 1137 ὶ)

154 1176 168 1190 ))

154 1228 166 1242 7)

154 1282 166 1295 l)

153 1334 166 1348 ))

154 1387 166 1401 ))

153 1439 165 1453 t)

154 1492 166 1506 ))

154 1546 165 1559 ))

153 1598 165 1612 ))

153 1651 165 1665 ))

152 1704 164 1717 ))

152 1755 164 1770 »

152 1809 165 1822 ))

152 1862 164 1876 ))

152 1916 164 1929 ))

151 1968 164 1981 Ἰ)

152 2020 164 2034 »

153 2073 164 2087 D

151 2126 164 2140 7)

151 2179 164 2193 ‘t

151 2285 164 2299 )>

151 2339 164 2352 ))

151 2391 164 2405 ))

152 2444 164 2458 ))

152 2496 164 2510 >t

151 2549 164 2563 ))

151 2602 164 2616 ὶ)

151 2654 164 2668 1)

151 2706 164 2721 ))

151 2759 164 2774 D

116 2811 163 2828 ,”))

151 2865 164 2880 ))

195 267 290 306 quasi
307 267 342 296 in
364 266 578 296 solitudinem
598 271 646 297 est
666 276 842 303 conversa,
862 272 892 297 et
909 267 1082 306 episcopus
1099 266 1167 305 pri-

194 324 290 349 vatur
322 319 460 350 decimis
493 323 523 350 et
553 320 738 350 redditibus
767 321 950 355 consuetis,
981 319 1059 349 licet
1088 319 1168 349 dicti

195 372 347 402 homines
367 381 424 411 per
440 372 628 411 episcopum
647 373 699 403 vel
718 373 945 403 senescalcum
959 381 1056 402 suum
1075 372 1167 402 citati

196 434 260 454 non
278 425 422 455 fuissent
437 429 471 455 ut
487 425 573 455 irent
586 426 618 455 in
637 427 815 456 exercitum
833 426 964 456 comitis
980 425 1165 461 memorati,

195 487 253 507 nec
264 478 342 507 dicti
353 478 526 517 episcopus
539 484 569 509 et
586 479 796 509 senescalcus
812 488 893 509 suus
909 479 1051 509 fuissent
1068 488 1168 517 super

194 531 255 561 hoc
285 531 460 570 requisiti,
496 541 555 561 nec
584 532 692 561 dictus
719 541 829 562 comes
858 532 978 562 habeat
1003 532 1058 571 jus
1089 531 1167 562 talia

194 583 350 612 faciendi.
368 601 407 605 —-
423 584 518 615 Unde
533 584 615 622 petit
631 585 716 613 idem
732 585 906 622 episcopus
920 584 1065 613 bannum
1081 583 1167 623 quod

192 636 315 665 sactum
334 640 382 665 est
398 637 564 666 Nannetis
585 646 642 675 per
664 637 788 667 dictum
809 638 976 667 Ilerveum
999 637 1168 667 Gratcmet

194 688 394 718 servientem
421 689 551 719 comitis
576 690 750 719 debanniri
778 694 806 719 et
833 689 991 728 quicquid
1016 694 1167 719 secutum

193 745 241 770 est
265 750 301 771 ex
324 750 361 770 eo
378 741 428 771 rel
448 741 488 771 oh
506 741 539 770 id
555 751 702 777 cassum,
721 750 842 771 vanum
862 746 893 771 et
908 741 990 772 utile
1006 741 1164 780 reputari,

194 802 268 823 cum
285 794 323 823 (le
342 794 416 832 jure
437 799 523 824 stare
545 804 609 824 non
631 795 751 833 possit,
771 804 843 825 cum
862 804 921 825 nec
943 795 1089 824 bannum
1108 803 1167 824 nec

195 851 354 876 statutum
370 847 473 885 possit
487 847 557 877 fieri
577 848 609 876 in
627 847 760 878 civitate
776 848 984 878 Nannetensi
1001 848 1073 878 sine
1093 856 1166 878 con-

195 908 295 929 sensu
319 892 463 938 episcopi
488 900 726 930 Nannetensis.
747 900 831 930 Petit
852 901 952 931 etiam
974 900 1060 930 idem
1078 900 1166 938 epis-

193 961 293 990 copus
317 952 403 991 quod
429 962 537 983 comes
563 961 628 983 non
652 953 825 992 compellat
848 954 1000 984 homines
1018 962 1096 984 suos
1114 953 1164 984 vel

193 1005 412 1035 vassallorum
436 1015 588 1040 suorum,
612 1016 676 1045 quo
698 1007 759 1046 (sic)
782 1016 953 1046 nunquam
973 1007 1105 1037 iverunt
1130 1007 1164 1037 in

193 1059 373 1089 exercitum
391 1059 532 1094 comitis.
546 1060 595 1089 ire
609 1060 642 1089 in
660 1061 839 1090 exercitum
857 1070 965 1095 suum,
984 1069 1043 1090 nec
1060 1060 1100 1090 al)
1117 1061 1165 1090 eis

194 1111 320 1150 aliquid
333 1116 503 1151 extorquat
518 1112 567 1141 vel
583 1113 770 1151 extorqueri
784 1113 883 1143 saciat
896 1113 924 1142 si
938 1113 972 1142 in
984 1113 1164 1143 exercitum

193 1173 290 1193 suum
311 1173 374 1193 non
395 1164 538 1194 iverunt.
558 1166 595 1194 Et
615 1165 700 1204 quod
717 1166 823 1195 eidem
841 1166 952 1195 comiti
970 1174 1034 1195 non
1052 1166 1094 1195 sit
1109 1167 1164 1205 jtis

192 1217 271 1246 talia
296 1217 455 1246 faciendi.
478 1222 507 1247 et
530 1218 616 1256 quod
637 1219 675 1247 ad
699 1218 822 1248 dietum
844 1219 997 1249 comitem
1018 1219 1165 1257 predicta

193 1278 257 1299 non
281 1270 485 1307 pertineant,
511 1271 593 1308 petit
617 1280 675 1309 per
698 1271 897 1301 sententiam
920 1271 1101 1306 declarari,
1127 1281 1164 1302 ac

191 1322 297 1351 eidem
322 1322 433 1351 comiti
458 1322 509 1352 vel
535 1324 827 1361 procuratorisuo
853 1334 891 1354 ex
917 1325 1025 1354 officio
1054 1330 1163 1355 vestro

192 1375 331 1404 firmiter
346 1374 504 1409 inhiberi,
519 1376 606 1414 quod
622 1376 660 1406 de
677 1380 785 1407 cetero
803 1376 881 1407 talia
899 1386 965 1407 non
981 1382 1159 1416 presumat.

192 1427 278 1457 Petit
295 1427 392 1457 etiam
411 1428 497 1457 idem
513 1428 686 1467 episcopus
703 1429 768 1459 sihi
783 1430 939 1459 satisfieri
955 1431 994 1460 de
1011 1430 1163 1469 dampnis

192 1485 223 1510 et
246 1480 381 1519 injuriis
405 1481 469 1510 sibi
489 1486 520 1511 et
537 1481 676 1512 ecclesie
693 1491 751 1512 sue
768 1482 887 1518 illatis,
906 1493 943 1513 eo
960 1484 1046 1522 quod
1063 1483 1163 1514 satel-

191 1533 266 1563 lites
284 1534 430 1572 ejusdem
447 1534 588 1570 comitis.
605 1534 644 1565 de
656 1535 810 1565 mamiato
822 1536 929 1574 ipsius
942 1536 991 1566 vel
1005 1545 1042 1566 eo
1053 1541 1164 1566 ratum

191 1586 344 1621 habente,
371 1591 491 1616 terram
519 1587 658 1617 ecclesie
686 1592 716 1617 et
733 1588 878 1627 episcopi
895 1589 1163 1619 Nannetensium
1198 1601 1199 1609 ¹

192 1639 354 1669 violenter
372 1640 597 1674 intraverunt,
616 1640 824 1679 depredando
844 1641 997 1672 homines
1015 1646 1046 1672 et
1063 1651 1162 1681 quos-

191 1691 265 1721 dam
281 1692 407 1722 carceri
423 1693 658 1730 mancipando,
677 1702 775 1732 quam
792 1694 949 1733 injuriam
969 1694 1071 1724 nollet
1088 1704 1162 1725 sus-

191 1744 333 1774 tinuisse
357 1753 413 1783 pro
441 1745 532 1775 mille
561 1745 656 1775 libris
681 1747 911 1776 turonensium
939 1751 970 1777 et
997 1746 1099 1782 ultra,
1127 1747 1161 1777 in

190 1797 312 1835 quilius
332 1797 410 1835 petit
429 1797 552 1827 dictum
569 1799 722 1829 comitem
738 1808 796 1837 per
813 1808 870 1829 vos
887 1799 993 1830 eidem
1010 1800 1163 1839 episcopo

190 1850 436 1881 sententialiter
453 1851 700 1890 condempnari.
726 1853 813 1883 Petit
833 1853 932 1883 etiam
948 1853 1052 1883 dictas
1071 1853 1162 1884 mille

189 1903 292 1933 libras
311 1912 368 1941 per
385 1903 506 1933 dictum
525 1904 678 1935 comitem
690 1904 742 1935 vel
758 1905 919 1935 satellites
937 1915 1014 1936 suos
1031 1915 1049 1936 a
1065 1907 1162 1937 dictis

189 1955 383 1985 hominihus
410 1956 481 1986 suis
502 1960 664 1993 extortas,
686 1957 750 1986 sibi
772 1962 940 1997 tamquam
956 1959 1162 1997 procuratori

190 2008 352 2037 dictorum
377 2008 551 2038 hominum
574 2008 624 2039 vel
645 2009 743 2039 (lictis
764 2010 956 2041 hominihus
977 2011 1069 2041 reddi
1093 2012 1162 2042 sive

190 2061 323 2091 restitui
337 2070 354 2090 a
371 2061 489 2092 comite
504 2062 692 2100 supradicto
712 2066 742 2092 et
759 2063 911 2101 dampnis
925 2064 1082 2094 satisfieri
1099 2073 1163 2103 que

188 2118 320 2153 propter
336 2114 397 2144 hoc
413 2114 492 2144 dicti
509 2114 661 2145 homines
678 2115 903 2147 incurrerunt.
923 2126 986 2156 que
1002 2117 1163 2147 extimant

190 2167 229 2197 ad
246 2176 409 2197 summam
426 2171 559 2197 centum
575 2176 762 2198 marcarum
780 2169 918 2207 argenti.

191 2232 204 2246 ›>
221 2221 302 2249 Item
317 2220 397 2249 dicit
412 2219 498 2249 idem
513 2220 687 2259 episcopus
697 2225 811 2251 contra
820 2222 984 2260 prefatum
994 2223 1159 2259 comitem,

188 2273 289 2312 quod,
313 2273 390 2302 lieet
409 2273 515 2303 eidem
537 2274 649 2303 comiti
673 2275 848 2305 Britannie
869 2284 933 2305 non
958 2276 1002 2306 sit
1018 2277 1073 2315 Jus
1091 2277 1162 2307 vio-

188 2326 295 2356 lenter
311 2326 457 2355 intrandi
480 2330 599 2356 terram
617 2327 756 2357 ecclesie
772 2329 999 2359 Naunetensis
1015 2328 1067 2359 vel
1084 2329 1162 2359 mit-

188 2379 279 2409 tendi
299 2379 483 2409 servientes
498 2388 575 2409 suos
591 2380 626 2409 in
644 2385 764 2410 terram
780 2381 960 2419 predictam
978 2382 1018 2412 ad
1034 2382 1162 2422 aliquid

190 2431 402 2469 capiendum,
424 2432 574 2462 llerveus
591 2436 700 2462 tamen
719 2433 887 2463 Gratemet
904 2437 935 2464 et
951 2434 1087 2473 quidam
1103 2435 1162 2464 alii

189 2484 373 2515 servientes
391 2484 537 2522 ejusdem
555 2485 686 2515 comitis
700 2486 862 2517 violenter
875 2487 1085 2517 intraverunt
1101 2492 1162 2518 ter-

190 2546 260 2567 ram
279 2536 419 2566 ecclesie
435 2537 674 2573 Nannetensis‚
688 2538 726 2568 de
740 2539 894 2569 mandato
911 2540 1018 2578 ipsius
1030 2541 1161 2571 comitis

190 2589 241 2620 vel
258 2598 295 2619 eo
311 2593 419 2618 ratum
438 2588 591 2625 habente,
611 2594 642 2620 et
659 2595 817 2629 ceperunt
832 2591 943 2628 hoves
958 2596 1113 2631 etequ0s‚
1129 2596 1161 2623 et

190 2641 369 2680 quadrigas
386 2649 467 2679 quos
492 2641 693 2672 invenerunt
715 2643 750 2672 in
772 2643 857 2674 dicta
877 2648 964 2674 terra
982 2645 1022 2674 ad
1037 2645 1161 2676 ducen-

189 2694 267 2723 dum
283 2693 457 2723 machinas
476 2694 623 2733 ejusdem
647 2696 778 2725 comitis
794 2697 828 2726 in
851 2697 1031 2728 exercitum
1049 2707 1158 2735 suum,

190 2755 289 2786 quam
312 2746 435 2776 fecerat
457 2747 543 2785 apud
563 2745 712 2786 Hylieric
732 2749 767 2778 in
789 2750 1009 2788 prejudicium
1030 2755 1062 2781 et
1085 2760 1160 2789 gra-

188 2808 307 2830 vamen
331 2803 361 2828 et
392 2799 549 2838 injuriam
576 2801 721 2839 episcopi
744 2806 775 2831 et
799 2802 938 2833 ecclesie
965 2803 1160 2834 Nanneten-

190 2853 286 2882 sium.
319 2869 359 2872 —
385 2851 481 2882 Unde
510 2853 591 2890 petit
618 2853 705 2883 idem
733 2854 907 2893 episcopus
931 2856 1159 2887 Nannetensis

1252 277 1265 292 ))

1253 331 1266 345 ))

1253 384 1265 398 >)

1252 438 1265 452 ))

1253 490 1265 505 b

1252 544 1264 558 >³

1252 597 1264 611 ³)

1252 650 1265 663 )>

1251 702 1265 716 7)

1251 755 1264 770 Β

1252 809 1264 823 D

1263 836 1270 843 =

1251 861 1264 876 Υ)

1251 914 1263 928 ))

1250 968 1263 982 Ἠ

1251 1020 1263 1034 ²)

1250 1073 1263 1088 ))

1250 1126 1262 1140 ))

1245 2763 1258 2778 ὅ

1244 2869 1257 2884 ὅ

884 200 1125 232 REGISTRES
1147 200 1454 232 D'ALEXANDRE
1478 202 1533 232 IV.

1291 266 1378 305 quod
1401 276 1510 298 comes
1536 269 1712 299 Britannie
1735 269 1786 300 vel
1813 270 1997 300 servientes
2024 270 2078 301 sui
2102 270 2265 302 violenter

1291 328 1355 349 non
1368 320 1493 351 intrent
1511 327 1631 352 terram
1645 319 1794 361 episcopi
1802 327 1831 353 et
1844 322 1982 354 ecclesie
1996 324 2263 355 Nannetensium

1291 373 1331 402 ad
1349 374 1545 412 capiendum
1568 375 1695 414 aliquid
1717 376 1751 405 in
1773 376 1898 406 eadem.
1924 377 2011 407 Petit
2033 377 2132 407 etiam
2155 377 2263 408 eidem

1291 427 1402 456 comiti
1428 427 1479 457 vel
1503 429 1708 467 procuratori
1733 439 1793 460 suo
1816 439 1852 460 ex
1875 430 1983 460 officio
1998 434 2108 461 vestro
2123 431 2264 462 firmiter

1290 479 1452 514 inhiberi.
1473 489 1513 511 ne
1535 482 1691 520 deinceps
1709 482 1787 512 talia
1803 482 1900 512 saciat
1921 491 1996 513 curn
2017 491 2082 513 non
2099 483 2142 513 sit
2158 483 2188 513 ei
2206 483 2263 523 jus

1290 532 1369 562 talia
1393 533 1553 570 faciendi,
1579 539 1609 565 et
1631 535 1717 574 quod
1741 544 1807 566 non
1830 535 1873 565 sit
1891 536 1947 575 jus
1969 536 2080 566 comiti
2097 536 2264 567 Brittanie

1291 584 1369 615 talia
1379 586 1534 622 faciendi,
1544 590 1574 617 et
1584 588 1718 626 quodad
1727 588 1868 618 eundem
1877 589 2030 619 comitem
2037 589 2184 627 predicta
2196 597 2263 620 non

1289 638 1489 676 pertineant,
1505 639 1654 678 petitper
1663 641 1862 671 sententiam
1874 640 2048 671 declarari.
2064 641 2152 671 Petit
2163 641 2264 672 etiam

1290 690 1376 720 idem
1400 692 1574 730 episcopus
1591 692 1656 722 sihi
1679 693 1836 723 satisfieri
1856 702 1874 723 a
1890 693 2009 723 comite
2024 697 2206 724 memorato
2223 694 2265 725 de

1291 743 1413 783 injuria
1431 744 1495 774 sihi
1515 750 1546 775 et
1563 745 1702 776 ecclesie
1719 755 1778 776 sue
1794 746 1904 782 illata,
1923 755 1960 777 eo
1976 747 2062 786 quod
2079 747 2264 778 servientes

1290 797 1436 836 ejusdem
1465 798 1608 834 comitis,
1630 799 1669 828 de
1699 799 1856 829 mandato
1882 799 1990 837 ipsius
2014 798 2067 830 vel
2091 808 2129 830 eo
2153 802 2265 832 ratum

1289 849 1449 886 habente,
1472 854 1591 881 terram
1616 851 1762 890 episcopi
1781 855 1811 882 et
1836 851 1975 882 ecclesie
1995 851 2263 883 Nannetensium

1290 902 1451 933 violenter
1467 903 1677 934 intraverunt
1695 904 1735 934 ad
1753 904 1951 943 capiendum
1970 904 2088 940 hoves,
2109 913 2211 944 equos
2230 908 2264 936 et-

1289 956 1467 994 quadrigas
1489 957 1526 986 ad
1549 957 1736 987 ducendum
1758 957 1931 988 machinas
1957 958 2105 997 ejusdem
2130 958 2262 989 comitis

1288 1008 1323 1038 in
1337 1009 1518 1039 exercitum
1533 1018 1641 1044 suum,
1655 1019 1753 1048 quam
1766 1010 1923 1049 injuriam
1941 1010 2043 1040 nollet
2058 1010 2262 1042 sustinuisse

1288 1061 1373 1091 idem
1403 1062 1576 1100 episcopus
1601 1072 1660 1101 pro
1680 1067 1813 1093 centum
1833 1062 1930 1093 libris
1953 1063 2202 1094 turonensium.
2224 1063 2261 1094 in

1288 1123 1370 1153 quas
1402 1114 1482 1152 petit
1520 1115 1702 1153 predictum
1736 1116 1888 1145 comitem
1921 1115 1985 1145 sibi
2015 1115 2262 1146 sententialiter

1287 1167 1535 1206 condempnari.
1562 1168 1650 1198 Petit
1673 1169 1773 1199 etiam
1794 1169 1951 1208 dampna,
1975 1174 2011 1199 ut
2032 1169 2260 1208 supradictum

1288 1224 1354 1256 est,
1372 1229 1435 1259 que
1452 1220 1531 1251 dicti
1548 1220 1701 1251 homines
1718 1225 1850 1260 propter
1865 1221 1927 1252 hoc
1945 1222 2176 1258 incurrerunt,
2194 1230 2260 1261 que

1287 1273 1423 1303 extimat
1439 1273 1684 1312 quinquaginta
1702 1273 1806 1304 libras
1823 1274 2067 1305 turonensium.

1290 1326 1402 1356 »Dicit
1416 1326 1514 1356 etiam
1530 1326 1615 1355 idem
1626 1326 1799 1365 episcopus
1812 1331 1926 1357 contra
1940 1327 2082 1357 eundem
2092 1327 2259 1364 comitem,

1287 1379 1389 1418 quod,
1417 1388 1490 1410 cum
1512 1379 1652 1409 ecclesia
1673 1380 1901 1410 Nannetensis
1923 1380 1958 1410 in
1978 1380 2190 1419 possessione
2207 1380 2262 1413 vel

1287 1432 1382 1471 quasi
1404 1432 1503 1462 fuerit
1519 1431 1664 1462 habendi
1688 1432 1847 1463 hai-ellam
1866 1432 1904 1463 de
1919 1432 2112 1464 hominihus
2128 1433 2260 1465 comitis

1287 1484 1473 1519 Britannie‚
1487 1484 1575 1515 idem
1591 1493 1711 1521 comes,
1730 1494 1830 1524 super
1847 1485 1909 1515 hoc
1925 1485 2120 1525 requisitus,
2137 1485 2261 1519 dictam

1285 1537 1447 1567 hai-ellam
1461 1537 1613 1576 episcopo
1630 1538 1839 1568 Nannetensi
1855 1538 1991 1569 reddere
2005 1538 2192 1577 denegavit,
2211 1538 2262 1570 sic

1286 1590 1433 1629 spolians
1443 1589 1617 1620 ecclesiam
1625 1591 1875 1621 Nannetensem
1886 1591 2155 1629 possessionevel
2163 1591 2262 1631 quasi

1286 1643 1371 1673 dicte
1392 1642 1518 1673 harelle
1538 1643 1573 1672 in
1599 1643 1821 1682 prejudicium
1843 1647 1874 1673 et
1899 1652 2077 1682 gravamen
2097 1644 2261 1675 dictorum

1286 1695 1431 1733 episcopi
1455 1699 1485 1725 et
1511 1690 1650 1725 ecclesie
1674 1696 1954 1726 Nannetensium.
1983 1714 2023 1718 —
2043 1697 2152 1733 Quare
2177 1696 2262 1736 petit

1285 1748 1375 1778 idem
1390 1748 1564 1786 episcopus
1581 1756 1615 1778 se
1633 1752 1664 1778 et
1680 1748 1853 1778 ecclesiam
1866 1757 1960 1779 suam
1976 1748 2110 1779 restitui
2128 1748 2169 1779 ad
2182 1757 2261 1788 pos-

1286 1801 1469 1831 sessionem
1489 1800 1540 1831 vel
1562 1801 1658 1839 quasi
1681 1800 1767 1831 dicte
1785 1800 1928 1837 harelle,
1951 1805 1981 1831 et
2002 1801 2064 1831 hoc
2083 1801 2166 1840 petit
2183 1809 2260 1832 cum

1286 1853 1438 1892 dampnis
1468 1857 1499 1884 et
1527 1853 1691 1884 interesse
1722 1863 1785 1892 que
1815 1854 1950 1884 extimat
1973 1858 2106 1884 centum
2129 1862 2259 1884 marcas

1285 1907 1426 1944 argenti,
1444 1906 1479 1936 in
1497 1915 1578 1945 quas
1597 1907 1678 1944 petit
1697 1906 1821 1937 dictum
1838 1906 1992 1937 comitem
2009 1906 2257 1946 condempnari.

1287 1971 1300 1986 n
1318 1961 1402 1990 Item
1419 1959 1499 1989 dicit
1517 1959 1604 1990 idem
1621 1960 1795 1998 episcopus
1811 1963 1925 1990 contra
1946 1959 2088 1990 eundem
2103 1960 2259 1991 comitem

1285 2012 1371 2051 quod
1386 2011 1465 2042 licet
1476 2012 1587 2042 comiti
1600 2012 1775 2042 Britannie
1791 2021 1857 2042 non
1870 2012 1913 2042 sit
1925 2013 1992 2052 jus,
2010 2007 2151 2043 ecclesia
2164 2013 2260 2043 Nan-

1285 2065 1416 2095 netensi
1434 2069 1589 2101 vacante,
1611 2065 1805 2104 imponendi
1821 2064 1873 2095 vel
1889 2065 2035 2095 faciendi
2052 2065 2179 2104 imponi
2194 2065 2259 2096 tal-

1284 2117 1358 2153 lias,
1377 2121 1433 2147 aut
1449 2126 1598 2153 munera,
1617 2127 1675 2148 seu
1695 2112 1883 2148 exactiones
1898 2126 2107 2157 quocumque
2123 2117 2259 2148 nomine

1284 2174 1484 2201 censeantur
1509 2170 1703 2201 hominibus
1736 2171 1884 2210 ejusdem
1913 2170 2073 2207 ecclesie,
2098 2175 2196 2210 prout
2221 2171 2258 2206 in

1285 2224 1451 2254 sententia
1474 2232 1492 2253 a
1515 2223 1600 2254 hone
1625 2224 1783 2254 memorie
1806 2224 1857 2258 O.,
1882 2223 2060 2254 Portuensi
2083 2223 2256 2262 episcopo,

1285 2277 1323 2306 de
1343 2276 1497 2306 mandato
1521 2276 1657 2314 speciali
1681 2277 1807 2307 domini
1829 2285 1912 2315 pape
1930 2276 2014 2312 lata,
2040 2280 2090 2307 est
2108 2276 2256 2316 apertius

1285 2329 1505 2365 declaratum,
1528 2329 1650 2359 nobilis
1672 2333 1782 2360 tamen
1798 2330 1850 2359 vir
1867 2329 2040 2360 ,Iohannes
2056 2338 2166 2360 comes
2181 2329 2259 2360 Bri-

1284 2383 1397 2414 tannie
1416 2383 1450 2412 in
1467 2383 1638 2413 vacatione
1655 2383 1883 2413 Nannetensis
1901 2382 2040 2413 ecclesie
2056 2386 2130 2421 post
2147 2387 2259 2414 trans·
2308 2419 2310 2421 ,

1282 2435 1441 2466 lationem
1462 2436 1598 2466 Roberti
1619 2436 1847 2466 Nannetensis
1865 2436 2011 2474 episcopi
2027 2435 2068 2466 ad
2083 2435 2259 2482 ecclesiam

1282 2488 1606 2524 Jerosolimitanam‚
1624 2488 1767 2518 talliavit
1784 2488 1837 2518 vel
1858 2488 1982 2519 talliari
2003 2488 2084 2519 fecit
2104 2488 2259 2520 homines

1283 2541 1431 2580 ejusdem
1445 2541 1595 2576 ecclesie,
1612 2544 1643 2571 et
1657 2541 1697 2571 ab
1714 2541 1840 2571 eisdem
1855 2541 1993 2572 extorsit
2003 2541 2055 2571 vel
2069 2541 2259 2580 extorqueri

1282 2593 1362 2624 fecit
1376 2593 1466 2624 mille
1479 2593 1679 2632 quingentas
1693 2593 1797 2624 libras
1810 2593 1975 2624 currentis
1985 2597 2117 2624 monete
2132 2593 2168 2623 in
2182 2601 2258 2632 pre-

1280 2646 1444 2685 judicium
1466 2650 1497 2676 et
1515 2655 1692 2684 gravamen
1707 2651 1738 2677 et
1753 2647 1913 2686 injuriam
1932 2646 2157 2685 predictorum
2169 2646 2259 2685 epis-

1283 2699 1355 2737 copi
1369 2703 1400 2729 et
1413 2698 1552 2730 ecclesie
1565 2699 1845 2730 Nannetensium.
1865 2699 1962 2731 Unde
1975 2699 2058 2738 petit
2068 2698 2158 2730 idem
2173 2698 2257 2738 epis-

1283 2760 1383 2790 copus
1419 2752 1523 2782 dictas
1556 2751 1649 2782 mille
1681 2752 1884 2791 quingentas
1912 2752 2017 2782 libras
2045 2760 2104 2790 per
2131 2751 2258 2782 dictum

1283 2805 1437 2835 comitem
1453 2805 1504 2836 vel
1520 2805 1682 2836 satellites
1703 2815 1801 2842 suos,
1821 2814 1839 2836 a
1854 2805 1952 2836 dictis
1971 2805 2166 2836 hominibus
2185 2804 2257 2836 suis

1283 2861 1444 2894 extortas,
1464 2857 1529 2889 sihi
1550 2862 1719 2898 tamquam
1740 2857 1947 2898 procuratori
1964 2857 2128 2888 dictorum
2146 2856 2258 2888 homi-
