2498 3325
976 210 1199 248 PREMIERE
1222 217 1380 247 ΑΝΝΕΕ.
2165 223 2222 253 255

132 285 160 306 et
184 282 210 307 in
234 281 355 307 ecclesia
376 283 514 308 saeculari
533 291 556 309 s,
581 283 690 309 Asterii
715 283 964 317 petragoricensis
980 283 1106 310 diocesis
1123 291 1138 308 a

132 335 247 355 cantore
268 330 482 356 Albaterrensis
502 331 641 357 ecclesiae
664 332 825 366 provisum,
843 333 944 359 abbate
961 337 988 358 et
1012 332 1137 366 capitulo

133 386 155 403 s.
179 378 286 404 Astcrii
308 378 421 411 invitis,
450 379 483 404 de
511 380 672 413 provisione
694 381 804 408 evellat.
833 380 913 411 (Res.
940 381 991 413 ε34,
1016 389 1042 407 c.
1068 379 1135 412 678,

133 426 152 453 f.
175 427 245 459 100.)

174 546 186 560 «
214 557 250 569 ..,
281 535 499 564 archidiacono
528 537 561 565 de
589 538 710 570 Blavia,
740 538 972 574 Burdeyalensis
1001 538 1135 567 diocesis.

133 587 285 616 Porrecta
306 587 400 617 nobis
420 597 456 617 ex
473 594 563 626 parte
581 588 775 618 dilectorum
792 589 936 619 filiorum
956 613 987 625 ..‚
1009 590 1136 619 abbatis

131 643 162 667 et
182 639 318 676 capituli
336 639 496 670 secularis
513 641 651 670 ecclesie
670 641 776 671 sancti
791 642 926 678 Asterii‚
949 642 1137 679 Petragori—

131 692 241 721 censis
260 692 417 727 diocesis,
441 693 557 730 petitio
580 693 784 728 continebat,
804 694 900 731 quod,
924 703 998 723 cum
1014 694 1136 723 iterius

131 745 318 774 Bertrandi.
334 754 486 774 asserens
503 754 537 774 se
551 754 729 783 pauperem
740 745 896 775 clericum
909 746 1057 784 ejusdem
1070 746 1136 775 dio-

130 797 226 826 cesis.
250 802 378 826 nostras
398 797 439 826 ad
457 797 681 826 venerabilem
700 798 835 827 fratrem
855 802 1004 827 nostrum
1019 821 1053 832 ..,
1076 799 1136 828 Pe-

129 850 388 886 tragoricensem
413 849 603 887 episcopum
619 873 624 884 ,
654 859 753 887 super
789 850 977 887 provisione
1009 859 1069 880 sua
1100 850 1133 879 in

129 902 235 931 forma
252 911 316 939 qua
332 910 389 939 pro
406 901 606 939 pauperibus
621 901 752 931 clericis
769 906 800 931 et
816 902 999 931 scolaribus
1017 902 1135 932 scribi-

129 962 202 983 mus
229 953 439 991 impetrasset
469 953 609 985 litteras,
641 954 729 983 inter
756 954 819 983 alia
850 955 1069 989 continentes,
1100 959 1135 984 ut

128 1006 236 1036 eidem
252 1006 286 1035 in
306 1015 366 1036 sua
382 1006 515 1036 civitate
531 1006 582 1036 vel
599 1007 723 1036 diocesi
739 1007 774 1035 in
791 1007 903 1045 aliqua
920 1006 1136 1036 ecclesiarum

128 1059 193 1088 sibi
211 1059 433 1097 subjectarum
450 1059 488 1089 de
504 1059 665 1089 beneficio
680 1059 876 1097 provideret,
898 1083 930 1094 ..,
949 1063 1062 1089 cantor
1077 1059 1136 1089 Al-

128 1112 332 1141 baterrensis
349 1112 498 1145 ecclesie,
517 1113 800 1150 Petragoricensis
822 1113 980 1146 diocesis,
1005 1113 1058 1142 cui
1080 1122 1136 1142 su-

128 1174 185 1202 per
202 1164 261 1193 1100
278 1165 384 1194 dictus
402 1165 574 1202 episcopus
591 1165 801 1195 commiserat
812 1165 901 1195 vices
920 1174 997 1195 suas
1015 1165 1049 1194 in
1066 1174 1136 1203 pre-

129 1216 214 1245 dicta
233 1226 345 1246 eorum
361 1216 511 1249 ecclesia,
531 1217 565 1246 in
583 1226 646 1255 qua
664 1226 728 1246 non
746 1218 785 1247 ad
802 1218 925 1247 dictum
946 1218 1136 1256 episcopum

129 1269 187 1307 qui
204 1268 348 1307 plurium
367 1269 603 1299 beneficiorum
622 1270 831 1300 collationem
848 1271 969 1301 habere
991 1272 1136 1301 dinosci-

129 1325 193 1350 tur.
211 1322 267 1351 sed
279 1322 316 1351 ad
330 1331 384 1351 eos
399 1322 564 1351 dumtaxat
582 1323 824 1360 prebendarum
838 1323 968 1353 collatio
979 1324 1132 1361 pertinet,

128 1375 255 1412 prefato
272 1374 391 1404 clerico
408 1375 455 1405 eis
478 1375 593 1405 invitis
616 1376 774 1413 providit,
799 1377 992 1406 auctoritate
1018 1376 1135 1415 hujus-

128 1427 215 1456 modi
248 1427 449 1461 litterarum,
482 1432 613 1466 propter
645 1428 731 1466 quod
760 1428 823 1466 ipsi
854 1428 893 1457 ad
921 1428 1134 1467 apostolicam

127 1480 290 1510 duxerunt
316 1481 558 1518 providentiam
583 1481 832 1511 recurrendum.
850 1482 933 1512 Cum
957 1482 1060 1519 igitur
1081 1482 1134 1511 in-

125 1533 284 1562 tentionis
310 1538 431 1568 nostre,
459 1543 532 1562 cum
557 1534 744 1564 diocesanis
763 1534 797 1563 in
814 1534 1005 1573 hujusmodi
1028 1536 1132 1564 forma

123 1585 313 1621 scribiums,
333 1587 542 1622 non'existat,
559 1587 647 1625 quod
662 1587 699 1617 de
717 1587 889 1617 beneficiis
906 1588 945 1617 ad
958 1597 1021 1617 non
1040 1597 1132 1617 suam

122 1638 333 1668 collationem
357 1640 594 1677 spectantibus,
615 1640 681 1669 nisi
706 1640 767 1669 1100
793 1649 945 1678 expresse
972 1640 1134 1671 habeatur

123 1691 246 1720 nostris
261 1691 393 1725 11110115,
408 1691 539 1721 valeant
550 1692 734 1729 providere,
749 1693 944 1722 mandamus
956 1697 1131 1731 quatenus,

125 1744 153 1773 si
165 1744 199 1773 in
212 1744 343 1779 litteris,
360 1754 442 1783 quas
454 1749 634 1775 memorato
648 1745 799 1783 episcopo
812 1755 910 1783 super
921 1745 980 1775 boc
993 1746 1134 1776 dicimur

123 1797 296 1827 direxisse,
320 1798 406 1836 quod
429 1798 467 1828 de
491 1797 652 1828 beneficio
669 1799 709 1828 ad
725 1799 962 1837 cujuscumque.
985 1799 1134 1829 collatio-

125 1859 201 1880 nem
217 1854 385 1888 spectante
396 1851 460 1888 ipsi
472 1850 591 1881 clerico
602 1851 774 1889 providere
787 1852 975 1889 expressius
992 1860 1057 1881 non
1073 1851 1133 1882 ha-

123 1903 230 1938 betur,
254 1903 465 1941 processibus
489 1912 587 1941 super
603 1903 664 1933 hoc
686 1903 810 1934 habitis
831 1904 1005 1939 revocatis,
1023 1905 1133 1942 prefa-

125 1959 174 1985 tos
207 1979 245 1989 ...,
275 1955 436 1991 abbatem,
468 1960 498 1986 et
528 1956 710 1994 capitulum
737 1956 776 1986 ab
804 1957 919 1986 eadem
943 1957 1133 1995 provisione

124 2017 259 2047 prorsus
277 2008 468 2044 absolvens,
487 2009 612 2039 dictum
628 2009 786 2039 clericum
807 2009 846 2039 ab
868 2010 1015 2048 ipsorum
1035 2019 1134 2048 super

125 2061 187 2090 hoc
203 2060 450 2097 molestatione,
470 2062 653 2091 monitione
678 2062 851 2100 premissa,
875 2071 933 2100 per
958 2071 1133 2092 censuram

126 2113 402 2148 ecclesiasticam,
432 2114 651 2152 appellatione
680 2119 806 2144 remota
833 2124 1031 2153 compescas.
1058 2116 1131 2145 Dat.

126 2166 290 2204 Anagnie,
308 2167 358 2196 111
375 2175 478 2196 nonas
494 2167 648 2202 octobris,
668 2176 754 2197 anno
770 2168 885 2206 primo¹
909 2180 922 2193 1>

196 2363 286 2392 850

162 2425 276 2451 Docano
292 2429 320 2451 et
338 2425 462 2459 capitulo
478 2424 686 2451 Briocensibus
707 2426 857 2452 confirmat
878 2426 1042 2460 privilegia⁷
1060 2435 1133 2459 quae

652 2364 781 2397 Anagni,
801 2365 829 2390 11
848 2364 964 2390 octobre
983 2364 1060 2391 1255.

124 2475 290 2508 singulatim
309 2478 453 2505 recenset,
471 2473 581 2500 scilicet
601 2485 605 2500 ι
623 2475 697 2508 quod
719 2475 847 2501 decanus
863 2476 999 2509 majorem
1016 2476 1133 2501 nomine

123 2532 157 2549 ac
174 2532 203 2550 rc
221 2523 347 2549 obtineat
361 2524 387 2549 in
405 2521 554 2549 Brioeensi
568 2523 691 2549 ecclesia
707 2523 874 2557 dignitatem
889 2526 917 2549 et
929 2532 1027 2549 vocem
1040 2523 1068 2549 in
1085 2532 1133 2550 ca-

125 2572 214 2606 pitulo
230 2580 263 2597 ac
279 2572 375 2597 sedem
394 2572 420 2597 in
437 2572 525 2597 Cllol'o
543 2573 663 2605 primam
687 2576 752 2606 post
773 2573 957 2606 episcopum,
977 2580 1086 2598 necnon
1104 2573 1132 2598 in

126 2620 298 2654 recipiendis
314 2620 432 2646 incenso
448 2624 475 2645 et
497 2628 565 2654 pace
587 2621 722 2646 honorem
746 2621 867 2646 similem
886 2621 988 2647 habeat
1007 2625 1035 2647 et
1051 2621 1132 2647 sitin

126 2669 362 2703 processionibus
387 2670 520 2701 ultimus,
537 2669 636 2694 eodem
661 2671 798 2703 episcopo
823 2669 971 2695 dumtaxat
995 2673 1131 2704 excepto,

125 2718 200 2751 quod
220 2718 364 2752 praefatus
386 2718 543 2752 capitulum
567 2726 726 2744 convocare
744 2718 835 2751 possit
850 2718 883 2743 atl
904 2718 1081 2744 tractandum
1099 2718 1133 2744 de

127 2766 350 2792 necessitatibus
373 2766 554 2798 eorumdem,
572 2770 656 2800 atque
673 2766 700 2792 in
725 2766 904 2792 sacerdotem
925 2767 949 2792 si
974 2775 1029 2792 non
1052 2767 1135 2793 fuerit

127 2821 257 2843 teneatur
272 2816 343 2842 infra
359 2824 464 2842 antium
483 2817 658 2850 promoveri,
674 2817 820 2850 totiusque
837 2817 951 2851 capituli
970 2821 997 2843 et
1012 2817 1134 2843 clerico-

128 2873 190 2891 rum
207 2865 286 2891 cliori
303 2873 401 2891 curam
417 2869 498 2899 gerat
515 2865 807 2899 jurisdictionemque
829 2865 930 2892 babeat
946 2866 1134 2900 proventibus

1220 282 1394 310 decimarum
1421 284 1475 310 sibi
1494 285 1638 319 deputatis
1657 285 1788 312 fruendo.
1813 286 1896 319 (Rau.
1917 286 1965 321 ⁶24,
1982 295 2007 313 0.
2025 287 2089 319 679,
2111 289 2130 314 f.
2153 289 2220 320 100;

1222 330 1367 358 Porrmsr
1383 332 1491 365 16045)

1262 444 1274 458 ιι
1296 455 1330 467 ..,
1351 433 1462 462 decano
1477 439 1503 462 et
1519 435 1652 471 capitulo
1673 436 1893 465 Briocensibus.
1913 436 1997 467 Cum
2014 446 2031 466 a
2053 437 2148 468 nobis
2171 455 2220 467 -.

1220 485 1293 513 Dat.
1311 485 1473 522 Anagnie,
1490 487 1519 516 V
1533 486 1608 516 idus
1624 487 1778 522 octobris,
1797 496 1883 517 anno
1897 489 2014 526 primo.
2034 501 2046 516 »

1289 667 1372 695 851
1700 670 1825 703 Anagni,
1843 670 1875 697 30
1891 671 2054 704 septembre
2075 673 2150 700 1255.

1255 726 1370 753 Decano
1386 731 1414 753 et
1435 728 1559 762 capitulo
1582 728 1809 756 carnotensibus
1832 732 1982 758 confirmat
2005 736 2223 762 concessionem

1218 775 1252 800 ab
1269 775 1436 802 Innocentio
1453 784 1525 810 papa
1539 776 1580 802 IV
1598 777 1691 803 datam
1709 777 1851 805 residendi
1868 779 1895 805 in
1909 780 1972 806 villa
1983 780 2145 815 Meduntae,
2157 785 2223 817 quia

1220 824 1348 849 nonnulli
1363 832 1462 850 eorum
1478 824 1633 851 familiares
1646 829 1674 851 et
1695 830 1795 852 cantor
1815 827 1955 854 ecelesiae
1977 829 2114 863 Magister
2134 831 2224 865 Regi-

1220 872 1321 897 naldus
1335 872 1369 898 de
1385 872 1474 907 Spina
1494 882 1509 898 a
1530 873 1725 908 burgensibus
1747 875 1975 903 Carnotensibus
1997 878 2138 905 interfecti
2161 880 2223 906 fue-

1218 924 1294 946 runt.
1312 920 1395 953 (Rea.
1412 921 1457 949 24.
1472 930 1498 948 c,
1516 922 1577 953 680,
1595 923 1615 949 f.
1633 923 1716 954 100¹.)

1261 1033 1273 1046 a
1295 1044 1327 1055 ..,
1349 1022 1460 1051 decano
1478 1028 1504 1051 et
1526 1024 1660 1060 capitulo
1681 1025 1926 1055 Car-notensibus.
1948 1027 1999 1056 Ad
2019 1029 2224 1059 audientiam

1218 1077 1365 1103 nostram
1385 1075 1535 1112 pervenit
1558 1084 1614 1105 vos
1630 1075 1710 1105 olim
1724 1077 1931 1114 significasse
1947 1080 2055 1110 felicis
2073 1082 2225 1111 recorda-

1220 1126 1319 1156 tionis
1336 1127 1360 1156 I.
1379 1136 1472 1165 pape,
1496 1128 1722 1165 predecessori
1739 1134 1866 1166 nostro⁷
1883 1132 1979 1169 quod,
1998 1133 2121 1163 dudum
2136 1134 2224 1165 inter

1217 1178 1400 1216 burgenses
1417 1179 1638 1211 Carnotenses
1655 1190 1692 1211 ex
1708 1187 1799 1220 parte
1816 1191 1882 1213 una
1896 1188 1925 1213 et
1942 1186 2125 1216 servientes
2142 1196 2224 1225 quo-

1217 1231 1357 1261 rundam
1374 1233 1609 1262 canonicorum
1630 1234 1768 1265 ecclesie
1785 1236 1999 1267 Carnotcnsis
2017 1247 2053 1268 ex
2070 1239 2173 1269 altera
2188 1240 2223 1269 in

1216 1283 1302 1312 sesto
1328 1284 1540 1315 Pentecostes
1565 1287 1776 1317 contentione
1802 1289 1955 1324 suborta,
1981 1294 2011 1320 et
2034 1291 2161 1322 dnobus
2186 1302 2224 1322 ex

1217 1340 1308 1373 parte
1325 1337 1529 1366 servientum
1546 1338 1692 1376 ipsorum
1715 1340 1751 1369 in
1774 1342 1983 1372 contentione
1998 1343 2189 1382 hujusmodi
2205 1354 2225 1376 a

1217 1389 1416 1427 quibusdam
1434 1391 1562 1421 civibus
1585 1392 1848 1424 Carnotensibus
1873 1395 2074 1431 interfectis,
2098 1402 2129 1427 et
2148 1399 2222 1436 qui-

1216 1441 1355 1471 busdam
1369 1443 1539 1473 canonicis
1551 1444 1658 1482 ipsius
1673 1445 1822 1481 ecclesie,
1839 1456 1879 1476 ne
1888 1448 2087 1485 punirentur
2101 1459 2137 1479 ex
2148 1450 2220 1485 1100,

1216 1494 1251 1522 111
1267 1494 1451 1524 familiares
1469 1504 1545 1525 suos
1562 1497 1800 1535 recipientibus
1817 1499 2011 1536 homicidas,
2027 1502 2105 1540 quia
2121 1512 2222 1541 quon-

1216 1546 1291 1575 dam
1314 1547 1472 1584 magister
1490 1549 1696 1586 Baginaldus
1718 1551 1756 1580 de
1780 1552 1899 1589 Spina,
1922 1553 2061 1584 ecclesie
2078 1555 2223 1593 predicte

1217 1604 1341 1634 cantor,
1357 1601 1532 1638 quemdam
1552 1610 1589 1631 ex
1606 1602 1731 1632 eisdem
1746 1605 1916 1635 canonicis
1928 1606 1965 1635 de
1979 1608 2166 1645 receptione
2178 1613 2222 1637 ta-

1216 1650 1299 1680 lium
1314 1652 1483 1689 redarguit
1499 1663 1731 1691 personarum,
1748 1656 1939 1695 hujusmodi
1954 1659 2223 1697 redargutionem

1215 1703 1303 1733 idem
1320 1705 1500 1735 canonicus
1516 1706 1653 1736 moleste
1670 1708 1780 1738 serens
1798 1709 1828 1738 ei
1848 1710 1912 1738 suit
1929 1711 2073 1748 graviter
2087 1713 2224 1742 commi-

1216 1760 1325 1791 natus,
1344 1761 1375 1786 et
1388 1757 1459 1795 ipse
1473 1763 1587 1788 cantor
1602 1761 1755 1797 sequenti
1774 1766 1868 1791 nocte
1888 1762 1965 1791 dum
1984 1764 2023 1792 ad
2044 1765 2223 1795 matutinas

1216 1809 1385 1839 accederet
1408 1810 1516 1840 extitit
1537 1811 1745 1842 interfectus.
1767 1814 1917 1853 Cumque
1937 1817 2145 1854 postmodum
2170 1827 2224 1847 ca-

1216 1862 1328 1891 nonici
1349 1862 1571 1894 Carnotenses
1588 1865 1621 1893 id
1637 1865 1677 1895 ad
1693 1866 1777 1896 bone
1794 1869 1951 1898 memorie
1968 1892 2001 1905 ..,
2021 1870 2224 1901 Senonensis

1216 1915 1479 1954 archiepiscopi,
1505 1917 1568 1947 loci
1593 1919 1856 1957 metropolitani,
1885 1926 1915 1951 et
1940 1923 2226 1961 suffraganeorum

1216 1977 1352 1998 suorum
1369 1970 1575 2000 audientiam
1593 1971 1721 2002 deferre
1737 1973 1773 2002 in
1791 1974 1988 2011 provinciali
2004 1976 2144 2006 concilio
2155 1986 2225 2015 pro-

1215 2026 1399 2057 curassent,
1418 2022 1519 2052 iidem
1537 2024 1806 2063 archiepiscopus
1823 2030 1854 2056 et
1870 2028 2072 2065 suffraganei
2090 2029 2130 2058 ad
2148 2029 2225 2058 civi-

1216 2077 1316 2103 tatem
1339 2074 1578 2105 Carnotensem
1601 2077 1641 2106 ad
1661 2077 1898 2116 inquirendum
1919 2089 2018 2118 super
2040 2080 2112 2116 1100,
2130 2086 2227 2119 prout

1217 2126 1256 2155 ad
1272 2126 1420 2164 ipsorum
1435 2128 1603 2165 spectabat
1615 2130 1770 2165 officium,
1787 2132 1980 2162 accedentes
1994 2137 2024 2162 et
2041 2142 2223 2163 excommu-

1217 2179 1367 2208 nicantes
1386 2188 1499 2210 omnes
1516 2180 1592 2210 illos
1608 2182 1665 2219 qui
1679 2191 1850 2213 excessum
1866 2183 2057 2223 hujusmodi
2072 2186 2225 2224 palliato-

1216 2231 1309 2260 ribus
1327 2231 1592 2271 quibuscumque
1611 2243 1669 2264 seu
1687 2235 1857 2265 fictoribus
1876 2237 2079 2268 occultarent
2097 2248 2226 2269 excom-

1216 2284 1412 2320 municatis⁷
1430 2290 1527 2323 prout
1544 2291 1654 2322 erant⁷
1673 2287 1879 2319 denuntiatis
1893 2290 2065 2327 primitus,
2086 2296 2152 2321 tam
2169 2292 2226 2331 qui

1215 2342 1473 2374 procuraverant
1489 2347 1588 2376 quam
1609 2339 1677 2369 illis
1699 2350 1839 2378 quorum
1863 2343 2003 2372 consilio
2024 2352 2083 2373 seu
2101 2345 2225 2374 auxilio

1216 2389 1268 2417 vel
1283 2389 1395 2419 favore
1412 2390 1520 2419 fuerat
1537 2391 1644 2421 scelus
1662 2392 1852 2432 hujusmodi
1868 2400 2103 2433 perpetratum,
2121 2397 2155 2426 in
2169 2397 2226 2427 de-

1218 2442 1427 2471 testationem
1444 2443 1550 2481 ipsius
1567 2444 1718 2475 criminis
1735 2450 1765 2475 et
1782 2456 1839 2484 pro
1856 2456 1893 2477 eo
1910 2449 1997 2486 quod
2012 2458 2077 2479 non
2094 2455 2163 2479 erat
2178 2455 2225 2480 tu-

1217 2497 1297 2529 tum,
1316 2494 1397 2532 ipsis
1414 2496 1584 2526 canonicis
1600 2497 1789 2528 volentibus
1806 2508 1904 2537 super
1920 2500 1981 2530 1100
1998 2501 2156 2532 honorem
2173 2513 2225 2533 ec-

1216 2546 1316 2576 clesie
1353 2547 1569 2578 Carnotensis
1598 2551 1765 2588 prosequi,
1799 2552 1833 2580 in
1863 2552 1997 2583 civitate
2028 2554 2225 2585 Carnotensi

1217 2599 1339 2628 morari
1359 2599 1397 2629 de
1414 2609 1579 2631 consensu
1600 2602 1735 2641 majoris
1756 2604 1860 2641 partis
1887 2606 2023 2643 capituli
2043 2607 2226 2637 Carnoten-

1218 2651 1264 2680 sis
1292 2651 1531 2683 deliberatione
1560 2655 1696 2692 provida
1728 2656 1834 2693 ipsius
1869 2658 2064 2689 auctoritate
2092 2660 2225 2689 concilii

1218 2708 1421 2740 statuerunt,
1440 2711 1475 2736 ut
1492 2707 1524 2735 in
1543 2707 1621 2737 villa
1638 2709 1809 2745 Medunte,
1829 2710 2044 2741 Carnotensis
2063 2712 2222 2749 diocesis,

1217 2757 1399 2794 capitulum
1423 2759 1567 2789 resideat
1595 2760 1814 2798 Carnotense,
1842 2772 1878 2793 ac
1904 2764 1937 2793 in
1965 2765 2104 2795 ccclesia
2132 2766 2225 2797 beate

1218 2809 1321 2839 Maric
1349 2809 1411 2839 loci
1435 2811 1584 2850 ejusdem
1611 2813 1709 2843 horas
1734 2819 1764 2844 et
1785 2816 1892 2845 officia
1917 2817 2001 2846 sicut
2026 2818 2059 2847 in
2086 2819 2226 2849 ecclesia

1218 2862 1416 2892 Carnotensi
1439 2863 1605 2895 celebrent
1626 2870 1657 2895 et
1676 2866 1802 2897 faciant
1827 2868 1915 2898 infra
1941 2879 2051 2899 muros
2078 2871 2225 2909 ejusdem
