2441 3330
218 243 255 271 -26
944 241 1184 271 REGISTRES
1205 240 1512 274 D'ALEXANDRE
1535 245 1592 275 IV.

220 324 266 334 —-.
286 306 370 336 Hinc
393 310 441 335 est
461 305 547 344 quod
569 314 628 335 nos
651 306 717 335 tuis
739 306 1038 344 supplicationibus
1060 306 1224 341 inclinati,

220 364 250 387 ut
271 358 512 387 thesaurariam
533 358 671 389 ecclesie
694 359 800 389 sancti
822 360 958 389 Martini
974 360 1178 390 Turonensis
1195 364 1226 390 et

218 411 281 440 alia
299 411 458 440 beneficia
477 410 702 441 ecclesiastica
719 421 781 450 que
803 421 877 442 cum
897 412 1084 442 animarum
1101 422 1179 443 cura
1195 417 1227 443 et

217 465 289 494 sins·
306 474 382 493 cura
397 464 537 495 obtines.
554 464 661 502 possis
677 474 782 503 usque
799 465 839 494 ad
856 470 966 495 nostre
982 465 1227 504 beneplacitum
1256 474 1258 477 ’

216 517 396 546 voluntatis
408 526 481 546 cum
494 517 778 556 archiepiscopatu
790 518 954 556 Ispalensi
967 518 1057 549 licite
1068 519 1224 554 retinere,

217 570 383 599 devotioni
400 574 453 599 tue
471 571 666 600 auctoritate
685 571 890 608 presentium
910 571 1133 609 indulgemus.
1151 573 1225 602 Non

217 624 367 652 obstante
397 623 633 653 constitutione
663 624 795 653 concilii
828 625 992 661 generalis
1029 629 1083 655 aut
1114 626 1225 664 aliqua

218 676 322 714 ipsius
345 675 482 705 ecclesie
509 676 557 705 vel
582 676 722 706 aliarum
747 677 782 706 in
807 677 928 715 quibus
956 678 1069 707 eadem
1095 678 1225 708 obtines

217 729 393 763 benoncia,
412 729 652 759 consuetudine
667 729 719 759 vel
735 734 872 761 statuto,
887 731 1087 769 juramenta
1106 732 1226 761 coufir-

216 781 360 810 0111110116
370 781 457 810 seclis
467 781 614 820 ejusdcm
624 782 908 821 sichuacumqui*
919 783 1223 814 firmitatevallatis.

219 833 353 863 Proviso
376 834 461 872 quod
486 833 518 862 in
542 834 750 864 thesauraria
775 839 806 865 et
834 835 1004 865 beneficiis
1034 836 1225 875 hujusmodi

217 886 318 915 sarias
340 896 395 923 prr
419 886 553 916 iiloueos
575 887 715 916 vicarios
732 887 904 917 deserviri.
922 888 1015 917 Nulli
1032 893 1092 917 cic.
1113 893 1224 919 nostre

215 939 440 968 coris-essionis
461 944 521 968 etc.
547 940 617 969 Dat.
642 940 798 977 Neapoli,
820 941 848 970 V
869 940 1027 970 kalendas
1048 941 1221 976 februarii,

215 1000 301 1021 anuo
317 992 434 1029 primo.
454 1004 467 1017 1>

283 1175 340 1203 {m
760 1176 876 1211 Names,
893 1177 927 1203 ‘28
939 1178 1054 1212 janvier
1070 1178 1148 1205 1255.

249 1236 346 1262 Eidem
361 1237 504 1269 concedit,
523 1241 552 1263 ut
568 1237 697 1264 decimas
712 1238 746 1265 de
762 1239 824 1265 oleo
836 1239 863 1265 in
877 1239 984 1266 diocesi
1001 1239 1141 1275 Ispalensi
1156 1249 1221 1275 per-

212 1285 307 1319 cipiat.
328 1284 408 1316 (Risu.
426 1285 474 1315 ί24,
492 1293 518 1312 6.
535 1286 579 1315 89,
597 1286 615 1313 f.
634 1286 686 1320 1⁶2.)

253 1398 265 1412 «
284 1386 398 1415 Eidem.
418 1386 501 1417 Cum
515 1387 632 1416 civitas
649 1391 680 1417 et
693 1387 835 1417 diocesis
852 1389 1040 1426 [spalenses
1057 1391 1095 1421 de
1109 1392 1221 1422 Sarra-

211 1448 367 1469 cenorum
382 1439 546 1476 spurtitiis
558 1440 596 1470 ‹le
612 1449 694 1470 noro
707 1440 867 1470 redierint
881 1442 920 1471 ad
934 1442 1060 1473 cultum
1076 1445 1221 1475 nominis

211 1492 408 1527 Christiani,
427 1492 533 1521 adhuc
550 1493 586 1522 111
602 1493 650 1523 eis
662 1493 746 1523 sicut
764 1502 801 1523 ex
818 1499 909 1532 parte
926 1499 981 1525 tua
997 1496 1061 1526 fuit
1076 1498 1221 1536 proposi-

212 1549 279 1573 tum
292 1554 400 1573 corani
414 1545 508 1575 nohis
521 1545 646 1575 decime
660 1546 698 1575 de
710 1546 781 1575 oleo
793 1547 943 1577 ecclesiis
957 1557 1021 1578 non
1035 1549 1219 1580 solvuntur.

212 1597 278 1626 Nos
295 1597 407 1635 itaque
425 1597 490 1626 tuis
508 1598 806 1636 supplicationibus
823 1599 986 1634 inclinati,
1005 1601 1053 1631 sic
1069 1602 1129 1631 tibi
1147 1612 1220 1640 pro-

212 1649 285 1679 vide
306 1649 453 1679 volentes
481 1654 515 1679 ut
539 1650 755 1681 ecclesiarum
772 1652 848 1690 jura
868 1658 1035 1691 nequeant
1057 1655 1218 1693 deperire,

211 1702 416 1739 presentium
439 1703 500 1731 tibi
522 1704 717 1734 auctoritate
743 1705 954 1735 concedimus
974 1711 1010 1735 ut
1029 1706 1221 1746 hujusmodi

188 1755 355 1794 ‘decimas
374 1756 480 1793 possis
498 1756 531 1785 in
556 1757 623 1786 rita
645 1761 699 1786 tua
715 1757 883 1795 percipere
903 1768 938 1788 ac
954 1758 1044 1789 licite.
1063 1760 1218 1791 retinere.

212 1808 257 1837 lta
277 1812 385 1837 tamen
401 1808 487 1846 quod
503 1809 709 1846 postmodum
726 1809 851 1839 decime
863 1810 933 1848 ipse
951 1811 990 1840 ad
1006 1812 1163 1842 ecclesias
1180 1814 1220 1843 ad

209 1870 291 1898 quas
308 1860 346 1888 de
364 1861 438 1899 jure
463 1862 629 1898 pertinent
650 1861 754 1892 libere
776 1867 945 1893 transeant
970 1869 1001 1894 et
1022 1865 1070 1895 615
1090 1865 1218 1904 integre

208 1912 446 1949 piu-solvantur.
473 1913 565 1943 Nulli
588 1918 649 1944 etc.
677 1918 787 1944 nostre
811 1916 1036 1946 concessionis
1060 1921 1118 1947 etc.
1143 1919 1214 1948 Dat.

210 1969 367 2003 utsupra.
389 1978 400 1991 »

282 2158 370 2186 100

243 2219 448 2246 Mouasteriuui
466 2228 490 2247 S.
510 2220 614 2246 Mariae
634 2220 668 2246 de
686 2220 856 2254 Virginibus
875 2221 1060 2250 venetiarum
1078 2224 1113 2250 ab
1129 2233 1215 2251 exac-

778 2159 895 2195 Naples,
912 2161 927 2187 ‘2
945 2161 1048 2188 fevi-ier
1066 2162 1143 2189 1255.

206 2269 282 2294 tione
300 2269 342 2294 vei
358 2269 558 2303 procuratione
573 2270 666 2304 aliqua
681 2270 790 2296 eximit.
811 2270 891 2301 (Rue.
909 2271 952 2305 24,
965 2279 990 2298 e.
1009 2272 1052 2306 90,
1069 2273 1088 2299 f.
1111 2274 1161 2304 12.)

249 2382 259 2394 ιι
336 2371 438 2407 priori
454 2375 478 2398 c!
496 2372 659 2399 conventui
679 2373 859 2400 monasterii
877 2378 979 2402 sancte
991 2375 1086 2404 Μανία
1097 2375 1131 2404 de
1148 2376 1215 2405 Vir-

206 2423 328 2459 {sinibus
352 2423 558 2456 remelini-unz,
577 2423 696 2451 ordinis
713 2425 813 2452 sancti
833 2425 945 2459 Marci,
968 2426 1134 2456 Castellane
1149 2428 1215 2457 dio-

206 2476 286 2503 cesis.
307 2474 390 2504 Cum
409 2475 646 2503 11wuasu=riuu1
667 2480 812 2505 vestrum
830 2477 870 2505 ad
891 2478 1073 2508 Ecclesiam
1094 2481 1215 2511 Roma-

207 2536 282 2555 naun
298 2526 387 2555 nullo
401 2526 508 2555 medio
525 2531 672 2564 spectare
687 2532 852 2564 noscatur,
868 2529 966 2567 digne
980 2531 1062 2561 illud
1079 2533 1215 2571 speciali

205 2578 330 2608 honore
351 2579 583 2617 prosequimur
599 2584 627 2609 et
650 2580 689 2609 ab
710 2580 776 2609 hiis
794 2591 856 2619 que
876 2582 940 2611 sibi
962 2583 1012 2613 vel
1030 2585 1123 2615 vobis
1138 2595 1214 2624 pos-

206 2631 271 2661 sint
301 2632 418 2660 aii'errc
446 2631 656 2669 dispendium
681 2642 923 2671 preservamus.
950 2636 1036 2666 Hinc
1057 2642 1105 2668 est
1128 2640 1215 2677 quod

206 2693 264 2713 nos
282 2684 401 2713 vestris
416 2684 713 2722 supplirationibus
730 2686 894 2719 inclinati,
910 2690 1105 2721 auctoritate
1120 2692 1214 2722 vobis

206 2737 410 2775 presentium
424 2737 646 2773 indulgemus,
663 2738 749 2776 quod
764 2740 967 2770 exactionem
981 2742 1032 2772 vel
1044 2743 1215 2774 collectam

206 2799 262 2819 seu
282 2790 547 2828 procurationem
571 2790 715 2829 aliquam
733 2791 859 2822 solvere
876 2802 940 2823 non
957 2797 1139 2826 teneamini
1155 2807 1214 2835 per

207 2842 332 2871 litteras
354 2842 530 2880 apostolice
553 2843 647 2872 Sedis
675 2844 725 2873 vel
749 2844 931 2882 legatorum
954 2846 1059 2885 ipsius
1083 2858 1145 2888 que
1174 2851 1213 2881 de

205 2895 290 2923 «licto
316 2895 516 2924 100011516110
537 2904 572 2923 :ic
595 2896 800 2934 exemptione
823 2898 929 2936 ipsius
948 2899 1080 2937 plenam
1102 2906 1131 2931 et
1157 2912 1212 2933 ex-

1309 317 1458 346 pressam
1486 318 1551 340 non
1584 311 1725 342 fecerint
1756 313 1970 344 mentionem.
1998 314 2092 344 Nulli
2118 319 2179 346 etc.
2208 320 2322 347 nostre

1309 363 1535 393 concessionis
1560 368 1621 394 etc.
1650 365 1726 396 Dat.
1751 365 1906 405 Neapoli,
1937 367 1986 397 III
2014 376 2118 398 nonas
2144 368 2319 404 februarii,

1309 423 1396 445 anno
1411 416 1526 454 primo.
1551 428 1564 443 r>

1383 614 1464 642 ¹01
1863 615 1980 651 Naples,
1999 618 2036 644 1⁶¹
2050 617 2154 644 sevi-ier
2170 618 2248 646 1255.

1344 674 1607 703 Communitatibus
1625 676 1791 704 Patrimonii
1806 680 1836 704 et
1851 677 1932 712 regni
1949 677 2064 704 Siciliae
2081 678 2210 711 mandat.
2227 682 2260 706 ut
2275 679 2322 706 ni-

1308 725 1364 751 chil
1382 725 1491 752 ratione
1514 727 1639 760 passagii
1655 726 1699 752 vei
1721 726 1836 761 pedagii
1851 727 1969 761 exigant
1984 735 1998 753 a
2017 726 2115 761 Judeis
2131 727 2258 754 romanis
2272 735 2323 754 se-

1307 773 1464 807 quentibus
1480 782 1545 800 cum
1564 775 1710 802 mercibus
1725 774 1852 802 Curiam.
1870 775 1955 808 (Rea.
1974 774 2018 806 Ἡ,
2035 784 2060 802 c.
2079 775 2122 806 9¹.
2140 776 2158 802 f.
2176 775 2231 809 ¹2.)

1349 893 1361 907 «
1380 882 1587 916 Ροιεειαιὶὺιιε,
1606 883 1770 912 baronibus
1783 888 1809 912 et
1826 884 2100 912 communitatibus
2116 884 2150 912 in
2164 884 2322 914 Patrimo-

1306 934 1358 962 m'o
1378 934 1461 962 Sedis
1479 935 1638 971 apostolice
1658 940 1684 963 et
1706 944 1798 972 regno
1818 936 1931 973 Sycilie
1953 937 2136 965 constitutis.
2158 935 2320 967 Nolentes

1306 991 1341 1016 ut
1358 986 1521 1023 Angelus,
1540 987 1760 1022 sabbatinus,
1780 988 1933 1022 Museus.v
1952 988 2108 1018 Salamon
2123 992 2156 1019 et
2169 989 2319 1027 Angelus

1301 1038 1395 1077 judei
1409 1048 1444 1069 ac
1462 1048 1575 1070 eorum
1587 1040 1669 1070 socii
1682 1045 1882 1071 mercatores
1898 1041 1987 1071 cives
2001 1041 2144 1072 Romani
2156 1049 2232 1072 cum
2247 1041 2319 1073 suis

1304 1091 1471 1121 mercibus
1487 1092 1623 1123 Curiam
1641 1097 1788 1123 nostram
1807 1098 1985 1132 sequentes
2007 1093 2042 1123 in
2060 1097 2158 1124 terra·
2170 1093 2319 1126 Ecclesia

1304 1144 1532 1175 exactionibus
1549 1149 1782 1183 aggraventur,
1797 1146 2012 1176 universitati
2027 1150 2136 1177 vestre
2151 1155 2210 1186 per
2225 1155 2318 1186 apos-

1304 1196 1403 1227 toliea
1419 1197 1541 1236 scripta
1560 1199 1756 1229 mandamus
1773 1199 1931 1238 quatinus
1952 1199 1993 1229 ab
2013 1200 2139 1230 eisdem
2153 1203 2318 1231 mercato-

1303 1249 1414 1286 ribus,
1434 1260 1509 1280 cum
1525 1251 1565 1280 ad
1581 1251 1715 1282 Curiam
1735 1256 1882 1282 nostram
1899 1261 1973 1282 cum
1989 1252 2156 1283 mercibus
2171 1253 2243 1283 suis
2258 1261 2316 1284 ve-

1304 1303 1401 1332 niunt
1429 1302 1479 1332 vel
1498 1301 1665 1334 ‘recedunt
1697 1304 1737 1334 ab
1766 1304 1856 1342 ipsa,
1889 1304 1994 1334 nichil
2026 1305 2159 1343 penitus
2186 1305 2316 1336 ratione

1302 1356 1450 1394 passagii
1476 1356 1528 1386 vel
1552 1356 1684 1395 pedagii
1710 1357 1862 1396 exigatis.
1889 1358 1962 1387 Dat.
1984 1357 2139 1396 Neapoli,
2162 1357 2316 1389 kalendis

1304 1408 1477 1444 februarii,
1493 1418 1580 1439 anno
1595 1409 1713 1448 primo.
1733 1421 1746 1436 »

1342 1520 1371 1547 10
1388 1529 1414 1548 e.
1431 1529 1469 1549 m.
1485 1521 1594 1548 eisdem
1611 1529 1662 1556 pro
1677 1520 1833 1548 Consiliolo
1845 1521 1935 1556 judeo
1951 1525 1979 1548 et
1993 1522 2084 1549 sociis
2098 1523 2164 1558 ejus
2179 1524 2318 1550 mercato-

1305 1569 1386 1596 ribus
1399 1570 1513 1596 civibus
1529 1569 1679 1597 Romanis.

1377 1764 1464 1793 1⁰2

1339 1827 1444 1853 Abbati
1462 1826 1598 1853 Uterinae
1614 1827 1704 1860 vanis,
1717 1826 1866 1861 Spirensis
1881 1826 2016 1857 diocesis,
2030 1826 2090 1860 qui,
2103 1827 2189 1861 juxta
2204 1826 2315 1854 litteras

1301 1875 1463 1902 Innocentii
1481 1883 1569 1910 papae
1585 1876 1706 1902 electum
1727 1874 1895 1910 spirensem
1913 1875 1949 1901 de
1968 1875 2062 1909 aliquo
2079 1875 2248 1910 episcopatu
2263 1883 2316 1902 va-

1301 1928 1384 1951 cante
1408 1924 1436 1951 in
1459 1933 1546 1959 regno
1564 1924 1752 1951 Alamanniae
1776 1923 1977 1958 providentes,
2002 1923 2147 1950 mandavit
2164 1923 2314 1951 canonicis

1302 1972 1562 2008 Herbipoiensibus
1583 1973 1706 2000 eiectum
1733 1972 1900 2008 Spin-ensem
1928 1972 1963 1999 ad
1988 1973 2188 2008 episcopatum
2212 1980 2314 1999 eorum

1301 2022 1478 2057 promoveri,
1496 2023 1546 2056 qui
1568 2026 1664 2048 autem
1686 2030 1741 2048 non
1759 2021 1812 2048 fuit
1827 2021 1996 2056 exauditus,
2014 2020 2130 2048 mandat
2145 2024 2177 2047 ut
2198 2023 2315 2048 revocet

1299 2070 1435 2106 quicquid
1452 2071 1632 2105 attemptavit
1647 2074 1748 2097 contra
1764 2071 1880 2096 eosdem
1892 2069 2050 2096 canonicos
2061 2073 2090 2096 et
2099 2063 2230 2104 Iringum
2242 2068 2314 2096 Her-

1298 2119 1475 2154 bipolensem
1492 2120 1615 2146 eiectum
1635 2122 1664 2146 et
1686 2119 1714 2145 in
1738 2119 1908 2154 episcopum
1931 2117 2142 2145 confirmatum.
2161 2116 2245 2151 (Rau.
2260 2117 2312 2152 24,

1298 2176 1324 2194 6.
1341 2168 1384 2202 92,
1403 2168 1423 2194 s.
1446 2168 1496 2201 12.)

1849 1764 1971 1799 Napies,
1989 1764 2022 1791 30
2032 1765 2147 1799 Janvier
2163 1764 2241 1792 1255.

1341 2288 1354 2302 ι(
1373 2298 1406 2310 ..,
1424 2276 1525 2304 abbati
1544 2276 1663 2305 L'terine
1683 2276 1785 2310 Velm,
1807 2275 2014 2304 cisterciensis
2029 2274 2164 2309 ordinis,
2182 2273 2312 2311 Spiren-

1297 2329 1338 2357 sis
1355 2328 1490 2357 diocesis.
1509 2329 1695 2366 Impressus
1709 2326 1818 2357 felicis
1838 2326 2078 2356 recordationis
2096 2326 2122 2356 Ι.
2136 2333 2222 2364 papa
2235 2334 2312 2364 pre-

1297 2380 1450 2410 decessor
1466 2384 1578 2409 noster
1593 2380 1740 2418 procacis
1756 2378 2018 2417 importunitatis
2032 2377 2194 2408 instant-ia
2211 2385 2312 2417 quam

1298 2433 1362 2462 sibi
1385 2432 1523 2463 ecclesie
1540 2432 1741 2463 universalis
1762 2431 1944 2462 necessitas
1961 2435 1991 2461 ct
2009 2430 2160 2469 pertinax
2182 2429 2312 2460 dierum

1298 2484 1425 2514 malitia
1441 2485 1593 2523 ingerere
1609 2485 1808 2515 videbantur
1829 2483 2000 2514 nonnullis
2020 2483 2151 2513 clericis
2171 2486 2239 2512 tam
2257 2490 2312 2512 re-

1296 2536 1426 2574 ligiosis
1443 2546 1541 2576 quam
1558 2537 1765 2567 secularibus
1781 2537 1820 2566 116
1841 2536 2128 2574 archiepiscopatu
2150 2533 2202 2565 vel
2223 2533 2321 2572 epis--

1297 2594 1415 2627 copatu
1430 2590 1599 2619 mandavit
1615 2598 1673 2628 per
1689 2589 1861 2628 generales
1878 2593 1907 2619 et
1925 2588 2092 2618 interdum
2108 2596 2167 2626 per
2183 2586 2311 2626 specia-

1296 2641 1344 2672 les
1353 2641 1482 2672 litteras
1491 2643 1668 2681 provideri‚
1678 2652 1715 2673 ex
1725 2652 1789 2681 quo
1799 2642 1978 2681 aliquando
1986 2645 2097 2679 preter
2107 2639 2312 2670 mandatoris

1296 2694 1516 2725 intentionem
1538 2695 1688 2725 ecclesiis
1706 2699 1735 2725 et
1754 2704 1867 2725 earum
1884 2693 2036 2732 personis
2051 2691 2263 2722 difficultates
2279 2694 2311 2721 et

1297 2747 1451 2778 scaudala
1473 2753 1690 2778 emerserunt.
1717 2748 1914 2786 Accepimus
1941 2754 2020 2777 sane
2045 2745 2133 2784 quod
2152 2753 2227 2775 cum
2249 2744 2311 2774 du-

1296 2800 1374 2829 dum
1395 2800 1534 2831 dilectus
1555 2801 1644 2831 filius
1663 2824 1695 2836 ..,
1722 2801 1890 2839 Spirensis
1911 2799 2053 2834 electus,
2078 2806 2178 2836 super
2198 2796 2311 2836 provi-

1296 2852 1389 2883 sione
1418 2862 1477 2883 sua
1506 2854 1543 2883 dc
1570 2853 1681 2892 aliquo
1708 2853 1995 2891 archiepiscopatu
2020 2850 2071 2880 vel
2099 2850 2308 2888 episcopatu,

1297 2914 1395 2943 quem
1414 2905 1545 2936 duceret
1571 2906 1604 2935 in
1627 2915 1729 2944 regno
1744 2905 1919 2935 Alamanie
1938 2902 2191 2941 acceptandum,
2216 2901 2257 2931 ad
2276 2904 2309 2931 te
