2498 3325
973 222 1194 262 PREMIERE
1218 221 1376 258 ANNEE.
2166 225 2222 253 ‘2-27

129 305 338 344 dampnabile
358 304 613 334 contubernium
632 302 808 336 contraxit,
834 309 898 329 non
916 299 987 327 sine
1009 295 1137 334 propri(¹

130 358 249 388 salutis
268 356 440 394 dispendio
457 360 487 385 et
504 355 658 385 scandalo
677 354 906 392 plurimorum.
926 349 1136 380 Postmodum

131 419 209 440 vero
226 409 382 446 temporis
398 407 619 446 oportunitate
636 410 775 444 captata,
790 405 867 442 quia
879 402 1082 432 consciit-ntia
1094 401 1138 438 ip-

131 470 203 491 sam
219 469 317 498 super
333 459 523 498 hujusmodi
540 459 685 488 facinore
704 457 920 489 remordebat,
939 465 955 484 a
970 454 1139 484 cohabita-

132 514 221 543 tione
242 512 381 550 predicti
409 511 556 545 Baliani,
581 511 721 540 sollicita
746 510 784 538 ‹le
806 509 915 538 anime
937 517 995 537 sue
1021 507 1138 536 salute-

133 565 298 595 discessit.
317 564 379 594 Sed
394 563 634 593 nichilominus
649 563 736 592 idem
754 563 802 596 B„
818 560 1008 599 hujusmodi
1026 565 1140 588 (ontu-

133 618 243 647 bernii
264 621 413 655 pretextu
435 620 465 645 et
486 615 657 655 cujusdam
681 613 941 652 dispensationis
964 611 1140 649 apostolice

134 679 198 708 que
215 670 255 699 ad
271 669 377 707 ipsius
392 668 504 705 regine
518 667 682 700 notitiam,
698 671 870 704 postquam
887 664 1139 703 ;1]·eji1s‹l‹·n1ss.

134 722 381 752 cohabitatione
405 721 574 755 discessit,
602 720 769 758 pervenit,
792 719 878 748 110113
898 727 956 747 5113
979 722 1006 747 et
1030 717 1141 745 dilecti

134 776 196 805 filii
217 775 337 804 nobilis
354 775 417 803 viri
434 774 585 811 Hugonis
609 773 678 802 nati
700 773 751 802 sui
769 772 885 810 pupilli
908 771 1001 800 avide
1018 771 1142 800 detinet

134 832 302 865 occupata,
320 827 355 856 in
372 827 442 865 ejus
458 831 488 856 et
503 826 641 864 predicti
656 825 773 863 pupilli
788 824 1006 863 prejudicium
1023 827 1053 852 et
1068 833 1142 860 gra-

134 889 264 910 vamen.
283 879 378 910 Unde
394 879 488 908 nobis
505 878 678 908 humiliter
692 877 900 915 supplicavit.
919 881 951 905 ut
972 876 1142 914 provideri·

134 934 170 962 in
195 933 256 962 hac
281 936 372 970 parte
399 932 463 961 51111
484 931 663 969 apostolica
688 930 913 960 sollicitudii‘ie
938 939 1141 959 curaremus.

134 985 217 1016 Cum
237 985 339 1022 igitur
353 984 393 1014 ad
409 988 559 1013 nostrum
576 987 699 1021 spectet
717 983 860 1012 officium
874 982 990 1011 viduas
1003 983 1143 1011 maxime

135 1038 269 1068 devotas
286 1046 358 1067 esse
379 1046 415 1066 30
435 1036 577 1074 1101111105
600 1035 785 1065 munimine
807 1039 976 1072 protegere
1000 1044 1144 1072 congruo

135 1091 250 1128 eisque
267 1090 301 1119 in
318 1090 388 1119 suis
407 1089 663 1119 necessitatibus
685 1088 806 1117 favoris
824 1087 969 1125 presidio
987 1087 1143 1117 assistere

135 1143 306 1181 oportuni,
327 1142 529 1172 fraternitati
546 1146 652 1171 vestre
669 1150 727 1179 per
743 1140 921 1178 apostolica
937 1140 1059 1177 scripta
1078 1141 1145 1169 dis-

136 1196 232 1225 tricte
251 1194 461 1233 precipiendo
479 1193 675 1223 mandamus
692 1198 873 1231 quatenus,
894 1193 921 1222 si
941 1197 986 1222 051
1005 1193 1068 1225 iia,
1089 1202 1145 1222 vos

138 1247 189 1278 vel
209 1248 292 1277 alter
310 1251 455 1277 vestrum
472 1256 529 1284 per
547 1256 603 1276 vos
622 1246 673 1276 vel
696 1255 752 1284 per
769 1246 851 1275 alios
868 1246 1058 1284 hujusmodi
1076 1255 1145 1275 ma-

136 1301 349 1334 trimonium,
375 1300 476 1329 immo
499 1299 771 1329 contubernium.
799 1299 908 1328 taliter
930 1299 1018 1328 inter
1040 1299 1145 1336 ipsam

139 1353 289 1390 reginam
303 1357 331 1382 et
346 1353 511 1390 prefatum
526 1351 702 1381 Balianum
716 1351 898 1389 predictum
914 1360 1023 1388 regem
1038 1351 1145 1380 virum

141 1415 256 1435 suum.
273 1410 308 1435 ut
324 1405 524 1443 premissum
541 1409 607 1439 est,
627 1405 722 1434 tertia
741 1404 1042 1441 consanguinitatis
1059 1404 1147 1433 linea

141 1459 373 1495 contingentes
385 1461 601 1492 contractum,
616 1457 811 1486 auctoritate
825 1461 936 1486 nostra
947 1457 1079 1494 penitus
1096 1466 1148 1486 re—

138 1511 317 1548 probantes
346 1519 382 1539 ae
410 1510 538 1540 nullum
566 1519 637 1540 esse
663 1509 857 1548 nullumque
884 1510 987 1539 fuisse
1013 1509 1147 1538 omnino

139 1567 325 1598 censentes,
344 1562 503 1601 quicquid
519 1572 555 1591 ex
573 1571 609 1591 eo
626 1567 775 1591 secutum
790 1566 837 1591 est
853 1562 902 1591 vel
917 1562 956 1589 (111
972 1562 1079 1599 ipsum
1097 1562 1148 1591 de-

139 1616 284 1645 cernatis
301 1615 433 1644 irritum
445 1620 475 1645 et
487 1615 598 1644 inane.
616 1615 894 1645 Contradictores.
910 1615 981 1644 Non
998 1615 1148 1644 obstante

140 1668 388 1706 dispensatione
405 1668 551 1706 predicta
565 1677 663 1706 super
676 1667 737 1696 hoc
751 1667 895 1701 obtenta,
912 1677 974 1706 que
989 1667 1028 1696 ad
1042 1667 1148 1704 ipsius

140 1722 255 1759 regine
282 1721 418 1756 notitie,
451 1725 629 1759 antequam
656 1729 674 1749 a
701 1721 874 1749 memorati
904 1720 1149 1750 colialtiitatione

141 1774 336 1809 discederet,
355 1773 545 1803 nullatenus
562 1773 684 1802 dicitur
697 1772 899 1810 pervenisse.
919 1777 974 1802 aut
991 1773 1019 1802 si
1038 1782 1149 1810 perso-

140 1826 193 1855 nis
210 1826 378 1864 aliquibus
397 1836 416 1855 a
433 1825 515 1855 Sede
536 1824 715 1863 apostolica
737 1825 779 1853 sit
796 1825 961 1854 indultum
979 1830 1007 1855 et
1025 1825 1149 1855 consti-

139 1879 267 1908 tutione
292 1878 331 1908 de
361 1878 488 1907 duabus
514 1878 612 1907 dietis
640 1877 727 1907 edita
755 1878 789 1906 in
818 1878 958 1907 concilio
988 1878 1147 1915 generali.

140 1932 336 1969 Preceptum
353 1935 463 1960 autem
485 1940 584 1969 super
600 1930 659 1959 hoc
679 1934 829 1959 nostrum
850 1931 896 1959 sic
914 1931 1066 1960 celeriter
1084 1931 1149 1961 sic-

140 1993 203 2022 que
220 1983 397 2013 efficaciter
412 1983 621 2012 considerata
638 1982 829 2021 hujusmodi
848 1983 972 2019 nee-otii
989 1983 1148 2022 qualitate

140 2036 321 2074 adimplere
338 2036 471 2067 curetis,
490 2035 577 2073 quod
595 2035 632 2065 de
651 2035 853 2073 negligentia
871 2044 1081 2074 nequaquam
1098 2045 1148 2065 re-

141 2089 258 2127 dargui
281 2089 337 2118 sed
359 2087 582 2117 commendari
605 2088 714 2126 potius
738 2088 776 2117 de
800 2088 974 2125 diligentia
997 2089 1147 2119 valeatis.

141 2143 215 2171 Dat.
234 2141 396 2178 Anagnie,
409 2141 437 2170 V
450 2140 609 2170 kalendas
626 2140 834 2178 septembris,
854 2149 939 2170 anno
958 2141 1074 2178 primo.
1094 2154 1107 2167 1)

178 2247 210 2273 In
227 2256 250 2272 c.
267 2255 303 2273 m.
316 2247 435 2277 eisdem,
451 2254 541 2280 usque
555 2257 560 2271 z
573 2254 668 2272 coram
686 2246 781 2276 nobis,
795 2246 892 2272 eadem
911 2256 976 2272 cuin
991 2247 1075 2273 nobili
1090 2248 1149 2273 viro

144 2295 190 2329 B.,
209 2300 272 2321 nato
290 2295 375 2320 nobili
393 2295 442 2320 vti-i
460 2294 600 2320 Johannis
616 2294 723 2320 domini
740 2297 774 2319 de
792 2295 913 2325 Arsiiro,
929 2296 1087 2330 predictum
1105 2306 1149 2322 re-

143 2352 207 2378 gem
224 2351 316 2369 virum
332 2351 417 2368 suum
434 2342 517 2368 tertia
534 2343 794 2376 consanguinitatis
810 2347 864 2369 etc.
884 2352 974 2377 usque
993 2354 998 2369 :
1016 2347 1148 2378 oportuni

145 2393 227 2419 vobis
244 2400 293 2426 per
309 2392 379 2417 alias
402 2391 582 2425 injungimus
598 2391 706 2416 litteras
723 2395 768 2424 ut,
785 2391 809 2417 si
830 2396 873 2417 est
895 2393 941 2422 ita,
959 2398 1013 2418 ete.
1034 2402 1124 2428 usqne
1143 2404 1148 2420 ε

144 2441 239 2468 inane.
257 2440 319 2466 Non
336 2440 468 2466 obstante
484 2439 699 2472 disponsatione
716 2440 841 2473 predicta
857 2448 944 2473 super
963 2441 1015 2467 lioc
1036 2442 1150 2469 obtenta

144 2494 200 2516 etc.
215 2497 306 2523 usque
321 2500 325 2515 :
343 2489 519 2523 pervenisse.
537 2487 659 2521 [deoque
674 2488 841 2514 fraternitati
860 2494 952 2514 vestre
971 2499 1019 2523 per
1035 2497 1150 2524 aposio-

147 2539 200 2565 lica
209 2539 316 2573 scripta
325 2538 453 2563 districte
464 2536 646 2571 precipiendo
657 2537 824 2562 mandamus
834 2545 849 2570 q
856 2542 986 2567 uatenus,
1000 2545 1149 2573 postquam

145 2588 180 2614 ad
198 2587 423 2621 reprobationem
442 2585 561 2620 predicti
580 2585 751 2610 matrimonii
768 2590 794 2611 et
810 2586 863 2611 alia
881 2587 1019 2619 premissa
1036 2596 1150 2621 proces-

146 2637 254 2666 seritis,
280 2643 331 2661 vos
353 2633 520 2668 hujusmodi
547 2641 714 2667 processum
741 2639 866 2660 vestrum
893 2643 941 2668 per
965 2644 1016 2661 vos
1039 2637 1081 2662 vel
1103 2645 1152 2671 pei·

146 2685 232 2711 alium
254 2692 306 2710 seu
327 2683 398 2709 alios
418 2683 446 2708 in
463 2682 533 2708 locis
550 2683 576 2707 in
593 2681 698 2715 quibus
714 2682 847 2716 expedire
863 2683 991 2710 videritis
1007 2685 1151 2718 publicare

147 2734 265 2760 curetis.
287 2731 391 2758 Verum
413 2731 479 2765 quia
499 2735 674 2756 incineratus
692 2730 835 2761 Balianus,
854 2737 982 2766 pretextu
1001 2735 1064 2759 talis
1080 2743 1152 2761 con-

147 2781 270 2809 tubernii
296 2789 328 2806 30
352 2779 591 2813 dispensationis,
618 2779 791 2812 pretendens
816 2785 899 2814 atque
921 2782 1095 2815 contingens
1121 2791 1152 2809 se

147 2834 293 2864 tamquam
316 2828 418 2854 balium
440 2827 534 2853 dilecti
551 2827 600 2852 [ilii
617 2826 721 2853 nobilis
740 2829 790 2853 viri
813 2828 945 2863 lingonis
968 2831 1075 2865 pupilli,
1096 2832 1152 2858 nati

147 2877 275 2914 predicte
299 2877 407 2910 regine,
426 2883 545 2909 regnum
562 2874 648 2909 Cypri
668 2876 700 2900 ad
723 2883 797 2909 opus
817 2878 947 2911 ejusdem
965 2880 1062 2913 pupilli
1083 2880 1152 2906 velle

1220 301 1344 323 servare,
1362 293 1429 319 illud
1451 293 1504 319 sub
1521 292 1685 326 hujusmodi
1704 292 1794 317 balive
1814 299 1893 324 spem
1913 291 1938 316 in
1956 298 2041 324 grave
2057 298 2089 315 ac
2105 289 2224 315 evidens

1220 342 1312 375 ipsius
1330 342 1426 375 regine
1443 350 1475 366 30
1492 341 1559 366 dicti
1577 341 1673 374 pupilli
1697 339 1885 373 prejudicium
1906 344 2012 364 temere
2033 338 2159 364 detinere
2179 338 2225 363 di-

1220 391 1294 415 citur
1318 394 1508 423 (1000113101ος
1536 389 1668 413 volumus
1693 392 1720 413 et
1747 388 1921 421 presentium
1951 387 2031 412 vobis
2057 386 2224 411 auctoritate

1221 437 1349 462 districte
1368 437 1543 470 precipimus
1555 437 1691 470 quatinus
1707 443 1757 460 vos
1775 436 1816 459 vel
1832 435 1901 460 alter
1918 439 2043 460 vestrum
2056 434 2176 460 eundem
2191 433 2223 459 Β.

1221 493 1256 511 ex
1274 490 1350 519 parte
1369 489 1464 511 nostra
1481 485 1633 518 requiratis
1648 488 1676 510 et
1693 484 1842 510 moneatis,
1858 483 1932 516 quod
1951 483 1984 508 dc
2001 491 2067 508 cura
2084 491 2134 508 seu
2153 482 2224 507 balii)

1221 538 1271 559 aut
1293 533 1423 559 custodia
1442 534 1482 559 vel
1502 534 1639 567 regimine
1656 533 1722 558 dieti
1746 533 1824 565 regui
1846 540 1876 557 se
1897 531 1931 557 di·
1952 536 2046 557 cetero
2066 532 2226 556 nullatenus

1222 582 1400 611 intromittat,
1419 582 1467 607 sed
1486 581 1553 607 illud
1570 582 1632 606 siue
1648 589 1725 606 1111113
1741 580 1900 610 dimittens,
1917 580 2027 605 [ructus
2044 580 2226 605 0101110100]-

1223 638 1291 664 pore
1305 634 1454 663 perceptos
1465 638 1498 655 ex
1517 638 1549 655 eo
1566 630 1638 663 ipsis
1655 637 1752 660 regine
1769 633 1797 654 01,
1814 628 1918 662 pupillo
1931 633 2096 658 restituens,
2111 629 2228 661 permii-

1223 682 1262 704 tat
1285 680 1418 711 prelatum
1441 679 1568 711 reginam
1588 678 1673 703 libere
1690 677 1865 708 gubernare,
1885 681 1980 701 tenere
1995 685 2027 701 ac
2046 684 2143 706 regere
2160 684 2227 709 reg-

1224 735 1291 752 num
1310 727 1413 760 ipsum,
1436 727 1542 751 nullum
1562 726 1798 759 impedimentum
1819 725 1979 758 nullamque
1997 725 2153 749 molestiam
2177 733 2228 750 seu

1224 775 1414 800 turbationem
1428 774 1519 800 eidem
1539 775 1635 807 regine
1651 782 1702 799 seu
1720 774 1784 805 ejus
1800 773 1966 798 officialibus
1983 780 2070 806 super
2088 773 2139 797 lioc
2157 772 2229 798 infe-

1225 831 1290 848 10115
1313 824 1353 847 vel
1377 822 1524 848 offensam.
1543 821 1624 853 Quod
1645 822 1668 847 si
1690 821 1829 847 dissicileiii
1853 823 1877 846 in
1900 821 1953 846 boc
1969 829 2000 845 se
2018 821 2170 846 reddiderit
2187 821 2229 845 vel

1226 872 1369 900 rebellem,
1387 879 1438 896 vos
1454 870 1548 904 ipsum
1566 870 1597 895 ad
1617 870 1669 895 lioc
1687 878 1735 903 per
1752 878 1902 895 censuram
1920 869 2161 899 ecelesiasticam,
2179 878 2230 902 ap-

1226 921 1377 954 pellatione
1403 919 1571 953 postposita,
1593 919 1780 953 compellatis.
1804 917 1956 943 Uzita-orsi<
1977 917 2232 942 communitatibus

1225 968 1372 994 civitatum
1389 972 1417 993 et
1431 972 1602 996 castrorum,
1621 967 1776 992 baronibus
1792 970 1819 991 1-1
1835 965 1947 991 eunctis
1969 966 2002 990 de
2020 974 2106 994 regno
2125 965 2231 998 prefato

1225 1017 1404 1051 injungi-ndo
1425 1017 1554 1050 firmiter,
1574 1022 1602 1041 ut
1619 1016 1693 1041 dicte
1712 1016 1809 1047 regine
1829 1018 1971 1047 tamquam
1996 1014 2111 1047 predicti
2135 1014 2232 1047 pupilli

1227 1067 1299 1092 balie
1315 1074 1347 1091 30
1365 1066 1456 1099 ipsius
1474 1066 1552 1099 regni
1570 1065 1678 1098 gerenti
1696 1072 1792 1089 curam
1811 1068 1839 1088 et
1856 1063 1980 1096 regimen
2001 1066 2115 1096 pareant
2137 1062 2233 1087 humi·-

1226 1115 1291 1141 liter
1313 1119 1340 1140 et
1364 1114 1521 1144 intendant,
1545 1115 1587 1139 eis
1612 1112 1816 1138 nichilominus
1837 1110 1997 1136 districtius
2018 1110 2180 1139 inhibendo,
2200 1118 2233 1134 iie

1229 1163 1355 1198 predicto
1378 1162 1410 1188 B.
1428 1163 1540 1197 aliquod
1558 1167 1656 1188 contra
1675 1162 1801 1192 reginam
1821 1162 1910 1194 ipsam
1928 1160 2054 1185 tribuant
2070 1159 2232 1187 0005111001,

1227 1213 1364 1239 auxilium
1383 1212 1425 1237 vel
1443 1211 1579 1241 savorem,
1598 1219 1649 1236 nec
1665 1210 1719 1244 ipsi
1739 1209 1769 1235 R.
1787 1210 1829 1234 vel
1847 1210 1910 1242 ejus
1927 1209 2027 1234 balivis
2041 1216 2091 1233 seu
2109 1207 2235 1233 011101311-

1229 1261 1283 1287 bus
1299 1260 1332 1286 de
1349 1260 1475 1290 cabellis,
1494 1259 1595 1285 balivis
1620 1259 1789 1289 redditibus,
1808 1257 2029 1283 obventionibus
2046 1264 2095 1282 sou
2113 1256 2234 1289 110111115-

1229 1318 1352 1343 cumque
1365 1308 1551 1343 proventibus
1566 1313 1592 1334 et
1605 1308 1721 1341 juribus
1737 1306 1867 1340 ejusdem
1885 1306 2033 1339 regnique
2050 1305 2101 1338 ipsi
2119 1305 2234 1330 domino

1231 1358 1271 1383 vel
1289 1359 1353 1390 ejus
1369 1357 1448 1383 curie
1465 1364 1642 1382 consuevere
1660 1356 1782 1389 persolvi
1795 1355 1967 1388 respondere
1981 1358 2156 1387 presumant,
2169 1362 2233 1379 cum

1230 1406 1255 1432 si
1272 1406 1313 1432 eis
1329 1406 1363 1431 de
1381 1406 1485 1432 talibus
1502 1405 1618 1431 forsitan
1635 1404 1850 1438 responderent,
1869 1412 1922 1428 non
1938 1411 1970 1428 ex
1985 1403 2037 1427 lioc
2053 1402 2125 1436 apud
2145 1401 2234 1435 ipsum

1231 1455 1356 1488 reginam
1378 1458 1406 1480 et
1427 1454 1585 1488 predictum
1609 1454 1745 1487 pupillum
1765 1452 1886 1477 libertati
1903 1451 2059 1476 existerent
2077 1451 2124 1475 seul
2145 1458 2233 1475 renia-

1231 1508 1330 1530 nerent
1349 1502 1550 1528 nichilominus
1567 1502 1694 1533 obligati.

1266 1552 1296 1578 Si
1322 1552 1369 1585 qui
1395 1559 1460 1577 vero
1483 1555 1582 1576 contra
1607 1550 1772 1584 hujusmodi
1799 1553 1964 1583 preceptum
1989 1552 2016 1573 et
2037 1547 2234 1573 inhibitionem

1231 1605 1354 1627 vestram
1373 1600 1469 1626 venire
1487 1599 1725 1633 presumpserint,
1745 1598 1909 1632 hujusmodi
1924 1605 2045 1622 censura
2058 1595 2142 1622 simili
2156 1604 2237 1621 eoin-

1231 1657 1349 1683 pescere
1371 1648 1540 1682 procuretis.
1559 1647 1621 1673 Non
1643 1647 1776 1672 obstante
1794 1646 1815 1670 si
1836 1646 1962 1679 predicto
1984 1644 2098 1670 Baliano
2116 1645 2157 1670 vel
2175 1652 2237 1678 per-

1231 1698 1311 1724 sonis
1326 1696 1470 1730 aliquibus
1486 1705 1501 1721 a
1518 1696 1591 1721 Sede
1608 1695 1763 1729 apostolica
1781 1695 1817 1719 sit
1835 1694 1987 1725 indultum,
2010 1693 2084 1726 quod
2107 1692 2236 1718 interdici

1231 1750 1285 1772 etc.
1306 1754 1398 1779 usque
1413 1755 1417 1770 :
1431 1745 1567 1778 generali.
1582 1743 1717 1769 Invoeato
1731 1743 1763 1768 ad
1779 1743 1841 1771 linc,
1856 1748 1910 1767 tani
1928 1747 2025 1767 contra
2044 1742 2136 1774 ipsum
2154 1749 2238 1774 quam

1231 1798 1329 1820 contra
1350 1793 1571 1819 communitates
1594 1798 1621 1818 et
1647 1792 1768 1817 barones
1792 1796 1820 1816 et
1841 1791 1911 1816 alios
1934 1791 2126 1824 supradictos,
2143 1798 2167 1815 si
2190 1798 2239 1815 ne-

1231 1850 1314 1869 cesse
1331 1842 1426 1872 suerit,
1442 1841 1548 1867 auxilio
1566 1840 1673 1866 bracliii
1690 1840 1839 1865 secularis.
1857 1839 2025 1871 l'receptum
2043 1842 2136 1864 autem
2153 1846 2241 1872 super

1231 1891 1286 1917 hoc
1303 1894 1431 1916 nostrum
1448 1893 1503 1916 etc.
1523 1897 1613 1923 usque
1630 1889 1658 1914 in
1675 1889 1772 1915 finem.

1305 2085 1390 2112 ³242

1268 2146 1382 2174 Civitati
1398 2144 1532 2172 Panormi
1549 2144 1699 2171 confirmat
1715 2152 1816 2169 omnes
1832 2142 1980 2168 libertates
1995 2143 2069 2176 ejus,
2086 2145 2241 2168 consuetu-

1232 2197 1315 2223 dines
1331 2196 1498 2222 observatas
1512 2197 1641 2228 tempore
1657 2192 1799 2218 Willelmi
1816 2191 1853 2223 ΙΙ,
1869 2191 2027 2224 siclamque
2044 2198 2094 2224 pro
2111 2189 2242 2215 cudenda

1233 2249 1348 2272 moneta
1363 2247 1491 2278 tempore
1508 2242 1626 2276 Rogerii
1643 2243 1702 2275 jam
1716 2241 1851 2266 habitam.
1870 2240 1952 2274 (Rae.
1968 2239 2013 2271 ⁶24,
2032 2247 2057 2265 c.
2075 2240 2135 2270 591,
2154 2239 2172 2264 f.
2189 2238 2240 2269 9Ο;

1233 2295 1414 2325 ΚουεΝῑιειιῦ,
1431 2295 1450 2318 t.
1467 2291 1520 2323 111,
1538 2297 1569 2317 n⁰
1585 2291 1657 2323 410.)

1735 2080 1862 2115 Auagni,
1879 2081 1893 2107 5
1910 2079 2073 2114 septembre
2092 2079 2168 2106 1-355.

1276 2415 1288 2429 «
1308 2402 1421 2439 Populo
1439 2400 1575 2429 civitatis
1592 2399 1752 2433 Panormi,
1769 2398 1907 2435 fidelibus
1922 2397 2047 2426 nostris.
2065 2395 2150 2431 Quia
2165 2395 2243 2424 civi-

1234 2459 1283 2484 tas
1300 2458 1409 2484 vestra
1426 2452 1534 2491 prima
1549 2452 1637 2482 inter
1657 2451 1739 2480 alias
1758 2450 1872 2480 Sicilie
1890 2449 1927 2479 de
1945 2449 2003 2478 vili
2020 2448 2240 2487 subjectione.

1235 2508 1274 2537 ad
1291 2515 1389 2545 quam
1407 2505 1499 2535 illam
1513 2504 1639 2533 diutius
1650 2503 1753 2541 impia
1766 2511 1885 2532 manus
1901 2501 2119 2539 depresserat,
2135 2501 2174 2529 ad
2190 2509 2242 2538 op-

1235 2564 1299 2589 tate
1312 2558 1476 2588 libertatis
1491 2557 1648 2595 gaudium
1660 2555 1780 2586 vexillo
1796 2564 1875 2593 pure
1891 2554 2076 2584 devotionis
2090 2553 2243 2591 explicito

1234 2611 1394 2642 ferventis
1417 2611 1528 2648 vigore
1545 2609 1682 2647 spiritus
1699 2608 1880 2642 exurrexit,
1899 2611 2091 2644 conceptum
2111 2605 2244 2645 jamdu—

1236 2666 1313 2694 dum
1343 2662 1530 2694 suliiciendi
1558 2672 1592 2692 se
1625 2661 1714 2691 dulci
1737 2666 1768 2690 et
1795 2660 1890 2690 suavi
1915 2659 2061 2689 Ecclesie
2095 2659 2242 2687 Romane

1236 2717 1382 2747 dominio
1398 2715 1564 2746 laudabile
1576 2714 1780 2753 propositum
1792 2713 1826 2742 in
1843 2716 1972 2750 partum
1984 2711 2098 2740 11311113
2111 2714 2244 2748 oportu-

1236 2770 1339 2799 nitate
1355 2768 1552 2807 producens‚
1565 2776 1636 2802 nos,
1650 2766 1711 2796 hec
1727 2765 1879 2803 diligenti
1891 2763 2155 2794 consideratione
2168 2771 2244 2800 pen—

1237 2826 1348 2852 santes
1372 2830 1407 2851 ae
1426 2820 1574 2850 volentes
1595 2823 1767 2858 propterca
1792 2817 1897 2856 ipsius
1919 2816 2063 2846 civitatis
2085 2815 2245 2843 honorem

1237 2873 1415 2913 apostolice
1427 2873 1522 2903 Sedis
1536 2871 1710 2909 condignis
1725 2870 1841 2908 gratiis
1857 2869 2025 2907 ampliare,
2040 2867 2158 2897 vestris
2171 2876 2244 2904 sup-
