2441 3330
908 196 1131 236 PREMIERE
1153 197 1312 235 ANNEE.
2122 206 2158 236 49

63 287 127 319 que
148 276 251 307 fuerit
273 275 308 305 in
331 275 483 305 absentia
506 283 565 313 pro
588 277 701 303 nostra
724 277 754 303 et
781 271 958 310 apostolice
981 270 1075 301 Sedis

63 329 252 362 reverentia
275 332 455 367 proventus
477 326 643 365 prebende
669 335 727 355 sue
753 334 852 364 quam
873 325 909 353 in
937 323 1076 354 ecclesia

64 386 175 414 vestra
192 381 319 412 obtinet
331 380 423 419 juxta
444 378 612 408 indultum
635 377 827 416 hujusmodi
844 377 916 406 sine
935 375 1076 405 difficul-

65 441 131 467 tate
147 435 261 473 aliqua
282 432 438 463 exhibere
454 431 587 461 curetis.
609 431 659 460 Ita
675 430 762 468 quod
777 438 834 467 per
850 429 911 458 hoc
931 428 1077 458 devotio-

66 497 143 520 nem
159 491 306 518 vestram
324 485 443 515 merito
461 483 742 514 commendemus.
766 481 925 520 Alioquin
948 480 1077 510 dilectis

67 541 148 572 filiis
167 563 202 576 ..,
224 538 328 578 priori
353 537 459 568 sancti
483 535 629 566 Dionisii
653 539 683 565 et
706 534 871 564 Grimerio
892 534 931 563 de
953 533 1078 563 Corna-

68 602 165 628 zano,
184 591 343 622 canonico
366 589 540 624 Remensi,
567 587 689 617 litteris
712 586 836 616 nostris
852 585 1076 624 injungimus,

67 650 105 677 ut
119 655 177 676 vos
193 645 235 675 ad
248 644 283 674 id
292 643 476 673 monitione
494 641 700 680 presentium
715 649 773 678 per
789 647 963 669 censuram
980 637 1079 668 eccle-

69 699 256 733 siasticam,
284 695 504 735 appellatione
528 697 670 728 remota,
692 691 901 730 compellant.
925 692 1000 720 Non
1022 690 1080 720 ob-

69 755 177 782 stante
196 750 225 780 si
239 749 333 779 vobis
349 748 401 778 vel
423 747 524 777 alicui
545 750 693 777 vestrum
716 754 734 775 a
754 745 837 775 Sede
855 744 897 774 sit
913 743 1080 773 indultum

69 804 185 835 eadem
211 802 299 842 quod
325 799 622 835 excommunicari,
654 798 813 837 suspendi
842 797 895 827 vel
924 796 1080 826 interdici

0 845 25 899 ’,μ’
68 866 135 888 11011
154 856 291 895 possitis
309 855 382 885 sine
407 853 544 893 speciali
563 852 713 892 ejusdem
735 851 830 882 Sedis
854 850 1009 880 mandato
1029 851 1080 880 sa-

69 910 177 941 ciente
194 908 327 947 plenam
347 911 378 938 et
398 914 589 945 expressam
604 914 641 935 ac
657 905 696 934 de
712 904 812 934 verbo
832 903 873 933 ad
888 903 1026 933 verbum
1042 902 1080 933 de

68 962 197 993 indulto
212 961 404 1001 hujusmodi
421 959 625 990 mentionem
643 963 675 988 et
690 957 928 987 constitutione
945 956 983 986 de
1000 956 1081 985 dua—

68 1014 132 1044 bus
154 1013 252 1043 dietis
277 1016 339 1042 etc.
363 1011 538 1041 dummodo
564 1009 653 1040 ultra
677 1009 814 1039 terciam
841 1007 893 1038 vel
916 1011 1077 1046 quartam.

70 1068 144 1098 Dat.
162 1065 318 1104 Neapoli,
336 1064 447 1094 idibus
463 1062 644 1098 februarii,
666 1070 752 1092 anno
767 1061 886 1100 primo.
906 1072 919 1087 11

106 1172 140 1199 In
155 1180 181 1198 0.
198 1180 236 1199 m.
255 1191 284 1205 ..,
301 1170 409 1197 decano
425 1173 452 1196 et
467 1168 592 1204 capitulo
607 1167 860 1194 Atrebatensibus.

107 1221 140 1248 In
157 1229 183 1247 e.
198 1228 238 1248 m.
255 1239 285 1252 ..,
303 1219 410 1245 decano
426 1221 454 1244 et
469 1217 592 1252 capitulo
608 1216 861 1243 Laudunensibus.

107 1269 142 1296 In
157 1277 183 1295 e.
201 1277 240 1296 m.
257 1289 291 1303 ..,
310 1267 419 1294 decano
434 1269 463 1293 et
478 1266 603 1300 capitulo
619 1264 856 1291 Belvacensibus.

147 1443 233 1471 186
631 1439 748 1474 Naples,
765 1439 798 1466 23
812 1440 918 1466 sevrier
933 1439 1013 1467 1255.

110 1504 166 1531 Pro
193 1504 399 1531 exoneratione
424 1503 585 1529 debitorum
611 1502 750 1529 ecclesiae
779 1501 974 1528 Vir-dunensis
1003 1501 1086 1527 XXm

73 1553 211 1580 librarum
228 1553 428 1579 turonensium
440 1555 584 1586 gravatae,
597 1551 633 1577 ad
645 1551 735 1578 instar
745 1550 767 1576 1.
781 1559 870 1586 papae
882 1550 1086 1585 praedecesso-

73 1601 125 1633 ris,
135 1601 272 1636 episcopo
281 1600 459 1627 Virdunensi
468 1599 601 1626 concedit
611 1600 775 1626 facultatem
785 1599 926 1626 retinendi
935 1607 986 1634 per
998 1607 1087 1626 unum

75 1657 182 1676 annum
198 1652 358 1684 proventus
374 1649 561 1675 ecclesiarum
577 1648 712 1675 diocesis.
729 1647 813 1681 (Res.
825 1648 869 1680 24,
883 1656 908 1675 c.
924 1648 982 1680 164,
1000 1648 1020 1676 f.
1034 1648 1089 1685 ΞΟ)

119 1764 132 1778 ι(
152 1774 185 1786 ..,
203 1752 336 1789 episcopo
356 1751 551 1780 Vir-dunensi.
567 1749 688 1780 Felicis
704 1749 945 1780 recordationis
961 1751 988 1780 Ι.
1005 1759 1089 1788 papa

75 1804 288 1843 predecessor
309 1807 422 1834 noster
446 1803 585 1834 ecclesie
603 1803 844 1839 Virdunensis,
864 1812 938 1842 que,
957 1803 1043 1833 sicut
1058 1807 1088 1833 te

75 1856 252 1887 intimante
273 1861 454 1894 acceperat,
477 1865 494 1886 a
517 1856 683 1894 quondam
707 1855 998 1894 predecessoribus
1021 1856 1088 1886 tuis

76 1918 183 1948 usque
199 1909 240 1938 ad
255 1917 420 1939 summam
436 1909 500 1939 XX
519 1908 651 1938 milium
671 1908 834 1939 librarum
856 1909 1088 1939 turonensium

77 1966 109 1993 et
142 1961 284 2000 amplius
317 1966 452 2000 gravata
486 1966 535 1992 est
567 1962 633 1992 eris
668 1971 767 1992 onere
798 1962 920 1998 alieni,
935 1967 1088 2001 ·patern0

77 2015 197 2046 affectu
214 2015 417 2054 compatiens
437 2024 473 2045 ac
489 2024 547 2054 per
569 2015 630 2045 hoc
649 2015 762 2046 volens
786 2015 927 2055 alicujus
945 2016 1088 2046 subven-

77 2067 178 2098 tionis
201 2067 318 2098 solatio
335 2072 366 2097 te
383 2068 541 2106 gaudere,
559 2068 726 2098 retinendi
743 2068 783 2098 ad
802 2077 921 2098 manus
942 2072 1015 2098 tuas
1030 2077 1088 2106 per

77 2129 182 2151 unum
206 2129 331 2150 annum
350 2129 409 2159 pro
434 2121 667 2151 exoneratione
688 2121 875 2151 debitorum
896 2121 1088 2161 hujusmodi

77 2177 256 2212 proventus
274 2173 513 2204 beneficiorum
530 2173 831 2204 ecclesiasticorum
853 2174 953 2204 etiam
975 2183 1088 2204 curam

40 2267 46 2272 .
79 2226 265 2256 animarum
280 2226 487 2262 habentium,
506 2236 569 2265 (sue
587 2236 604 2256 a
620 2231 765 2265 tempore
782 2227 1007 2257 concessionis
1025 2227 1089 2257 hu-

75 2279 221 2319 jusmodi
249 2288 355 2318 usque
385 2279 427 2309 ad
457 2279 641 2309 triennium
670 2279 706 2308 in
735 2280 870 2310 civitate
899 2289 935 2310 ac
965 2280 1089 2310 diocesi

78 2331 349 2362 virdunensibus
364 2341 480 2362 vacare
496 2332 703 2370 contingeret
715 2336 746 2362 et
756 2333 962 2371 percipiendi
976 2333 1089 2372 hujus-

80 2383 167 2414 modi
194 2393 268 2414 cum
296 2384 488 2422 integritate
515 2389 694 2423 proventus
725 2394 853 2415 necnon
884 2390 915 2416 et
941 2394 1090 2425 compes-

81 2435 175 2466 cendi
197 2436 454 2466 contradictores
474 2445 532 2474 per
547 2444 723 2466 censuram
741 2437 1012 2472 ecclesiasticam,
1034 2446 1090 2476 ap-

81 2488 258 2527 pellatione
286 2493 422 2525 remota,
459 2489 623 2519 concessit
659 2490 720 2519 11111
755 2499 814 2528 per
849 2500 926 2521 suas
962 2490 1090 2521 litteras

82 2540 273 2571 facultatem
296 2551 303 2570 ε
327 2541 374 2571 ita
395 2541 482 2580 quod
505 2542 641 2571 interim
666 2542 701 2571 in
726 2543 809 2581 ipsis
836 2543 1009 2573 beneficiis
1032 2552 1091 2582 per

82 2592 218 2624 idoneos
233 2593 374 2624 vicarios
390 2594 517 2624 faceres
531 2594 704 2625 deserviri.
723 2596 798 2625 Nou
814 2596 966 2625 obstante
982 2596 1010 2625 si
1029 2596 1091 2624 ali-

83 2646 204 2686 quibus
215 2664 263 2675 —.
278 2647 346 2677 Nos
360 2646 463 2684 igitur
474 2647 723 2677 concessionem
736 2647 927 2687 hujusmodi
944 2648 1091 2678 volentes

84 2699 120 2729 in
139 2709 198 2730 suo
220 2700 337 2730 robore
358 2708 569 2738 permanere,
592 2705 701 2730 ratum
724 2705 755 2731 et
778 2702 909 2731 firmum
931 2702 1091 2731 habemus

85 2753 171 2792 quod
190 2753 230 2783 ab
251 2753 365 2783 eodem
382 2753 613 2791 predecessore
638 2763 737 2792 super
759 2754 820 2784 1100
849 2755 996 2785 noscitur
1020 2763 1092 2785 esse

84 2804 217 2835 factum.
254 2806 327 2835 Dat.
366 2805 522 2843 Neapoli,
553 2807 616 2836 VII
650 2806 809 2837 kalendas
842 2808 971 2843 martii,
1006 2816 1093 2837 anno

86 2866 202 2896 primo.
223 2870 235 2884 n

210 2924 432 2948 ALEXANDRE
451 2924 501 2955 IV,
521 2928 539 2948 t.
559 2925 578 2948 1.

1232 271 1316 300 18³2

1192 334 1345 360 Remundo
1370 334 1405 360 de
1426 334 1599 367 Bonisvilla,
1625 334 1839 367 consanguineo
1865 337 1895 359 ut
1919 334 2057 361 asseritur
2081 334 2159 368 regis

1158 382 1289 416 Angliae,
1309 382 1448 416 indulget,
1472 386 1512 416 ut,
1536 386 1648 417 praeter
1668 382 1818 408 ecclesiam
1838 381 1871 408 de
1887 381 2031 408 Westone
2049 382 2160 409 Lincol-

1160 431 1269 457 niensis
1292 431 1416 457 diocesis
1438 435 1466 457 et
1487 431 1540 457 alia
1562 431 1757 457 ecclesiastica
1783 430 1930 459 beneficia.
1954 432 2045 464 possit
2067 430 2159 457 adhuc

1160 479 1277 504 unicum
1293 479 1368 505 aliud
1384 479 1554 504 beneficium
1575 478 1803 504 ecclesiasticum
1821 479 1952 511 retinere,
1968 479 2052 504 etiam
2069 479 2092 505 si
2109 486 2160 505 cu-

1160 535 1219 552 ram
1236 526 1359 552 similem
1374 528 1531 553 animarum
1550 526 1660 552 habeat.
1678 525 1760 559 (Rm.
1777 526 1821 558 ⁶24,
1839 534 1862 552 0.
1884 526 1942 560 165,
1958 527 1976 552 f.
1993 526 2048 559 20.)

1708 269 1824 304 Naples,
1841 270 1874 296 ‘24
1891 270 1994 296 fevi-ier
2010 270 2086 297 1255.

1203 639 1216 654 «
1231 627 1384 656 Remunclo
1401 627 1434 655 de
1446 627 1629 660 Bonisvilla,
1645 626 1801 662 capellano
1816 630 1927 659 nostro,
1946 627 2056 654 rectori
2073 626 2163 654 eccle-

1161 681 1202 708 sie
1223 679 1255 708 de
1278 680 1422 713 Westone,
1447 678 1667 707 Lincolniensis
1690 677 1823 706 diocesis.
1846 676 1916 706 Etsi
1941 680 2070 714 propter
2095 685 2164 706 am-

1161 731 1322 761 bitionem
1342 748 1391 759 ——.
1415 731 1487 760 Dat.
1506 729 1663 768 Neapoli,
1683 730 1729 759 VI
1750 728 1908 758 kalendas
1928 729 2056 764 martii,
2079 737 2164 759 anno

1161 793 1279 823 primo.
1301 796 1314 810 »

1197 889 1230 915 In
1246 897 1271 914 e.
1291 897 1329 915 m.
1348 889 1484 922 magistro
1499 887 1625 914 Johanni
1642 887 1717 914 dicto
1733 886 1860 917 clai-elle,
1878 887 1981 912 rectori
1996 887 2117 913 ecclesie
2132 886 2166 912 de

1162 937 1348 972 Emingforde
1360 936 1570 963 Lincolniensis
1581 936 1716 965 diocesis,
1734 943 1825 969 usque
1840 935 2066 961 ecclesiasticum
2084 935 2167 960 bene-

1162 987 1270 1019 ficium,
1283 985 1367 1012 etiam
1380 986 1404 1012 si
1418 993 1515 1011 curam
1528 984 1650 1010 similem
1662 984 1765 1010 habeat
1776 987 1804 1009 et
1814 983 1865 1009 tibi
1876 983 2011 1009 canonice
2023 982 2164 1014 offeratur,

1163 1035 1239 1062 licite
1263 1035 1390 1069 recipere
1412 1041 1446 1059 ac
1468 1041 1525 1059 una
1545 1040 1610 1058 cum
1631 1031 1756 1058 obtentis
1774 1031 1861 1057 libere
1877 1031 2010 1064 retinere,
2027 1029 2167 1056 constitu-

1164 1085 1241 1110 tione
1257 1083 1399 1117 generalis
1414 1081 1527 1108 concilii
1539 1089 1627 1115 super
1642 1080 1696 1106 hoc
1712 1080 1803 1106 edicta
1818 1087 1873 1105 non
1890 1079 2030 1105 obstante.
2049 1078 2167 1105 Proviso

1163 1132 1240 1167 quod
1261 1131 1399 1158 beneficia
1420 1129 1588 1164 hujusmodi
1604 1129 1708 1155 debitis
1723 1132 1777 1154 etc.
1797 1136 1887 1163 usque
1903 1128 2073 1162 negligatur.
2091 1126 2167 1152 Nulli

1164 1185 1219 1207 etc.
1238 1184 1335 1206 nostre
1350 1178 1548 1206 concessionis
1564 1181 1619 1204 etc.
1636 1176 1701 1203 Dat.
1719 1179 1861 1210 utsupra.

1240 1361 1324 1389 188

1203 1423 1334 1458 Capitulo
1357 1421 1504 1448 Parmensi
1526 1420 1669 1454 indulget,
1688 1423 1718 1445 ut
1733 1415 2037 1444 excommunicationis
2053 1417 2169 1441 senten-

1169 1473 1236 1499 tiam
1266 1471 1448 1506 promulgare
1479 1469 1590 1495 valeant
1619 1468 1648 1494 in
1677 1468 1863 1501 usurpatores
1893 1463 2030 1490 ecclesiae
2058 1470 2167 1488 eorum.

1169 1521 1252 1554 (Res.
1267 1520 1312 1553 ⁶24,
1330 1527 1355 1546 c.
1374 1518 1434 1549 166,
1452 1518 1470 1544 f.
1488 1517 1554 1548 QOV.)

1739 1355 1854 1391 Naples,
1875 1355 1911 1380 lflr
1927 1361 2002 1380 mars
2020 1353 2095 1379 1255.

1212 1635 1225 1649 a
1253 1622 1392 1660 Capitulo
1413 1620 1584 1649 Parmensi.
1608 1619 1654 1647 Ex
1677 1616 1838 1647 relatione
1863 1613 1975 1644 dilecti
1996 1613 2057 1642 filii
2082 1611 2171 1642 Guil-

1169 1676 1276 1710 lelmi,
1314 1672 1632 1711 niagistriscolarum
1667 1668 1873 1702 Parmensis,
1909 1658 2172 1696 vicecancellarii

1171 1729 1287 1768 nostri,
1308 1727 1430 1757 nostris
1449 1730 1498 1756 est
1518 1724 1655 1755 auribus
1670 1722 1861 1752 intimatum
1877 1720 1963 1759 quod
1983 1717 2172 1749 Parmensis

1171 1782 1311 1813 ecclesia
1326 1790 1384 1819 per
1401 1779 1557 1809 audacem
1576 1775 1790 1806 insolentiam
1806 1774 1997 1812 iniquorum
2017 1772 2173 1809 frequen-

1170 1840 1220 1865 ter
1243 1834 1367 1873 patitur
1389 1833 1423 1862 in
1444 1832 1514 1861 suis
1534 1830 1648 1864 rebus,
1672 1828 1803 1868 juribus
1831 1835 1867 1856 ac
1884 1823 2173 1864 jurisdictionibus

1171 1888 1418 1918 detrimentum.
1435 1884 1592 1915 Volentes
1610 1883 1713 1920 igitur
1731 1880 1836 1919 ipsius
1851 1878 1988 1909 ecclesie
2005 1886 2103 1915 quam
2121 1876 2173 1905 in-

1171 1941 1337 1971 tendimus
1364 1938 1519 1977 precipue
1545 1936 1681 1966 obtentu
1710 1932 1857 1972 ejusdem
1885 1928 2172 1967 viceca[n]cellarii

1170 1993 1326 2033 prosequi
1339 1993 1450 2021 favore
1465 1989 1619 2027 benigno,
1630 1991 1666 2017 ut
1678 1987 1713 2016 in
1726 1988 1949 2022 usurpatores,
1963 1985 2173 2019 occupatores

1171 2051 1202 2077 et
1223 2047 1395 2076 invasores
1416 2043 1543 2083 jurium
1563 2045 1593 2071 et
1615 2040 1776 2070 bonorum
1797 2036 1903 2075 ipsius
1926 2034 2063 2065 ecclesie
2086 2036 2117 2063 et
2138 2032 2177 2061 in

1171 2109 1226 2130 eos
1249 2099 1306 2138 qui
1327 2095 1577 2137 jurisdictiones
1600 2093 1652 2122 vel
1673 2092 1749 2130 jura
1778 2088 1924 2128 quelibet
1947 2086 2094 2117 redditus
2115 2093 2172 2115 5011

1169 2155 1348 2191 proventus
1378 2158 1441 2188 que
1475 2147 1538 2185 ipsi
1573 2145 1734 2175 debentur
1770 2140 1907 2171 ecclesie
1939 2137 2173 2175 denegaverint

1170 2205 1336 2238 exhibere,
1355 2202 1383 2231 si
1398 2202 1433 2231 in
1450 2208 1569 2238 genere
1583 2197 1634 2227 vel
1649 2197 1684 2226 in
1701 2195 1808 2233 specie
1821 2192 1980 2223 canonica
1992 2190 2173 2220 monitione

1169 2255 1375 2297 presentium
1391 2248 1740 2283 excommunicationis
1752 2244 1959 2285 promulgare
1974 2241 2174 2273 sententiam

1170 2309 1324 2343 valeatis,
1362 2305 1555 2336 auctoritate
1590 2302 1683 2332 vobis
1717 2298 1922 2338 presentium
1950 2295 2172 2332 indulgemus.

1170 2362 1263 2393 Nulli
1287 2365 1348 2391 etc.
1373 2362 1483 2388 nostre
1506 2353 1731 2386 concessionis
1750 2355 1811 2382 etc.
1837 2351 1911 2380 Dat.
1937 2346 2091 2386 Neapoli,
2115 2345 2174 2375 ka-

1170 2415 1278 2446 lendis
1294 2411 1416 2447 martii,
1435 2418 1521 2440 anno
1536 2408 1654 2447 primo.
1676 2418 1688 2432 11

1724 2587 1840 2622 Naples,
1858 2585 1890 2612 ‘28
1906 2583 2006 2611 fevi-iei-
2026 2581 2102 2608 1‘255.

1247 2597 1330 2627 189

1209 2661 1305 2687 Electo
1328 2658 1462 2693 Capuano
1485 2653 1616 2682 concedit
1639 2652 1801 2678 facultatem
1825 2646 1967 2674 statuendi
1992 2642 2172 2678 quotidianas

1174 2708 1391 2736 distributiones
1407 2703 1552 2732 canonicis
1569 2700 1707 2728 ecclesiae
1723 2698 1884 2732 Capuauae.
1901 2694 1981 2727 (Rae.
2000 2692 2032 2718 24
2043 2711 2050 2724 ‚
2067 2699 2093 2717 c.
2115 2690 2172 2718 1117,

1176 2759 1194 2785 s.
1210 2757 1279 2790 20'.)

1315 2858 1402 2886 electo
1427 2855 1578 2891 Capuano.
1602 2850 1646 2880 Ut
1668 2845 1819 2878 canonici
1839 2841 1986 2881 Capuani
2009 2848 2046 2869 eo
2067 2837 2173 2867 liben-

2040 2904 2054 2927 '1

1218 2872 1231 2885 <‹
1257 2881 1288 2893 ..,
