2498 3325
242 245 293 274 180
963 242 1202 273 REGISTRES
1224 241 1530 273 D'ALEXANDRE
1555 244 1607 273 1V.

236 309 292 348 qui
310 309 340 339 ei
355 309 441 339 sicut
457 309 691 347 propagatione
710 309 885 347 sanguinis
902 309 949 339 sic
965 309 1150 339 devotionis
1168 308 1245 337 imi-

235 362 358 392 tatione
376 361 539 396 succedit,
562 370 621 391 nos
638 366 828 392 ammonent
844 366 875 392 et.
892 362 1069 391 inducunt.
1089 365 1125 390 ut
1141 360 1245 390 eccle-

235 414 318 444 siam
348 418 491 444 vestram
520 414 556 443 in
583 422 648 452 qua
673 414 792 452 prefati
819 414 907 451 regis
934 423 1051 452 corpus
1079 412 1245 452 sepultum

235 467 418 496 dinoscitur
436 466 649 496 honorantes.
668 466 844 496 reddamus
861 466 966 504 ipsam
984 466 1185 504 specialibus
1205 467 1246 508 ti.-

235 519 313 549 tulis
339 519 547 557 insignitam.
577 520 647 549 Hac
673 519 776 556 igitur
806 519 1071 549 consideratione
1098 519 1243 555 inducti,

235 576 269 602 ut
287 581 342 602 sex
359 581 499 609 persone
517 572 695 609 dignitates
712 571 762 601 vel
783 576 981 610 personatus
1003 572 1036 601 in
1057 572 1170 602 eadem
1192 582 1245 602 ec·-

233 624 335 654 clesia
355 624 543 654 obtinentes
562 633 599 653 ac
623 632 832 654 successores
857 633 970 654 earum
993 624 1027 654 in
1050 629 1245 663 perpetuum

234 676 343 706 mitris
371 676 419 706 uti
449 675 552 706 libere
581 676 731 711 valcant,
759 676 852 706 vobis
882 680 912 706 et
940 677 1065 707 eisdem
1094 678 1245 715 personis

235 730 430 760 auctoritate
456 729 662 767 presentium
684 729 907 767 indulgemus.
934 729 1025 760 Nulli
1047 735 1108 760 etc.
1133 734 1244 760 nostre

234 782 460 812 concessionis
482 786 540 812 etc.
568 783 641 812 Dat.
668 782 836 820 Anagnie,
857 783 939 813 VIII
956 783 1030 813 idus
1043 783 1138 823 julii,
1157 792 1244 814 anno

235 836 352 874 primo.
373 849 385 861 n
1216 838 1223 844 ⁹

303 1048 387 1077 581
809 1048 934 1082 thiagni,
953 1049 966 1074 7
980 1048 1075 1082 juillet
1095 1048 1170 1075 1‘255.

271 1098 423 1144 Episcopo
439 1110 610 1143 Segobiensi
637 1110 769 1137 concedit
793 1111 955 1137 facultatem
982 1110 1185 1145 dispensandi,
1213 1115 1243 1138 ut

235 1158 403 1185 Fernandus
418 1159 540 1192 Velasci,
555 1159 744 1192 Segobiensis
756 1159 924 1192 canonieus,
940 1168 1004 1185 cum
1016 1159 1189 1193 dignitatein
1201 1169 1234 1186 ec

233 1207 320 1234 clesia
344 1207 486 1242 burgensi
508 1208 672 1242 recipienda
691 1208 880 1242 praebendam
897 1216 978 1234 suam
1001 1209 1124 1235 retinere
1140 1209 1241 1242 valeat¹

236 1264 290 1282 non
311 1257 443 1283 obstante
466 1257 677 1283 cousuetudine
700 1257 890 1291 Segobiensis
914 1258 1064 1283 ecclcsiae.
1093 1257 1174 1290 (Rau.
1197 1258 1240 1286 Ἧι,

232 1312 259 1330 c.
276 1304 338 1336 479,
353 1305 370 1331 l'.
386 1305 441 1338 71.)

275 1431 286 1444 11
311 1442 342 1453 ..,
362 1420 494 1456 episcopo
511 1420 690 1456 Seyobiensi.
711 1420 796 1449 Nota
815 1420 920 1450 virtus
938 1424 968 1450 et
985 1421 1115 1451 enitens
1131 1422 1243 1460 probi-

236 1474 294 1503 tas,
317 1470 413 1500 decor
434 1480 561 1501 morum
583 1475 613 1500 ct
635 1472 788 1510 adjacens
807 1473 948 1502 scientia
964 1473 1119 1504 litteralis
1136 1474 1244 1514 adjec-

235 1523 290 1558 tio,
307 1523 428 1561 quibus
440 1523 580 1554 dilectus
595 1524 684 1554 lilius
699 1525 892 1555 Fernnndus
903 1526 1046 1562 Velasci,
1063 1527 1243 1565 8000111011-

234 1576 280 1605 sis
313 1577 510 1612 canonicus,
540 1577 754 1608 laudabiliter
779 1578 901 1613 enitet,
935 1578 973 1608 ad
1001 1580 1187 1610 faciendam
1213 1582 1243 1610 ei

234 1629 373 1666 gratiam
394 1638 452 1659 nos
476 1629 648 1659 inducunt.
679 1631 765 1660 Hinc
791 1635 839 1661 est
860 1632 962 1669 quod,
987 1641 1061 1661 cum
1084 1633 1119 1662 in
1143 1634 1243 1671 Sego-

234 1681 340 1711 biensi
362 1681 500 1711 ecclesia
522 1682 560 1711 de
585 1683 825 1713 consuetudine
841 1683 1003 1714 habentur
1019 1685 1119 1723 quod.
1137 1686 1165 1716 si
1182 1686 1244 1716 ali-

233 1734 309 1772 quis
327 1734 433 1771 ipsius
448 1734 585 1765 ecclesie
602 1736 782 1765 canonicus
795 1736 828 1765 in
846 1736 957 1775 aliqua
971 1738 1111 1768 ecclesia
1127 1740 1244 1777 recipit

234 1786 446 1823 dignitatem,
471 1793 588 1817 extunc
609 1788 647 1817 dc
666 1789 890 1819 mansionario
910 1791 1071 1821 etliciatur
1094 1797 1243 1822 extrava-

233 1849 314 1877 gans
338 1840 370 1868 in
394 1840 518 1875 eadem,
542 1844 572 1870 et
595 1841 665 1879 ipse
682 1841 863 1872 obtinuerit
886 1843 924 1873 [le
949 1845 1127 1881 apostolice
1149 1846 1243 1876 Sedis

233 1892 339 1929 gratia
356 1892 492 1930 speciali
509 1893 595 1931 quod
611 1894 649 1924 de
664 1894 836 1931 dignitate,
852 1897 1096 1934 quamprimum
1110 1898 1145 1926 in
1159 1899 1243 1927 Bur-

235 1945 326 1982 gensi
345 1945 486 1975 ccclesia
502 1956 617 1976 vacare
636 1948 822 1984 contigerit.
840 1950 1052 1986 provideatur
1067 1951 1190 1986 eidem,
1209 1956 1244 1981 ut

234 1998 297 2028 sibi
323 1998 512 2037 hujusmodi
536 2000 640 2036 gratia
658 2001 827 2030 fructuosa
847 2001 1013 2034 reddatur,
1036 2003 1142 2041 ipsius
1166 2014 1243 2042 sup-

235 2050 470 2088 plicationibus
494 2052 662 2087 inclinati,
682 2053 741 2082 libi
758 2054 843 2092 quod
867 2064 939 2083 vum
957 2065 993 2085 eo
1016 2061 1051 2085 ut
1069 2057 1243 2086 canoniam

234 2107 265 2133 et
284 2103 484 2141 prebendam
503 2114 585 2142 quas
604 2105 638 2134 in
657 2106 770 2135 eadum
788 2107 984 2144 Segobicnsi
1000 2109 1140 2139 ecclesia
1158 2109 1244 2139 obti-

235 2155 307 2185 nuit
332 2166 405 2184 rum
432 2156 592 2193 dignitate
618 2158 755 2195 prefata,
776 2164 949 2198 postquam
973 2170 1043 2190 eam
1071 2166 1244 2192 assecutus

233 2208 333 2238 suerit
362 2213 519 2247 tanquam
546 2210 804 2247 mansionarius,
835 2212 925 2242 licite
953 2214 1096 2243 retinere
1124 2215 1242 2250 valeat,

233 2269 297 2289 non
315 2261 465 2291 obstante
483 2262 648 2291 antedicta
665 2265 904 2295 &insuetudinc
928 2266 977 2296 vel
998 2271 1120 2298 statuto
1137 2268 1244 2306 quoli-

234 2313 298 2345 bet,
313 2313 513 2352 ι11111111111110,
528 2316 777 2346 confirmatione
796 2318 890 2348 Sedis
907 2319 1084 2356 apostolice
1099 2320 1244 2359 101111111-

234 2374 373 2404 cumque
399 2367 585 2396 llrmatione
611 2367 674 2397 alia
705 2369 866 2405 roborato,
893 2371 1086 2409 dispensare
1114 2373 1242 2410 valeas,

197 2438 200 2440 v
234 2417 371 2446 inm-am
385 2419 596 2450 concedimus
610 2421 805 2452 auctoritate
818 2424 1022 2460 presentium
1040 2425 1242 2456 facultatem.

236 2471 308 2499 Dat.
327 2471 488 2507 Anagnie,
508 2472 604 2502 nonis
617 2473 710 2511 julii,
731 2484 817 2505 anno
834 2476 948 2513 primo.
971 2490 983 2503 »

307 2688 396 2717 582
822 2694 948 2729 Anagni,
965 2696 997 2723 96
1011 2697 1075 2731 juin
1095 2698 1171 2725 1255.

271 2750 410 2784 Magistro
431 2751 586 2778 Godesrido
603 2753 638 2778 dc
655 2753 792 2789 Rupella,
810 2758 913 2784 rectori
929 2759 1067 2787 ecclesiae
1081 2769 1106 2787 s.
1125 2761 1243 2790 Lueiani

234 2799 269 2826 de
291 2799 468 2833 Haquevilla,
492 2799 739 2837 Rothomagensis
760 2804 893 2837 diocesis,
918 2807 1055 2842 indulget,
1075 2814 1114 2843 ut,
1134 2800 1244 2844 praeter

236 2848 372 2880 beneficia
389 2847 585 2876 ecclesiastica
599 2858 673 2884 quae
690 2852 800 2878 obtinet
815 2862 911 2880 curam
928 2857 1086 2883 animarum
1099 2859 1241 2891 habentia,

235 2904 322 2930 super
338 2896 444 2930 quibus
460 2897 706 2931 dispensationem
723 2902 897 2934 apostolicae
912 2903 996 2931 Sedis
1012 2905 1106 2938 nabet,
1125 2908 1241 2935 unicum
1281 2903 1285 2941 1

1329 308 1404 334 aliud
1427 308 1598 336 beneficium
1619 310 1867 345 ecclesiasticum,
1883 311 1968 337 etiam
1992 314 2186 345 personatum,
2208 311 2336 346 recipere

1329 357 1428 384 valeat.
1448 357 1529 391 (Rae.
1546 358 1590 389 24,
1607 366 1632 385 0.
1650 359 1712 392 ⁴80,
1729 359 1748 385 f.
1767 360 1821 390 71.)

1369 484 1382 498 <c
1401 473 1544 510 Magistro
1563 473 1720 509 Godesrido
1740 474 1774 502 cle
1795 474 1939 511 Rupella,
1962 475 2074 503 rectori
2097 475 2215 504 ecclesie
2235 475 2336 504 sancti

1326 525 1458 554 Luciani
1473 525 1506 553 de
1525 525 1718 562 Haquevitca,
1735 526 1979 563 Rothomaqensis
1995 526 2130 556 diocesis.
2148 527 2218 557 Etsi
2238 536 2336 566 prop-

1327 580 1377 606 ter
1399 576 1598 608 ambitiones
1621 595 1666 608 —.
1696 579 1770 608 Dat.
1796 578 1961 617 Anagnie,
1989 579 2035 610 VI
2060 578 2218 610 kalendas
2239 579 2333 619 julii,

1327 637 1414 665 anno
1430 629 1547 667 primo.
1567 642 1580 657 »
2183 639 2186 642 ⁴

1398 847 1486 876 583
1916 849 2042 884 Anagni.
2055 850 2088 878 ‘28
2101 849 2165 885 juin
2183 850 2262 878 1255.

1362 908 1489 936 Thomae
1506 909 1582 936 dicto
1600 909 1753 940 Macharel,
1771 911 1875 938 rectori
1891 911 2014 938 ecclesie
2030 911 2064 938 de
2081 910 2170 938 Stoke
2186 911 2336 944 Gummer,

1326 957 1532 984 Bathoniensis
1549 958 1684 993 diocesis,
1701 959 1776 986 idem
1792 959 1952 1003 dispensat.
1972 959 2056 993 (Rea.
2070 960 2115 994 24,
2131 968 2157 988 c.
2174 960 2235 993 ⁴8¹,
2249 961 2268 988 f.
2280 961 2336 994 71.)

1368 1085 1381 1099 «
1402 1074 1509 1102 Thome
1525 1074 1604 1103 dicto
1619 1075 1782 1110 Machor-el,
1800 1076 1912 1104 rectori
1927 1075 2045 1104 ecclesie
2060 1075 2094 1104 de
2109 1075 2334 1113 Stolsqummer,

1325 1126 1538 1155 Bathoniensis
1554 1127 1689 1156 diocesis.
1708 1127 1799 1157 Licet
1822 1127 1941 1166 nequis
1959 1127 2072 1166 plures
2085 1145 2133 1157 —.
2151 1128 2225 1158 Dat.
2244 1128 2336 1158 Ana-

1326 1178 1412 1216 gnie,
1433 1180 1501 1210 1111
1516 1179 1675 1210 kalendas
1688 1179 1782 1219 julii,
1802 1189 1888 1210 anno
1904 1181 2022 1219 primo.
2042 1192 2055 1207 >2

1396 1398 1485 1426 584
1883 1398 2010 1432 Anagni,
2029 1397 2057 1424 11
2072 1398 2168 1432 juillet
2185 1397 2263 1426 ¹255.

1361 1459 1514 1486 Guillelmo
1535 1459 1628 1486 abbati
1650 1468 1673 1485 s.
1698 1459 1812 1486 Martini
1829 1459 1974 1487 Eduensis
1990 1464 2018 1486 et
2033 1460 2256 1487 successoribus
2269 1461 2336 1495 ejus

1327 1517 1412 1535 usum
1433 1508 1544 1542 mitrae,
1566 1509 1673 1542 annuli,
1696 1509 1918 1542 eirothecarum,
1941 1508 2145 1541 sandaliorum,
2169 1509 2284 1536 tunicae
2302 1516 2337 1536 ac

1325 1557 1492 1584 dalmaticae
1508 1557 1650 1584 concedit.
1668 1557 1752 1591 (Rs-zo.
1769 1557 1812 1588 24.
1830 1565 1855 1583 c.
1873 1556 1934 1591 482,
1953 1557 1970 1583 f.
1989 1557 2044 1591 71.)

1367 1687 1380 1701 «
1401 1675 1578 1707 Guilldwno,
1597 1674 1754 1711 capellano
1775 1678 1892 1709 nostro,
1919 1673 2021 1702 abbati
2039 1678 2064 1702 et
2087 1674 2252 1703 conventui
2271 1681 2338 1702 mo-

1325 1729 1456 1757 nasterii
1471 1728 1571 1756 sancti
1589 1727 1719 1755 Martini
1733 1726 1895 1761 Emensis,
1914 1727 2033 1755 ordinis
2053 1727 2154 1756 sancti
2171 1727 2336 1756 Benedicti.

1326 1781 1371 1811 Ut
1382 1779 1494 1819 pulcra
1506 1784 1534 1809 et
1546 1780 1664 1809 decora
1679 1783 1740 1809 etc.
1755 1788 1861 1817 usqne
1876 1789 1882 1808 :
1901 1778 2001 1809 decus
2012 1779 2183 1817 proprium
2199 1783 2230 1809 et
2245 1778 2337 1809 deco-

1325 1842 1406 1863 rem.
1424 1833 1614 1870 Eapropter.
1633 1832 1745 1862 dilecti
1759 1832 1793 1860 in
1808 1831 1948 1861 Domino
1962 1831 2035 1866 filii,
2051 1831 2172 1862 vestris
2182 1831 2337 1870 precibus

1326 1885 1491 1920 inclinati⁷
1510 1893 1606 1914 usum
1621 1884 1718 1913 mitre
1735 1888 1766 1914 et
1782 1884 1886 1919 anuli,
1905 1884 2159 1920 cirothecarum,
2175 1883 2337 1914 sandalio-

1325 1948 1414 1975 rum,
1434 1939 1544 1968 tunice
1561 1947 1598 1967 ac
1614 1937 1789 1968 dalmatice
1805 1937 1877 1973 tibi,
1896 1937 1942 1967 fili
1960 1937 2072 1973 abbas,
2091 1942 2121 1967 et
2139 1937 2338 1968 successori-

1326 1992 1388 2021 bus
1400 1992 1466 2021 tuis
1478 1991 1512 2020 in
1527 1994 1721 2029 perpetuum
1734 1988 1888 2020 duximus
1901 1990 2158 2020 concedendum.
2169 1989 2262 2020 Nulli
2273 1993 2336 2020 etc.

1328 2049 1438 2075 nostre
1461 2044 1687 2074 concessionis
1711 2048 1771 2073 etc.
1788 2043 1872 2073 Dat.
1902 2043 2070 2081 Anagnie,
2092 2044 2121 2073 V
2145 2042 2220 2073 idus
2241 2041 2334 2082 julii,

1328 2106 1415 2127 anno
1432 2097 1550 2135 primo.
1571 2109 1582 2122 n

1398 2316 1487 2345 585
1884 2314 2010 2348 Magni,
2031 2315 2057 2340 ll
2074 2314 2169 2348 juillet
2186 2314 2263 2342 1255.

1364 2378 1463 2405 Eidem
1487 2377 1580 2404 abbati
1604 2382 1632 2403 et
1655 2377 1810 2403 conventui
1833 2375 1895 2410 ojus
1913 2376 2057 2410 indulget,
2076 2380 2107 2402 ut
2128 2376 2287 2411 parrochiis
2309 2379 2338 2402 et

1327 2428 1400 2454 locis
1417 2436 1466 2462 pro
1488 2436 1519 2452 ea
1537 2426 1666 2461 portione
1682 2434 1738 2460 qua
1756 2430 1867 2452 veteres
1884 2426 2047 2460 percipiunt
2062 2425 2206 2452 novalium
2222 2433 2338 2460 quoque

1328 2476 1455 2503 decimas
1473 2476 1621 2511 percipere
1638 2475 1759 2501 valeant.
1779 2474 1860 2505 (Rea.
1873 2474 1917 2505 24,
1934 2482 1960 2500 c.
1979 2473 2050 2505 4822,
2068 2474 2087 2500 f.
2106 2473 2161 2508 71.)

1371 2605 1383 2619 κ
1399 2592 1530 2621 Eisdem.
1542 2590 1631 2621 Solet
1644 2598 1791 2619 annuere
1802 2593 1863 2619 etc.
1875 2598 1981 2627 usque
1993 2598 2000 2617 ε
2010 2588 2186 2627 impertiri.
2197 2588 2338 2627 Eaprop-

1328 2648 1389 2679 ter,
1405 2643 1517 2674 dilecti
1529 2643 1563 2672 in
1577 2642 1718 2672 Domino
1728 2641 1800 2677 filii,
1811 2641 1932 2671 vestris
1942 2641 2043 2680 justis
2055 2640 2338 2679 postulationibus

1329 2700 1421 2734 grato
1446 2699 1681 2726 concurrentes
1704 2702 1859 2729 assensu,
1878 2693 1971 2723 vobis
1990 2692 2185 2723 auctoritate
2201 2701 2338 2731 presen-

1329 2749 1412 2779 tium
1429 2748 1652 2786 indulgemus,
1666 2751 1701 2777 ut
1717 2746 1902 2785 parrochiis
1919 2750 1949 2776 et
1961 2745 2043 2776 locis
2058 2754 2117 2784 pro
2135 2754 2173 2775 ea
2187 2745 2338 2784 portione

1328 2811 1393 2840 qua
1408 2805 1537 2831 veteres
1553 2800 1725 2839 percipitis
1741 2799 1909 2830 novalium
1927 2808 2057 2838 quoque
2073 2798 2220 2829 decimas
2235 2798 2337 2837 perci-

1326 2863 1403 2892 pere
1426 2853 1576 2883 valeatis.
1596 2853 1689 2883 Nulli
1713 2857 1774 2883 etc.
1798 2856 1910 2883 nostre
1930 2851 2156 2882 concessionis
2176 2855 2237 2882 etc.
2261 2852 2335 2881 Dat.

1326 2910 1361 2935 ut
1379 2915 1489 2944 supra.
1510 2918 1521 2933 »

2479 1823 2498 2068 mansu-iwanu-
2490 1794 2498 1806 ·.
