<?xml version="1.0" encoding="UTF-8"?>
<!DOCTYPE html PUBLIC "-//W3C//DTD XHTML 1.0 Transitional//EN"
    "http://www.w3.org/TR/xhtml1/DTD/xhtml1-transitional.dtd">
<html xmlns="http://www.w3.org/1999/xhtml" xml:lang="en" lang="en">
 <head>
  <title>
</title>
<meta http-equiv="Content-Type" content="text/html;charset=utf-8" />
  <meta name='ocr-system' content='tesseract 3.04.00' />
  <meta name='ocr-capabilities' content='ocr_page ocr_carea ocr_par ocr_line ocrx_word'/>
</head>
<body>
  <div class='ocr_page' id='page_1' title='image "./lesregistresdale01cathuoft_0079.png"; bbox 0 0 2441 3330; ppageno 0'>
   <div class='ocr_carea' id='block_1_1' title="bbox 975 185 1379 226">
    <p class='ocr_par' dir='ltr' id='par_1_1' title="bbox 975 185 1379 226">
     <span class='ocr_line' id='line_1_1' title="bbox 975 185 1379 226; baseline 0.01 -4"><span class='ocrx_word' id='word_1_1' title='bbox 975 185 1198 223; x_wconf 81' lang='lat' dir='ltr'>PREMIERE</span> <span class='ocrx_word' id='word_1_2' title='bbox 1219 188 1379 226; x_wconf 81' lang='lat' dir='ltr'>ANNEE.</span> 
     </span>
    </p>
   </div>
   <div class='ocr_carea' id='block_1_2' title="bbox 130 252 1134 339">
    <p class='ocr_par' dir='ltr' id='par_1_2' title="bbox 130 252 1134 339">
     <span class='ocr_line' id='line_1_2' title="bbox 130 252 1134 288; baseline 0.006 -10"><span class='ocrx_word' id='word_1_3' title='bbox 130 253 184 279; x_wconf 86' lang='lat' dir='ltr'>alia</span> <span class='ocrx_word' id='word_1_4' title='bbox 204 252 278 278; x_wconf 89' lang='lat' dir='ltr'>bona</span> <span class='ocrx_word' id='word_1_5' title='bbox 298 253 463 279; x_wconf 76' lang='lat' dir='ltr'>monasterii</span> <span class='ocrx_word' id='word_1_6' title='bbox 479 262 552 288; x_wconf 86' lang='lat' dir='ltr'>quac</span> <span class='ocrx_word' id='word_1_7' title='bbox 569 259 743 281; x_wconf 84' lang='lat' dir='ltr'>memoratus</span> <span class='ocrx_word' id='word_1_8' title='bbox 758 255 933 283; x_wconf 72' lang='lat' dir='ltr'>Benedictus</span> <span class='ocrx_word' id='word_1_9' title='bbox 950 257 1076 285; x_wconf 85' lang='lat' dir='ltr'>detinere</span> <span class='ocrx_word' id='word_1_10' title='bbox 1091 258 1134 284; x_wconf 89' lang='lat' dir='ltr'>di-</span> 
     </span>
     <span class='ocr_line' id='line_1_3' title="bbox 130 302 1042 339; baseline 0.004 -11"><span class='ocrx_word' id='word_1_11' title='bbox 130 302 206 328; x_wconf 84' lang='lat' dir='ltr'>citur</span> <span class='ocrx_word' id='word_1_12' title='bbox 221 305 318 328; x_wconf 84' lang='lat' dir='ltr'>contra</span> <span class='ocrx_word' id='word_1_13' title='bbox 331 302 472 336; x_wconf 84' lang='lat' dir='ltr'>justitiam</span> <span class='ocrx_word' id='word_1_14' title='bbox 489 307 637 337; x_wconf 85' lang='lat' dir='ltr'>occupata.</span> <span class='ocrx_word' id='word_1_15' title='bbox 655 302 737 335; x_wconf 66' lang='lat' dir='ltr'>(Rau.</span> <span class='ocrx_word' id='word_1_16' title='bbox 754 305 798 335; x_wconf 72' lang='lat'>⁶24.</span> <span class='ocrx_word' id='word_1_17' title='bbox 816 313 841 331; x_wconf 81' lang='lat' dir='ltr'>e.</span> <span class='ocrx_word' id='word_1_18' title='bbox 858 305 933 339; x_wconf 65' lang='lat'>209²,</span> <span class='ocrx_word' id='word_1_19' title='bbox 951 306 969 332; x_wconf 85' lang='lat' dir='ltr'>s.</span> <span class='ocrx_word' id='word_1_20' title='bbox 986 305 1042 338; x_wconf 72' lang='lat'>⁶28.)</span> 
     </span>
    </p>
   </div>
   <div class='ocr_carea' id='block_1_3' title="bbox 130 403 1136 496">
    <p class='ocr_par' dir='ltr' id='par_1_3' title="bbox 130 403 1136 496">
     <span class='ocr_line' id='line_1_4' title="bbox 172 403 1136 437; baseline 0.006 -6"><span class='ocrx_word' id='word_1_21' title='bbox 172 417 185 431; x_wconf 80' lang='grc'>«</span> <span class='ocrx_word' id='word_1_22' title='bbox 205 405 302 435; x_wconf 73' lang='lat' dir='ltr'>Moro,</span> <span class='ocrx_word' id='word_1_23' title='bbox 324 404 470 433; x_wconf 77' lang='lat' dir='ltr'>canonico</span> <span class='ocrx_word' id='word_1_24' title='bbox 491 403 698 433; x_wconf 64' lang='lat' dir='ltr'>Salernitana</span> <span class='ocrx_word' id='word_1_25' title='bbox 721 405 920 435; x_wconf 82' lang='lat' dir='ltr'>Petitionem</span> <span class='ocrx_word' id='word_1_26' title='bbox 943 406 1054 436; x_wconf 86' lang='lat' dir='ltr'>dilecti</span> <span class='ocrx_word' id='word_1_27' title='bbox 1074 407 1136 437; x_wconf 84' lang='lat' dir='ltr'>filii</span> 
     </span>
     <span class='ocr_line' id='line_1_5' title="bbox 130 457 987 496; baseline -0.001 -10"><span class='ocrx_word' id='word_1_28' title='bbox 130 475 179 486; x_wconf 95' lang='lat'>—.</span> <span class='ocrx_word' id='word_1_29' title='bbox 197 458 269 487; x_wconf 84' lang='lat' dir='ltr'>Dat.</span> <span class='ocrx_word' id='word_1_30' title='bbox 291 457 441 495; x_wconf 79' lang='lat' dir='ltr'>Neapoli,</span> <span class='ocrx_word' id='word_1_31' title='bbox 458 458 488 487; x_wconf 85' lang='lat' dir='ltr'><strong>V</strong></span> <span class='ocrx_word' id='word_1_32' title='bbox 505 457 579 486; x_wconf 84' lang='lat' dir='ltr'>idus</span> <span class='ocrx_word' id='word_1_33' title='bbox 593 457 716 492; x_wconf 73' lang='lat' dir='ltr'>martii,</span> <span class='ocrx_word' id='word_1_34' title='bbox 735 467 821 487; x_wconf 87' lang='lat' dir='ltr'>anno</span> <span class='ocrx_word' id='word_1_35' title='bbox 834 458 951 496; x_wconf 88' lang='lat' dir='ltr'>primo.</span> <span class='ocrx_word' id='word_1_36' title='bbox 974 472 987 485; x_wconf 86' lang='lat'>»</span> 
     </span>
    </p>
   </div>
   <div class='ocr_carea' id='block_1_4' title="bbox 201 635 286 664">
    <p class='ocr_par' dir='ltr' id='par_1_4' title="bbox 201 635 286 664">
     <span class='ocr_line' id='line_1_6' title="bbox 201 635 286 664; baseline 0.012 -1"><span class='ocrx_word' id='word_1_37' title='bbox 201 635 286 664; x_wconf 72' lang='lat'>252</span> 
     </span>
    </p>
   </div>
   <div class='ocr_carea' id='block_1_5' title="bbox 127 695 1136 873">
    <p class='ocr_par' dir='ltr' id='par_1_5' title="bbox 127 695 1136 873">
     <span class='ocr_line' id='line_1_7' title="bbox 166 695 1136 730; baseline 0.001 -8"><span class='ocrx_word' id='word_1_38' title='bbox 166 695 303 729; x_wconf 78' lang='lat' dir='ltr'>Magistro</span> <span class='ocrx_word' id='word_1_39' title='bbox 318 695 436 722; x_wconf 80' lang='lat' dir='ltr'>Nicolao</span> <span class='ocrx_word' id='word_1_40' title='bbox 453 695 487 721; x_wconf 90' lang='lat' dir='ltr'>de</span> <span class='ocrx_word' id='word_1_41' title='bbox 503 695 656 730; x_wconf 80' lang='lat' dir='ltr'>campellis</span> <span class='ocrx_word' id='word_1_42' title='bbox 673 696 811 730; x_wconf 81' lang='lat' dir='ltr'>indulget.</span> <span class='ocrx_word' id='word_1_43' title='bbox 829 701 858 722; x_wconf 88' lang='lat' dir='ltr'>ut</span> <span class='ocrx_word' id='word_1_44' title='bbox 875 701 1039 730; x_wconf 79' lang='lat' dir='ltr'>perpetuam</span> <span class='ocrx_word' id='word_1_45' title='bbox 1059 697 1136 723; x_wconf 80' lang='lat' dir='ltr'>vica-</span> 
     </span>
     <span class='ocr_line' id='line_1_8' title="bbox 130 744 1135 772; baseline 0.001 -1"><span class='ocrx_word' id='word_1_46' title='bbox 130 746 199 771; x_wconf 82' lang='lat' dir='ltr'>riam</span> <span class='ocrx_word' id='word_1_47' title='bbox 216 745 355 771; x_wconf 80' lang='lat' dir='ltr'>ecclesiae</span> <span class='ocrx_word' id='word_1_48' title='bbox 371 745 405 771; x_wconf 86' lang='lat' dir='ltr'>de</span> <span class='ocrx_word' id='word_1_49' title='bbox 423 744 594 770; x_wconf 72' lang='lat' dir='ltr'>Barentonio</span> <span class='ocrx_word' id='word_1_50' title='bbox 615 748 643 770; x_wconf 86' lang='lat' dir='ltr'>et</span> <span class='ocrx_word' id='word_1_51' title='bbox 659 745 809 771; x_wconf 79' lang='lat' dir='ltr'>ecclesiam</span> <span class='ocrx_word' id='word_1_52' title='bbox 826 753 850 770; x_wconf 89' lang='lat' dir='ltr'>s.</span> <span class='ocrx_word' id='word_1_53' title='bbox 870 745 994 771; x_wconf 82' lang='lat' dir='ltr'>Mcdardi</span> <span class='ocrx_word' id='word_1_54' title='bbox 1012 746 1045 770; x_wconf 88' lang='lat' dir='ltr'>de</span> <span class='ocrx_word' id='word_1_55' title='bbox 1065 746 1135 772; x_wconf 80' lang='lat' dir='ltr'>Dra-</span> 
     </span>
     <span class='ocr_line' id='line_1_9' title="bbox 129 792 1134 827; baseline 0.001 -8"><span class='ocrx_word' id='word_1_56' title='bbox 129 793 204 827; x_wconf 79' lang='lat' dir='ltr'>gcio,</span> <span class='ocrx_word' id='word_1_57' title='bbox 229 792 419 818; x_wconf 71' lang='lat' dir='ltr'>Abrincensis</span> <span class='ocrx_word' id='word_1_58' title='bbox 441 792 576 825; x_wconf 83' lang='lat' dir='ltr'>diocesis,</span> <span class='ocrx_word' id='word_1_59' title='bbox 598 792 720 818; x_wconf 80' lang='lat' dir='ltr'>retinere</span> <span class='ocrx_word' id='word_1_60' title='bbox 744 793 842 818; x_wconf 77' lang='lat' dir='ltr'>valeat.</span> <span class='ocrx_word' id='word_1_61' title='bbox 866 793 945 826; x_wconf 63' lang='lat' dir='ltr'>(Rea.</span> <span class='ocrx_word' id='word_1_62' title='bbox 969 795 1013 823; x_wconf 64' lang='lat'>24,</span> <span class='ocrx_word' id='word_1_63' title='bbox 1030 802 1046 820; x_wconf 88' lang='lat' dir='ltr'>c</span> <span class='ocrx_word' id='word_1_64' title='bbox 1073 794 1134 825; x_wconf 64' lang='lat' dir='ltr'>QlO,</span> 
     </span>
     <span class='ocr_line' id='line_1_10' title="bbox 127 841 234 873; baseline -0.009 -5"><span class='ocrx_word' id='word_1_65' title='bbox 127 841 147 868; x_wconf 83' lang='lat' dir='ltr'>f.</span> <span class='ocrx_word' id='word_1_66' title='bbox 164 841 234 873; x_wconf 73' lang='lat' dir='ltr'>:²8v.)</span> 
     </span>
    </p>
   </div>
   <div class='ocr_carea' id='block_1_6' title="bbox 708 634 1063 667">
    <p class='ocr_par' dir='ltr' id='par_1_6' title="bbox 708 634 1063 667">
     <span class='ocr_line' id='line_1_11' title="bbox 708 634 1063 667; baseline 0.003 -7"><span class='ocrx_word' id='word_1_67' title='bbox 708 634 825 667; x_wconf 80' lang='lat' dir='ltr'>Naples,</span> <span class='ocrx_word' id='word_1_68' title='bbox 847 636 875 660; x_wconf 81' lang='lat'>10</span> <span class='ocrx_word' id='word_1_69' title='bbox 892 643 968 660; x_wconf 76' lang='lat' dir='ltr'>mars</span> <span class='ocrx_word' id='word_1_70' title='bbox 986 635 1063 662; x_wconf 65' lang='lat'>1255.</span> 
     </span>
    </p>
   </div>
   <div class='ocr_carea' id='block_1_7' title="bbox 119 943 1135 2882">
    <p class='ocr_par' dir='ltr' id='par_1_7' title="bbox 119 943 1135 2882">
     <span class='ocr_line' id='line_1_12' title="bbox 169 943 1135 980; baseline 0.003 -11"><span class='ocrx_word' id='word_1_71' title='bbox 169 955 181 969; x_wconf 91' lang='lat'>«</span> <span class='ocrx_word' id='word_1_72' title='bbox 200 943 342 979; x_wconf 71' lang='lat' dir='ltr'>Maqistro</span> <span class='ocrx_word' id='word_1_73' title='bbox 358 943 480 971; x_wconf 81' lang='lat' dir='ltr'>Nieolao</span> <span class='ocrx_word' id='word_1_74' title='bbox 496 943 530 971; x_wconf 79' lang='lat' dir='ltr'>de</span> <span class='ocrx_word' id='word_1_75' title='bbox 543 943 715 980; x_wconf 76' lang='lat' dir='ltr'>Campellis,</span> <span class='ocrx_word' id='word_1_76' title='bbox 729 948 873 980; x_wconf 72' lang='lat' dir='ltr'>perpetuo</span> <span class='ocrx_word' id='word_1_77' title='bbox 889 944 1004 972; x_wconf 75' lang='lat' dir='ltr'>vicario</span> <span class='ocrx_word' id='word_1_78' title='bbox 1018 945 1135 972; x_wconf 67' lang='lat' dir='ltr'>ecclesie</span> 
     </span>
     <span class='ocr_line' id='line_1_13' title="bbox 126 995 1135 1034; baseline 0 -9"><span class='ocrx_word' id='word_1_79' title='bbox 126 996 160 1025; x_wconf 86' lang='lat' dir='ltr'>de</span> <span class='ocrx_word' id='word_1_80' title='bbox 177 996 375 1029; x_wconf 78' lang='lat' dir='ltr'>Barenlonio,</span> <span class='ocrx_word' id='word_1_81' title='bbox 396 996 590 1025; x_wconf 54' lang='lat' dir='ltr'>sim-incensis</span> <span class='ocrx_word' id='word_1_82' title='bbox 612 996 746 1024; x_wconf 75' lang='lat' dir='ltr'>diocesis.</span> <span class='ocrx_word' id='word_1_83' title='bbox 771 995 900 1025; x_wconf 87' lang='lat' dir='ltr'>Meritis</span> <span class='ocrx_word' id='word_1_84' title='bbox 919 1000 972 1025; x_wconf 88' lang='lat' dir='ltr'>tue</span> <span class='ocrx_word' id='word_1_85' title='bbox 988 996 1135 1034; x_wconf 84' lang='lat' dir='ltr'>probita-</span> 
     </span>
     <span class='ocr_line' id='line_1_14' title="bbox 126 1047 1132 1087; baseline 0.001 -10"><span class='ocrx_word' id='word_1_86' title='bbox 126 1048 169 1078; x_wconf 90' lang='lat' dir='ltr'>tis</span> <span class='ocrx_word' id='word_1_87' title='bbox 184 1066 233 1076; x_wconf 91' lang='lat'>—-.</span> <span class='ocrx_word' id='word_1_88' title='bbox 251 1048 337 1078; x_wconf 84' lang='lat' dir='ltr'>Sane</span> <span class='ocrx_word' id='word_1_89' title='bbox 353 1048 468 1086; x_wconf 83' lang='lat' dir='ltr'>petitio</span> <span class='ocrx_word' id='word_1_90' title='bbox 486 1053 541 1077; x_wconf 88' lang='lat' dir='ltr'>tua</span> <span class='ocrx_word' id='word_1_91' title='bbox 556 1048 652 1077; x_wconf 87' lang='grc'>1101115</span> <span class='ocrx_word' id='word_1_92' title='bbox 669 1047 816 1077; x_wconf 74' lang='lat' dir='ltr'>exhibita</span> <span class='ocrx_word' id='word_1_93' title='bbox 830 1048 1019 1078; x_wconf 80' lang='lat' dir='ltr'>continebat</span> <span class='ocrx_word' id='word_1_94' title='bbox 1036 1049 1132 1087; x_wconf 71' lang='lat' dir='ltr'>quod⁷</span> 
     </span>
     <span class='ocr_line' id='line_1_15' title="bbox 128 1100 1134 1139; baseline 0.001 -10"><span class='ocrx_word' id='word_1_95' title='bbox 128 1109 203 1130; x_wconf 91' lang='lat' dir='ltr'>cum</span> <span class='ocrx_word' id='word_1_96' title='bbox 216 1100 324 1130; x_wconf 84' lang='lat' dir='ltr'>felicis</span> <span class='ocrx_word' id='word_1_97' title='bbox 340 1100 579 1130; x_wconf 87' lang='lat' dir='ltr'>recordationis</span> <span class='ocrx_word' id='word_1_98' title='bbox 596 1101 622 1130; x_wconf 88' lang='grc' dir='ltr'>Ι.</span> <span class='ocrx_word' id='word_1_99' title='bbox 640 1109 722 1139; x_wconf 86' lang='lat' dir='ltr'>papa</span> <span class='ocrx_word' id='word_1_100' title='bbox 738 1101 950 1138; x_wconf 69' lang='lat' dir='ltr'><strong>predecessor</strong></span> <span class='ocrx_word' id='word_1_101' title='bbox 964 1106 1075 1131; x_wconf 85' lang='lat' dir='ltr'>noster</span> <span class='ocrx_word' id='word_1_102' title='bbox 1089 1102 1134 1131; x_wconf 91' lang='lat' dir='ltr'>di-</span> 
     </span>
     <span class='ocr_line' id='line_1_16' title="bbox 124 1152 1134 1189; baseline 0.001 -7"><span class='ocrx_word' id='word_1_103' title='bbox 124 1153 209 1183; x_wconf 87' lang='lat' dir='ltr'>lecto</span> <span class='ocrx_word' id='word_1_104' title='bbox 226 1152 293 1182; x_wconf 87' lang='lat' dir='ltr'>filio</span> <span class='ocrx_word' id='word_1_105' title='bbox 315 1153 473 1189; x_wconf 74' lang='lat' dir='ltr'>magistro</span> <span class='ocrx_word' id='word_1_106' title='bbox 489 1152 668 1183; x_wconf 82' lang='lat' dir='ltr'>Guillelmo</span> <span class='ocrx_word' id='word_1_107' title='bbox 688 1152 830 1183; x_wconf 89' lang='lat' dir='ltr'>Rolandi</span> <span class='ocrx_word' id='word_1_108' title='bbox 853 1153 1011 1183; x_wconf 87' lang='lat' dir='ltr'>canonico</span> <span class='ocrx_word' id='word_1_109' title='bbox 1027 1154 1134 1184; x_wconf 81' lang='lat' dir='ltr'>Ceno-</span> 
     </span>
     <span class='ocr_line' id='line_1_17' title="bbox 126 1206 1133 1245; baseline 0.001 -10"><span class='ocrx_word' id='word_1_110' title='bbox 126 1206 279 1236; x_wconf 85' lang='lat' dir='ltr'>manensi</span> <span class='ocrx_word' id='word_1_111' title='bbox 295 1207 432 1245; x_wconf 84' lang='lat' dir='ltr'>ejusque</span> <span class='ocrx_word' id='word_1_112' title='bbox 446 1206 581 1243; x_wconf 80' lang='lat' dir='ltr'>collegis</span> <span class='ocrx_word' id='word_1_113' title='bbox 593 1206 664 1235; x_wconf 89' lang='lat' dir='ltr'>suis</span> <span class='ocrx_word' id='word_1_114' title='bbox 680 1206 806 1236; x_wconf 78' lang='lat' dir='ltr'>dederit</span> <span class='ocrx_word' id='word_1_115' title='bbox 817 1206 939 1236; x_wconf 85' lang='lat' dir='ltr'>litteris</span> <span class='ocrx_word' id='word_1_116' title='bbox 952 1207 987 1236; x_wconf 93' lang='grc'>111</span> <span class='ocrx_word' id='word_1_117' title='bbox 1001 1207 1133 1237; x_wconf 85' lang='lat' dir='ltr'>manda-</span> 
     </span>
     <span class='ocr_line' id='line_1_18' title="bbox 128 1257 1134 1296; baseline 0.001 -9"><span class='ocrx_word' id='word_1_118' title='bbox 128 1258 181 1293; x_wconf 85' lang='lat' dir='ltr'>tis,</span> <span class='ocrx_word' id='word_1_119' title='bbox 209 1262 245 1287; x_wconf 89' lang='lat' dir='ltr'>ut</span> <span class='ocrx_word' id='word_1_120' title='bbox 270 1258 348 1289; x_wconf 86' lang='lat' dir='ltr'>tibi.</span> <span class='ocrx_word' id='word_1_121' title='bbox 377 1267 442 1288; x_wconf 89' lang='lat' dir='ltr'>non</span> <span class='ocrx_word' id='word_1_122' title='bbox 465 1258 616 1288; x_wconf 81' lang='lat' dir='ltr'>obstante</span> <span class='ocrx_word' id='word_1_123' title='bbox 643 1257 729 1296; x_wconf 86' lang='lat' dir='ltr'>quod</span> <span class='ocrx_word' id='word_1_124' title='bbox 758 1262 951 1296; x_wconf 86' lang='lat' dir='ltr'>perpetuam</span> <span class='ocrx_word' id='word_1_125' title='bbox 975 1259 1134 1289; x_wconf 81' lang='lat' dir='ltr'>vicariam</span> 
     </span>
     <span class='ocr_line' id='line_1_19' title="bbox 126 1311 1133 1347; baseline -0.001 -5"><span class='ocrx_word' id='word_1_126' title='bbox 126 1311 264 1342; x_wconf 81' lang='lat' dir='ltr'>ecclesie</span> <span class='ocrx_word' id='word_1_127' title='bbox 291 1311 329 1341; x_wconf 88' lang='lat' dir='ltr'>de</span> <span class='ocrx_word' id='word_1_128' title='bbox 357 1311 569 1345; x_wconf 78' lang='lat' dir='ltr'>Bai-entonio,</span> <span class='ocrx_word' id='word_1_129' title='bbox 597 1311 815 1341; x_wconf 86' lang='lat' dir='ltr'>Abrincensis</span> <span class='ocrx_word' id='word_1_130' title='bbox 842 1311 995 1347; x_wconf 79' lang='lat' dir='ltr'>diocesis,</span> <span class='ocrx_word' id='word_1_131' title='bbox 1019 1321 1133 1347; x_wconf 86' lang='lat' dir='ltr'>curam</span> 
     </span>
     <span class='ocr_line' id='line_1_20' title="bbox 125 1364 1132 1399; baseline 0.001 -5"><span class='ocrx_word' id='word_1_132' title='bbox 125 1365 312 1394; x_wconf 84' lang='lat' dir='ltr'>animarum</span> <span class='ocrx_word' id='word_1_133' title='bbox 336 1364 529 1399; x_wconf 80' lang='lat' dir='ltr'>habentem,</span> <span class='ocrx_word' id='word_1_134' title='bbox 556 1364 685 1394; x_wconf 88' lang='lat' dir='ltr'>obtines</span> <span class='ocrx_word' id='word_1_135' title='bbox 710 1364 745 1393; x_wconf 93' lang='lat' dir='ltr'>in</span> <span class='ocrx_word' id='word_1_136' title='bbox 772 1365 906 1394; x_wconf 85' lang='lat' dir='ltr'>civitate</span> <span class='ocrx_word' id='word_1_137' title='bbox 930 1365 982 1395; x_wconf 88' lang='lat' dir='ltr'>vel</span> <span class='ocrx_word' id='word_1_138' title='bbox 1009 1366 1132 1395; x_wconf 79' lang='lat' dir='ltr'>diocesi</span> 
     </span>
     <span class='ocr_line' id='line_1_21' title="bbox 123 1417 1132 1455; baseline 0.001 -8"><span class='ocrx_word' id='word_1_139' title='bbox 123 1417 388 1447; x_wconf 80' lang='lat' dir='ltr'>Abrincensibus</span> <span class='ocrx_word' id='word_1_140' title='bbox 397 1417 432 1446; x_wconf 93' lang='lat' dir='ltr'>in</span> <span class='ocrx_word' id='word_1_141' title='bbox 443 1417 642 1455; x_wconf 68' lang='lat' dir='ltr'>competenti</span> <span class='ocrx_word' id='word_1_142' title='bbox 651 1417 876 1447; x_wconf 83' lang='lat' dir='ltr'>ecclesiastico</span> <span class='ocrx_word' id='word_1_143' title='bbox 887 1418 1048 1448; x_wconf 86' lang='lat' dir='ltr'>beneficio</span> <span class='ocrx_word' id='word_1_144' title='bbox 1058 1428 1132 1448; x_wconf 85' lang='lat' dir='ltr'>cum</span> 
     </span>
     <span class='ocr_line' id='line_1_22' title="bbox 122 1469 1132 1508; baseline 0.001 -8"><span class='ocrx_word' id='word_1_145' title='bbox 122 1479 212 1504; x_wconf 85' lang='lat' dir='ltr'>cura,</span> <span class='ocrx_word' id='word_1_146' title='bbox 231 1469 282 1500; x_wconf 84' lang='lat' dir='ltr'>vel</span> <span class='ocrx_word' id='word_1_147' title='bbox 299 1470 371 1500; x_wconf 89' lang='lat' dir='ltr'>sine</span> <span class='ocrx_word' id='word_1_148' title='bbox 387 1478 476 1504; x_wconf 71' lang='lat' dir='ltr'>cura,</span> <span class='ocrx_word' id='word_1_149' title='bbox 493 1469 579 1508; x_wconf 84' lang='lat' dir='ltr'>quod</span> <span class='ocrx_word' id='word_1_150' title='bbox 595 1470 832 1508; x_wconf 84' lang='lat' dir='ltr'>acceptandum</span> <span class='ocrx_word' id='word_1_151' title='bbox 845 1470 993 1506; x_wconf 74' lang='lat' dir='ltr'>duceres,</span> <span class='ocrx_word' id='word_1_152' title='bbox 1009 1471 1038 1501; x_wconf 84' lang='lat' dir='ltr'>si</span> <span class='ocrx_word' id='word_1_153' title='bbox 1054 1475 1132 1501; x_wconf 88' lang='lat' dir='ltr'>tunc</span> 
     </span>
     <span class='ocr_line' id='line_1_23' title="bbox 119 1522 1131 1562; baseline 0.002 -10"><span class='ocrx_word' id='word_1_154' title='bbox 119 1526 252 1553; x_wconf 82' lang='lat' dir='ltr'>vacaret</span> <span class='ocrx_word' id='word_1_155' title='bbox 262 1523 397 1557; x_wconf 71' lang='lat' dir='ltr'>ibidem,</span> <span class='ocrx_word' id='word_1_156' title='bbox 415 1522 467 1553; x_wconf 80' lang='lat' dir='ltr'>vel</span> <span class='ocrx_word' id='word_1_157' title='bbox 480 1523 725 1561; x_wconf 81' lang='lat' dir='ltr'>quamprimum</span> <span class='ocrx_word' id='word_1_158' title='bbox 741 1523 782 1552; x_wconf 83' lang='lat' dir='ltr'>ad</span> <span class='ocrx_word' id='word_1_159' title='bbox 794 1523 828 1552; x_wconf 91' lang='lat' dir='ltr'>id</span> <span class='ocrx_word' id='word_1_160' title='bbox 846 1532 880 1553; x_wconf 89' lang='lat' dir='ltr'>se</span> <span class='ocrx_word' id='word_1_161' title='bbox 896 1524 1029 1553; x_wconf 80' lang='lat' dir='ltr'>offerret</span> <span class='ocrx_word' id='word_1_162' title='bbox 1041 1533 1131 1562; x_wconf 85' lang='lat' dir='ltr'>opor-</span> 
     </span>
     <span class='ocr_line' id='line_1_24' title="bbox 123 1575 1128 1614; baseline 0.001 -8"><span class='ocrx_word' id='word_1_163' title='bbox 123 1576 258 1612; x_wconf 78' lang='lat' dir='ltr'>tunitas,</span> <span class='ocrx_word' id='word_1_164' title='bbox 273 1585 331 1614; x_wconf 87' lang='lat' dir='ltr'>per</span> <span class='ocrx_word' id='word_1_165' title='bbox 347 1586 381 1606; x_wconf 89' lang='lat' dir='ltr'>se</span> <span class='ocrx_word' id='word_1_166' title='bbox 395 1575 445 1606; x_wconf 87' lang='lat' dir='ltr'>vel</span> <span class='ocrx_word' id='word_1_167' title='bbox 458 1576 540 1606; x_wconf 90' lang='lat' dir='ltr'>alios</span> <span class='ocrx_word' id='word_1_168' title='bbox 552 1576 774 1614; x_wconf 77' lang='lat' dir='ltr'>providerent.</span> <span class='ocrx_word' id='word_1_169' title='bbox 787 1576 1053 1607; x_wconf 83' lang='lat' dir='ltr'>Contradictores</span> <span class='ocrx_word' id='word_1_170' title='bbox 1068 1582 1128 1607; x_wconf 86' lang='lat' dir='ltr'>etc.</span> 
     </span>
     <span class='ocr_line' id='line_1_25' title="bbox 121 1629 1131 1668; baseline -0.001 -8"><span class='ocrx_word' id='word_1_171' title='bbox 121 1629 226 1660; x_wconf 87' lang='lat' dir='ltr'>Iidem</span> <span class='ocrx_word' id='word_1_172' title='bbox 247 1629 398 1659; x_wconf 86' lang='lat' dir='ltr'>canonici</span> <span class='ocrx_word' id='word_1_173' title='bbox 421 1633 449 1659; x_wconf 90' lang='lat' dir='ltr'>et</span> <span class='ocrx_word' id='word_1_174' title='bbox 471 1629 597 1667; x_wconf 77' lang='lat' dir='ltr'>college</span> <span class='ocrx_word' id='word_1_175' title='bbox 619 1629 812 1659; x_wconf 84' lang='lat' dir='ltr'>mandatum</span> <span class='ocrx_word' id='word_1_176' title='bbox 834 1630 1051 1668; x_wconf 85' lang='lat' dir='ltr'>apostolicum</span> <span class='ocrx_word' id='word_1_177' title='bbox 1075 1640 1131 1660; x_wconf 88' lang='lat' dir='ltr'>vo-</span> 
     </span>
     <span class='ocr_line' id='line_1_26' title="bbox 120 1682 1130 1721; baseline 0.002 -10"><span class='ocrx_word' id='word_1_178' title='bbox 120 1682 227 1713; x_wconf 80' lang='lat' dir='ltr'>lentes</span> <span class='ocrx_word' id='word_1_179' title='bbox 247 1683 365 1721; x_wconf 82' lang='lat' dir='ltr'>exequi</span> <span class='ocrx_word' id='word_1_180' title='bbox 387 1682 575 1720; x_wconf 78' lang='lat' dir='ltr'>diligenter,</span> <span class='ocrx_word' id='word_1_181' title='bbox 599 1682 773 1712; x_wconf 86' lang='lat' dir='ltr'>ecclesiam</span> <span class='ocrx_word' id='word_1_182' title='bbox 800 1683 906 1712; x_wconf 86' lang='lat' dir='ltr'>sancti</span> <span class='ocrx_word' id='word_1_183' title='bbox 927 1683 1075 1713; x_wconf 88' lang='lat' dir='ltr'>Medardi</span> <span class='ocrx_word' id='word_1_184' title='bbox 1091 1684 1130 1714; x_wconf 88' lang='lat' dir='ltr'>de</span> 
     </span>
     <span class='ocr_line' id='line_1_27' title="bbox 121 1735 1128 1774; baseline 0 -9"><span class='ocrx_word' id='word_1_185' title='bbox 121 1735 274 1773; x_wconf 69' lang='lat' dir='ltr'>Drageio,</span> <span class='ocrx_word' id='word_1_186' title='bbox 284 1735 430 1774; x_wconf 84' lang='lat' dir='ltr'>ejusdem</span> <span class='ocrx_word' id='word_1_187' title='bbox 442 1735 595 1770; x_wconf 71' lang='lat' dir='ltr'>diocesis,</span> <span class='ocrx_word' id='word_1_188' title='bbox 611 1735 801 1774; x_wconf 87' lang='lat' dir='ltr'>hujusmodi</span> <span class='ocrx_word' id='word_1_189' title='bbox 815 1744 928 1765; x_wconf 86' lang='lat' dir='ltr'>curam</span> <span class='ocrx_word' id='word_1_190' title='bbox 939 1735 1128 1771; x_wconf 74' lang='lat' dir='ltr'>habentem,</span> 
     </span>
     <span class='ocr_line' id='line_1_28' title="bbox 120 1788 1130 1827; baseline 0 -9"><span class='ocrx_word' id='word_1_191' title='bbox 120 1789 184 1827; x_wconf 77' lang='lat' dir='ltr'>que</span> <span class='ocrx_word' id='word_1_192' title='bbox 201 1792 279 1818; x_wconf 88' lang='lat' dir='ltr'>tunc</span> <span class='ocrx_word' id='word_1_193' title='bbox 297 1788 444 1822; x_wconf 77' lang='lat' dir='ltr'>vacabat,</span> <span class='ocrx_word' id='word_1_194' title='bbox 463 1788 523 1817; x_wconf 84' lang='lat' dir='ltr'>tibi</span> <span class='ocrx_word' id='word_1_195' title='bbox 537 1788 695 1818; x_wconf 78' lang='lat' dir='ltr'>canonice</span> <span class='ocrx_word' id='word_1_196' title='bbox 710 1788 921 1818; x_wconf 84' lang='lat' dir='ltr'>contulerunt</span> <span class='ocrx_word' id='word_1_197' title='bbox 935 1789 1130 1818; x_wconf 78' lang='lat' dir='ltr'>auctoritate</span> 
     </span>
     <span class='ocr_line' id='line_1_29' title="bbox 120 1840 1130 1880; baseline 0 -9"><span class='ocrx_word' id='word_1_198' title='bbox 120 1841 311 1880; x_wconf 88' lang='lat' dir='ltr'>hujusmodi</span> <span class='ocrx_word' id='word_1_199' title='bbox 326 1840 524 1870; x_wconf 85' lang='lat' dir='ltr'>litterarum.</span> <span class='ocrx_word' id='word_1_200' title='bbox 541 1841 666 1871; x_wconf 90' lang='lat' dir='ltr'>Verum</span> <span class='ocrx_word' id='word_1_201' title='bbox 681 1845 807 1871; x_wconf 88' lang='lat' dir='ltr'>rectore</span> <span class='ocrx_word' id='word_1_202' title='bbox 819 1841 924 1879; x_wconf 87' lang='lat' dir='ltr'>ipsius</span> <span class='ocrx_word' id='word_1_203' title='bbox 939 1841 1077 1871; x_wconf 71' lang='lat' dir='ltr'>ecclesi-e</span> <span class='ocrx_word' id='word_1_204' title='bbox 1091 1841 1130 1871; x_wconf 88' lang='lat' dir='ltr'>de</span> 
     </span>
     <span class='ocr_line' id='line_1_30' title="bbox 121 1894 1131 1933; baseline 0 -9"><span class='ocrx_word' id='word_1_205' title='bbox 121 1894 334 1928; x_wconf 74' lang='lat' dir='ltr'>Barentonio,</span> <span class='ocrx_word' id='word_1_206' title='bbox 362 1894 402 1923; x_wconf 91' lang='lat' dir='ltr'>ad</span> <span class='ocrx_word' id='word_1_207' title='bbox 423 1904 521 1933; x_wconf 85' lang='lat' dir='ltr'>quem</span> <span class='ocrx_word' id='word_1_208' title='bbox 544 1895 747 1932; x_wconf 78' lang='lat' dir='ltr'>presentatio</span> <span class='ocrx_word' id='word_1_209' title='bbox 769 1895 886 1924; x_wconf 74' lang='lat' dir='ltr'>vicarii</span> <span class='ocrx_word' id='word_1_210' title='bbox 909 1895 950 1925; x_wconf 86' lang='lat' dir='ltr'>ad</span> <span class='ocrx_word' id='word_1_211' title='bbox 972 1895 1131 1925; x_wconf 83' lang='lat' dir='ltr'>vicariam</span> 
     </span>
     <span class='ocr_line' id='line_1_31' title="bbox 123 1947 1130 1986; baseline 0.001 -10"><span class='ocrx_word' id='word_1_212' title='bbox 123 1947 229 1985; x_wconf 82' lang='lat' dir='ltr'>ipsam</span> <span class='ocrx_word' id='word_1_213' title='bbox 251 1947 417 1985; x_wconf 77' lang='lat' dir='ltr'>pertinere</span> <span class='ocrx_word' id='word_1_214' title='bbox 440 1947 634 1981; x_wconf 76' lang='lat' dir='ltr'>dinoscitur,</span> <span class='ocrx_word' id='word_1_215' title='bbox 663 1948 838 1986; x_wconf 79' lang='lat' dir='ltr'>quemdam</span> <span class='ocrx_word' id='word_1_216' title='bbox 861 1948 1019 1978; x_wconf 85' lang='lat' dir='ltr'>clericum</span> <span class='ocrx_word' id='word_1_217' title='bbox 1042 1958 1079 1977; x_wconf 82' lang='lat' dir='ltr'>ac</span> <span class='ocrx_word' id='word_1_218' title='bbox 1102 1948 1130 1977; x_wconf 86' lang='lat' dir='ltr'>si</span> 
     </span>
     <span class='ocr_line' id='line_1_32' title="bbox 123 1999 1130 2038; baseline 0.002 -10"><span class='ocrx_word' id='word_1_219' title='bbox 123 2007 162 2029; x_wconf 80' lang='lat' dir='ltr'>ex</span> <span class='ocrx_word' id='word_1_220' title='bbox 180 1999 367 2038; x_wconf 80' lang='lat' dir='ltr'>receptione</span> <span class='ocrx_word' id='word_1_221' title='bbox 383 1999 521 2030; x_wconf 84' lang='lat' dir='ltr'>ecclesie</span> <span class='ocrx_word' id='word_1_222' title='bbox 537 2000 683 2038; x_wconf 83' lang='lat' dir='ltr'>predicte</span> <span class='ocrx_word' id='word_1_223' title='bbox 701 2000 740 2030; x_wconf 88' lang='lat' dir='ltr'>de</span> <span class='ocrx_word' id='word_1_224' title='bbox 756 2000 897 2038; x_wconf 81' lang='lat' dir='ltr'>Drageio</span> <span class='ocrx_word' id='word_1_225' title='bbox 915 2005 1060 2030; x_wconf 85' lang='lat' dir='ltr'>vacasset</span> <span class='ocrx_word' id='word_1_226' title='bbox 1080 2009 1130 2030; x_wconf 86' lang='lat' dir='ltr'>ve-</span> 
     </span>
     <span class='ocr_line' id='line_1_33' title="bbox 124 2052 1130 2092; baseline 0.002 -11"><span class='ocrx_word' id='word_1_227' title='bbox 124 2052 378 2082; x_wconf 74' lang='lat' dir='ltr'>nerabilisratri</span> <span class='ocrx_word' id='word_1_228' title='bbox 400 2057 511 2082; x_wconf 89' lang='lat' dir='ltr'>nostro</span> <span class='ocrx_word' id='word_1_229' title='bbox 530 2076 562 2087; x_wconf 84' lang='lat'>..,</span> <span class='ocrx_word' id='word_1_230' title='bbox 580 2053 781 2083; x_wconf 85' lang='lat' dir='ltr'>Abrincensi</span> <span class='ocrx_word' id='word_1_231' title='bbox 803 2053 970 2092; x_wconf 72' lang='lat' dir='ltr'>episcopo,</span> <span class='ocrx_word' id='word_1_232' title='bbox 994 2063 1130 2091; x_wconf 83' lang='lat' dir='ltr'>presen-</span> 
     </span>
     <span class='ocr_line' id='line_1_34' title="bbox 125 2105 1130 2143; baseline 0.002 -10"><span class='ocrx_word' id='word_1_233' title='bbox 125 2108 224 2140; x_wconf 78' lang='lat' dir='ltr'>tante,</span> <span class='ocrx_word' id='word_1_234' title='bbox 246 2105 333 2135; x_wconf 87' lang='lat' dir='ltr'>idem</span> <span class='ocrx_word' id='word_1_235' title='bbox 351 2105 523 2143; x_wconf 74' lang='lat' dir='ltr'>episcopus</span> <span class='ocrx_word' id='word_1_236' title='bbox 538 2105 573 2134; x_wconf 90' lang='lat' dir='ltr'>in</span> <span class='ocrx_word' id='word_1_237' title='bbox 590 2105 728 2135; x_wconf 88' lang='lat' dir='ltr'>dubium</span> <span class='ocrx_word' id='word_1_238' title='bbox 744 2115 902 2136; x_wconf 82' lang='lat' dir='ltr'>revocans</span> <span class='ocrx_word' id='word_1_239' title='bbox 919 2115 959 2135; x_wconf 84' lang='lat' dir='ltr'>an</span> <span class='ocrx_word' id='word_1_240' title='bbox 977 2116 1013 2135; x_wconf 86' lang='lat' dir='ltr'>ex</span> <span class='ocrx_word' id='word_1_241' title='bbox 1031 2116 1130 2136; x_wconf 84' lang='lat' dir='ltr'>causa</span> 
     </span>
     <span class='ocr_line' id='line_1_35' title="bbox 123 2157 1129 2196; baseline 0.002 -10"><span class='ocrx_word' id='word_1_242' title='bbox 123 2157 284 2196; x_wconf 82' lang='lat' dir='ltr'>premissa</span> <span class='ocrx_word' id='word_1_243' title='bbox 303 2157 427 2187; x_wconf 86' lang='lat' dir='ltr'>vicaria</span> <span class='ocrx_word' id='word_1_244' title='bbox 444 2158 515 2196; x_wconf 86' lang='lat' dir='ltr'>ipsa</span> <span class='ocrx_word' id='word_1_245' title='bbox 531 2162 661 2188; x_wconf 87' lang='lat' dir='ltr'>vacaret</span> <span class='ocrx_word' id='word_1_246' title='bbox 681 2167 717 2187; x_wconf 83' lang='lat' dir='ltr'>ac</span> <span class='ocrx_word' id='word_1_247' title='bbox 737 2167 794 2196; x_wconf 86' lang='lat' dir='ltr'>per</span> <span class='ocrx_word' id='word_1_248' title='bbox 810 2158 871 2188; x_wconf 91' lang='lat' dir='ltr'>hoc</span> <span class='ocrx_word' id='word_1_249' title='bbox 887 2159 1052 2196; x_wconf 82' lang='lat' dir='ltr'>prefatum</span> <span class='ocrx_word' id='word_1_250' title='bbox 1069 2158 1129 2189; x_wconf 89' lang='lat' dir='ltr'>cle-</span> 
     </span>
     <span class='ocr_line' id='line_1_36' title="bbox 125 2210 1130 2249; baseline 0.001 -10"><span class='ocrx_word' id='word_1_251' title='bbox 125 2210 231 2240; x_wconf 90' lang='lat' dir='ltr'>ricum</span> <span class='ocrx_word' id='word_1_252' title='bbox 257 2211 297 2240; x_wconf 84' lang='lat' dir='ltr'>ad</span> <span class='ocrx_word' id='word_1_253' title='bbox 319 2220 389 2240; x_wconf 85' lang='lat' dir='ltr'>eam</span> <span class='ocrx_word' id='word_1_254' title='bbox 414 2211 587 2241; x_wconf 76' lang='lat' dir='ltr'>admittere</span> <span class='ocrx_word' id='word_1_255' title='bbox 610 2211 789 2249; x_wconf 81' lang='lat' dir='ltr'>denegans,</span> <span class='ocrx_word' id='word_1_256' title='bbox 814 2221 848 2242; x_wconf 86' lang='lat' dir='ltr'>se</span> <span class='ocrx_word' id='word_1_257' title='bbox 876 2211 957 2242; x_wconf 78' lang='lat' dir='ltr'>velle</span> <span class='ocrx_word' id='word_1_258' title='bbox 986 2212 1130 2241; x_wconf 85' lang='lat' dir='ltr'>asseruit</span> 
     </span>
     <span class='ocr_line' id='line_1_37' title="bbox 123 2263 1129 2302; baseline -0.001 -8"><span class='ocrx_word' id='word_1_259' title='bbox 123 2263 242 2294; x_wconf 85' lang='lat' dir='ltr'>Sedem</span> <span class='ocrx_word' id='word_1_260' title='bbox 263 2263 476 2301; x_wconf 81' lang='lat' dir='ltr'>apostolicam</span> <span class='ocrx_word' id='word_1_261' title='bbox 500 2268 529 2293; x_wconf 85' lang='lat' dir='ltr'>te</span> <span class='ocrx_word' id='word_1_262' title='bbox 550 2263 585 2293; x_wconf 90' lang='lat' dir='ltr'>id</span> <span class='ocrx_word' id='word_1_263' title='bbox 603 2268 792 2302; x_wconf 82' lang='lat' dir='ltr'>acceptante</span> <span class='ocrx_word' id='word_1_264' title='bbox 815 2263 987 2294; x_wconf 86' lang='lat' dir='ltr'>consulere</span> <span class='ocrx_word' id='word_1_265' title='bbox 1011 2264 1046 2293; x_wconf 91' lang='grc'>111</span> <span class='ocrx_word' id='word_1_266' title='bbox 1068 2264 1129 2293; x_wconf 84' lang='lat' dir='ltr'>hac</span> 
     </span>
     <span class='ocr_line' id='line_1_38' title="bbox 120 2317 1127 2355; baseline 0 -10"><span class='ocrx_word' id='word_1_267' title='bbox 120 2320 224 2355; x_wconf 85' lang='lat' dir='ltr'>parte.</span> <span class='ocrx_word' id='word_1_268' title='bbox 241 2317 309 2346; x_wconf 81' lang='lat' dir='ltr'>Nos</span> <span class='ocrx_word' id='word_1_269' title='bbox 321 2317 424 2353; x_wconf 74' lang='lat' dir='ltr'>igitur</span> <span class='ocrx_word' id='word_1_270' title='bbox 436 2317 502 2346; x_wconf 91' lang='lat' dir='ltr'>tuis</span> <span class='ocrx_word' id='word_1_271' title='bbox 514 2317 640 2347; x_wconf 78' lang='lat' dir='ltr'>devotis</span> <span class='ocrx_word' id='word_1_272' title='bbox 653 2317 951 2355; x_wconf 77' lang='lat' dir='ltr'>supplicationibus</span> <span class='ocrx_word' id='word_1_273' title='bbox 963 2317 1127 2352; x_wconf 78' lang='lat' dir='ltr'>inclinati,</span> 
     </span>
     <span class='ocr_line' id='line_1_39' title="bbox 121 2369 1129 2408; baseline -0.001 -9"><span class='ocrx_word' id='word_1_274' title='bbox 121 2369 330 2399; x_wconf 87' lang='lat' dir='ltr'>collationem</span> <span class='ocrx_word' id='word_1_275' title='bbox 350 2369 557 2408; x_wconf 81' lang='lat' dir='ltr'>hujusmodi.</span> <span class='ocrx_word' id='word_1_276' title='bbox 578 2370 663 2399; x_wconf 87' lang='lat' dir='ltr'>sicut</span> <span class='ocrx_word' id='word_1_277' title='bbox 682 2370 817 2408; x_wconf 87' lang='lat' dir='ltr'>provide</span> <span class='ocrx_word' id='word_1_278' title='bbox 834 2370 920 2399; x_wconf 87' lang='lat' dir='ltr'>facta</span> <span class='ocrx_word' id='word_1_279' title='bbox 937 2374 1004 2403; x_wconf 69' lang='lat' dir='ltr'>est,</span> <span class='ocrx_word' id='word_1_280' title='bbox 1025 2374 1129 2399; x_wconf 86' lang='lat' dir='ltr'>ratam</span> 
     </span>
     <span class='ocr_line' id='line_1_40' title="bbox 121 2421 1129 2461; baseline 0 -10"><span class='ocrx_word' id='word_1_281' title='bbox 121 2421 282 2452; x_wconf 81' lang='lat' dir='ltr'>habentes</span> <span class='ocrx_word' id='word_1_282' title='bbox 307 2426 337 2452; x_wconf 87' lang='lat' dir='ltr'>et</span> <span class='ocrx_word' id='word_1_283' title='bbox 364 2426 505 2459; x_wconf 79' lang='lat' dir='ltr'>gratam.</span> <span class='ocrx_word' id='word_1_284' title='bbox 532 2422 705 2461; x_wconf 82' lang='lat' dir='ltr'>ipsamque</span> <span class='ocrx_word' id='word_1_285' title='bbox 731 2422 926 2452; x_wconf 80' lang='lat' dir='ltr'>auctoritate</span> <span class='ocrx_word' id='word_1_286' title='bbox 951 2422 1129 2460; x_wconf 72' lang='lat' dir='ltr'>apostolica</span> 
     </span>
     <span class='ocr_line' id='line_1_41' title="bbox 121 2475 1130 2513; baseline 0 -9"><span class='ocrx_word' id='word_1_287' title='bbox 121 2475 365 2505; x_wconf 81' lang='lat' dir='ltr'>confirmantes.</span> <span class='ocrx_word' id='word_1_288' title='bbox 387 2479 422 2505; x_wconf 87' lang='lat' dir='ltr'>ut</span> <span class='ocrx_word' id='word_1_289' title='bbox 446 2475 604 2505; x_wconf 79' lang='lat' dir='ltr'>vicariam</span> <span class='ocrx_word' id='word_1_290' title='bbox 627 2479 657 2505; x_wconf 90' lang='lat' dir='ltr'>et</span> <span class='ocrx_word' id='word_1_291' title='bbox 676 2475 851 2505; x_wconf 79' lang='lat' dir='ltr'>ecelesiam</span> <span class='ocrx_word' id='word_1_292' title='bbox 869 2475 1033 2513; x_wconf 78' lang='lat' dir='ltr'>predictas</span> <span class='ocrx_word' id='word_1_293' title='bbox 1050 2476 1130 2504; x_wconf 60' lang='lat' dir='ltr'>roti-</span> 
     </span>
     <span class='ocr_line' id='line_1_42' title="bbox 121 2527 1130 2565; baseline 0 -9"><span class='ocrx_word' id='word_1_294' title='bbox 121 2535 198 2558; x_wconf 85' lang='lat' dir='ltr'>nere</span> <span class='ocrx_word' id='word_1_295' title='bbox 215 2527 304 2558; x_wconf 88' lang='lat' dir='ltr'>licite</span> <span class='ocrx_word' id='word_1_296' title='bbox 321 2528 442 2563; x_wconf 68' lang='lat' dir='ltr'>valeas,</span> <span class='ocrx_word' id='word_1_297' title='bbox 458 2528 695 2558; x_wconf 87' lang='lat' dir='ltr'>constitutione</span> <span class='ocrx_word' id='word_1_298' title='bbox 709 2527 874 2565; x_wconf 77' lang='lat' dir='ltr'>generalis</span> <span class='ocrx_word' id='word_1_299' title='bbox 886 2527 1020 2557; x_wconf 79' lang='lat' dir='ltr'>concilii</span> <span class='ocrx_word' id='word_1_300' title='bbox 1032 2537 1130 2565; x_wconf 80' lang='lat' dir='ltr'>super</span> 
     </span>
     <span class='ocr_line' id='line_1_43' title="bbox 121 2579 1130 2619; baseline 0 -10"><span class='ocrx_word' id='word_1_301' title='bbox 121 2579 183 2610; x_wconf 86' lang='lat' dir='ltr'>hoc</span> <span class='ocrx_word' id='word_1_302' title='bbox 201 2580 307 2610; x_wconf 86' lang='lat' dir='ltr'>edicta</span> <span class='ocrx_word' id='word_1_303' title='bbox 327 2584 357 2611; x_wconf 85' lang='grc'>01</span> <span class='ocrx_word' id='word_1_304' title='bbox 373 2581 619 2619; x_wconf 69' lang='lat' dir='ltr'>presentatione</span> <span class='ocrx_word' id='word_1_305' title='bbox 637 2581 826 2619; x_wconf 88' lang='lat' dir='ltr'>hujusmodi</span> <span class='ocrx_word' id='word_1_306' title='bbox 846 2590 1056 2619; x_wconf 79' lang='lat' dir='ltr'>nequaquam</span> <span class='ocrx_word' id='word_1_307' title='bbox 1073 2580 1130 2609; x_wconf 87' lang='grc'>01)-</span> 
     </span>
     <span class='ocr_line' id='line_1_44' title="bbox 121 2633 1130 2672; baseline 0 -9"><span class='ocrx_word' id='word_1_308' title='bbox 121 2637 240 2668; x_wconf 74' lang='lat' dir='ltr'>stante,</span> <span class='ocrx_word' id='word_1_309' title='bbox 254 2634 448 2664; x_wconf 83' lang='lat' dir='ltr'>auctoritate</span> <span class='ocrx_word' id='word_1_310' title='bbox 461 2634 520 2663; x_wconf 82' lang='lat' dir='ltr'>tibi</span> <span class='ocrx_word' id='word_1_311' title='bbox 537 2635 741 2672; x_wconf 89' lang='lat' dir='ltr'>presentium</span> <span class='ocrx_word' id='word_1_312' title='bbox 756 2633 983 2671; x_wconf 58' lang='lat' dir='ltr'>indulgemusz</span> <span class='ocrx_word' id='word_1_313' title='bbox 999 2634 1130 2671; x_wconf 82' lang='lat' dir='ltr'>proviso</span> 
     </span>
     <span class='ocr_line' id='line_1_45' title="bbox 122 2685 1129 2724; baseline 0 -9"><span class='ocrx_word' id='word_1_314' title='bbox 122 2685 207 2724; x_wconf 87' lang='lat' dir='ltr'>quod</span> <span class='ocrx_word' id='word_1_315' title='bbox 223 2685 258 2715; x_wconf 93' lang='lat' dir='ltr'>in</span> <span class='ocrx_word' id='word_1_316' title='bbox 275 2686 388 2715; x_wconf 84' lang='lat' dir='ltr'>eadem</span> <span class='ocrx_word' id='word_1_317' title='bbox 405 2686 527 2716; x_wconf 74' lang='lat' dir='ltr'>vicaria</span> <span class='ocrx_word' id='word_1_318' title='bbox 548 2686 768 2724; x_wconf 82' lang='lat' dir='ltr'>personaliter</span> <span class='ocrx_word' id='word_1_319' title='bbox 787 2686 954 2716; x_wconf 86' lang='lat' dir='ltr'>deservias</span> <span class='ocrx_word' id='word_1_320' title='bbox 972 2691 1002 2715; x_wconf 87' lang='lat' dir='ltr'>et</span> <span class='ocrx_word' id='word_1_321' title='bbox 1024 2686 1057 2715; x_wconf 89' lang='grc'>111</span> <span class='ocrx_word' id='word_1_322' title='bbox 1077 2695 1129 2715; x_wconf 83' lang='lat' dir='ltr'>ec-</span> 
     </span>
     <span class='ocr_line' id='line_1_46' title="bbox 120 2737 1129 2777; baseline -0.001 -9"><span class='ocrx_word' id='word_1_323' title='bbox 120 2737 221 2768; x_wconf 88' lang='lat' dir='ltr'>clesia</span> <span class='ocrx_word' id='word_1_324' title='bbox 233 2738 304 2776; x_wconf 90' lang='lat' dir='ltr'>ipsa</span> <span class='ocrx_word' id='word_1_325' title='bbox 316 2739 418 2768; x_wconf 80' lang='lat' dir='ltr'>facias</span> <span class='ocrx_word' id='word_1_326' title='bbox 434 2748 490 2777; x_wconf 86' lang='lat' dir='ltr'>per</span> <span class='ocrx_word' id='word_1_327' title='bbox 504 2739 668 2777; x_wconf 78' lang='lat' dir='ltr'>ydoneum</span> <span class='ocrx_word' id='word_1_328' title='bbox 679 2739 842 2769; x_wconf 76' lang='lat' dir='ltr'>vicarium</span> <span class='ocrx_word' id='word_1_329' title='bbox 854 2739 1025 2769; x_wconf 76' lang='lat' dir='ltr'>deserviri.</span> <span class='ocrx_word' id='word_1_330' title='bbox 1037 2738 1129 2768; x_wconf 80' lang='lat' dir='ltr'>Nulli</span> 
     </span>
     <span class='ocr_line' id='line_1_47' title="bbox 122 2791 1127 2822; baseline 0.001 -3"><span class='ocrx_word' id='word_1_331' title='bbox 122 2795 183 2820; x_wconf 86' lang='lat' dir='ltr'>etc.</span> <span class='ocrx_word' id='word_1_332' title='bbox 214 2795 324 2821; x_wconf 87' lang='lat' dir='ltr'>nostre</span> <span class='ocrx_word' id='word_1_333' title='bbox 352 2791 614 2821; x_wconf 79' lang='lat' dir='ltr'>confirmationis</span> <span class='ocrx_word' id='word_1_334' title='bbox 645 2795 675 2822; x_wconf 88' lang='lat' dir='ltr'>et</span> <span class='ocrx_word' id='word_1_335' title='bbox 703 2791 928 2821; x_wconf 86' lang='lat' dir='ltr'>concessionis</span> <span class='ocrx_word' id='word_1_336' title='bbox 961 2795 1022 2821; x_wconf 86' lang='lat' dir='ltr'>etc.</span> <span class='ocrx_word' id='word_1_337' title='bbox 1055 2792 1127 2821; x_wconf 85' lang='lat' dir='ltr'>Dat.</span> 
     </span>
     <span class='ocr_line' id='line_1_48' title="bbox 122 2843 842 2882; baseline -0.003 -9"><span class='ocrx_word' id='word_1_338' title='bbox 122 2843 273 2882; x_wconf 81' lang='lat' dir='ltr'>Neapoli,</span> <span class='ocrx_word' id='word_1_339' title='bbox 291 2844 336 2874; x_wconf 88' lang='lat' dir='ltr'>VI</span> <span class='ocrx_word' id='word_1_340' title='bbox 352 2843 426 2874; x_wconf 89' lang='lat' dir='ltr'>idus</span> <span class='ocrx_word' id='word_1_341' title='bbox 445 2844 567 2879; x_wconf 86' lang='lat' dir='ltr'>martii,</span> <span class='ocrx_word' id='word_1_342' title='bbox 587 2853 672 2874; x_wconf 88' lang='lat' dir='ltr'>anno</span> <span class='ocrx_word' id='word_1_343' title='bbox 691 2844 808 2882; x_wconf 89' lang='lat' dir='ltr'>primo.</span> <span class='ocrx_word' id='word_1_344' title='bbox 829 2857 842 2871; x_wconf 83' lang='lat'>»</span> 
     </span>
    </p>
   </div>
   <div class='ocr_carea' id='block_1_8' title="bbox 1169 1845 1173 2776">
    <p class='ocr_par' dir='ltr' id='par_1_8' title="bbox 1169 1845 1173 2776">
     <span class='ocr_line' id='line_1_49' title="bbox 1169 1845 1173 2776; baseline 0 0"><span class='ocrx_word' id='word_1_345' title='bbox 1169 1845 1173 2776; x_wconf 95' lang='lat' dir='ltr'> </span> 
     </span>
    </p>
   </div>
   <div class='ocr_carea' id='block_1_9' title="bbox 1215 265 2220 413">
    <p class='ocr_par' dir='ltr' id='par_1_9' title="bbox 1215 265 2220 413">
     <span class='ocr_line' id='line_1_50' title="bbox 1798 265 2148 300; baseline 0.017 -10"><span class='ocrx_word' id='word_1_346' title='bbox 1798 265 1914 300; x_wconf 80' lang='lat' dir='ltr'>Naples,</span> <span class='ocrx_word' id='word_1_347' title='bbox 1931 267 1962 293; x_wconf 83' lang='lat'>15</span> <span class='ocrx_word' id='word_1_348' title='bbox 1979 275 2055 295; x_wconf 83' lang='lat' dir='ltr'>mars</span> <span class='ocrx_word' id='word_1_349' title='bbox 2071 268 2148 296; x_wconf 74' lang='lat'>1255.</span> 
     </span>
     <span class='ocr_line' id='line_1_51' title="bbox 1253 322 2218 361; baseline 0.012 -14"><span class='ocrx_word' id='word_1_350' title='bbox 1253 322 1296 354; x_wconf 82' lang='lat' dir='ltr'>P.,</span> <span class='ocrx_word' id='word_1_351' title='bbox 1309 323 1444 358; x_wconf 67' lang='lat' dir='ltr'>episcopo</span> <span class='ocrx_word' id='word_1_352' title='bbox 1459 324 1659 359; x_wconf 56' lang='grc' dir='ltr'>Τνῶθι-1001151,</span> <span class='ocrx_word' id='word_1_353' title='bbox 1674 327 1723 360; x_wconf 92' lang='lat' dir='ltr'>qui</span> <span class='ocrx_word' id='word_1_354' title='bbox 1740 331 1854 361; x_wconf 79' lang='lat' dir='ltr'>propter</span> <span class='ocrx_word' id='word_1_355' title='bbox 1870 336 2037 361; x_wconf 81' lang='lat' dir='ltr'>guerrarum</span> <span class='ocrx_word' id='word_1_356' title='bbox 2053 330 2218 359; x_wconf 86' lang='lat' dir='ltr'>discrimina</span> 
     </span>
     <span class='ocr_line' id='line_1_52' title="bbox 1215 371 2220 413; baseline 0.012 -18"><span class='ocrx_word' id='word_1_357' title='bbox 1215 371 1424 406; x_wconf 77' lang='lat' dir='ltr'>archiepiscopi</span> <span class='ocrx_word' id='word_1_358' title='bbox 1448 373 1635 400; x_wconf 82' lang='lat' dir='ltr'>Acherontini</span> <span class='ocrx_word' id='word_1_359' title='bbox 1658 375 1866 409; x_wconf 80' lang='lat' dir='ltr'>metropolitani</span> <span class='ocrx_word' id='word_1_360' title='bbox 1886 378 1930 403; x_wconf 90' lang='lat' dir='ltr'>sui</span> <span class='ocrx_word' id='word_1_361' title='bbox 1952 386 2006 404; x_wconf 91' lang='lat' dir='ltr'>non</span> <span class='ocrx_word' id='word_1_362' title='bbox 2028 382 2122 413; x_wconf 82' lang='lat' dir='ltr'>potest</span> <span class='ocrx_word' id='word_1_363' title='bbox 2141 380 2220 407; x_wconf 82' lang='lat' dir='ltr'>adire</span> 
     </span>
    </p>
   </div>
   <div class='ocr_carea' id='block_1_10' title="bbox 1217 420 2220 462">
    <p class='ocr_par' dir='ltr' id='par_1_10' title="bbox 1217 420 2220 462">
     <span class='ocr_line' id='line_1_53' title="bbox 1217 420 2220 462; baseline 0.012 -19"><span class='ocrx_word' id='word_1_364' title='bbox 1217 420 1404 451; x_wconf 77' lang='lat' dir='ltr'>praesentiam</span> <span class='ocrx_word' id='word_1_365' title='bbox 1423 424 1453 446; x_wconf 89' lang='lat' dir='ltr'>ut</span> <span class='ocrx_word' id='word_1_366' title='bbox 1468 422 1493 447; x_wconf 74' lang='lat' dir='ltr'>ei</span> <span class='ocrx_word' id='word_1_367' title='bbox 1511 426 1634 455; x_wconf 76' lang='lat' dir='ltr'>praestet</span> <span class='ocrx_word' id='word_1_368' title='bbox 1648 423 1791 450; x_wconf 78' lang='lat' dir='ltr'>fidelitatis</span> <span class='ocrx_word' id='word_1_369' title='bbox 1808 424 1919 451; x_wconf 81' lang='lat' dir='ltr'>debitae</span> <span class='ocrx_word' id='word_1_370' title='bbox 1931 427 2138 462; x_wconf 83' lang='lat' dir='ltr'>juramentum,</span> <span class='ocrx_word' id='word_1_371' title='bbox 2149 436 2220 455; x_wconf 85' lang='lat' dir='ltr'>con-</span> 
     </span>
    </p>
   </div>
   <div class='ocr_carea' id='block_1_11' title="bbox 1216 466 2220 551">
    <p class='ocr_par' dir='ltr' id='par_1_11' title="bbox 1216 466 2220 551">
     <span class='ocr_line' id='line_1_54' title="bbox 1216 466 2220 511; baseline 0.012 -20"><span class='ocrx_word' id='word_1_372' title='bbox 1216 466 1290 492; x_wconf 75' lang='lat' dir='ltr'>cedit</span> <span class='ocrx_word' id='word_1_373' title='bbox 1304 472 1331 492; x_wconf 93' lang='lat' dir='ltr'>ut</span> <span class='ocrx_word' id='word_1_374' title='bbox 1347 468 1401 501; x_wconf 76' lang='lat' dir='ltr'>ipsi</span> <span class='ocrx_word' id='word_1_375' title='bbox 1416 468 1449 494; x_wconf 87' lang='lat' dir='ltr'>ad</span> <span class='ocrx_word' id='word_1_376' title='bbox 1466 470 1577 503; x_wconf 80' lang='lat' dir='ltr'>culpam</span> <span class='ocrx_word' id='word_1_377' title='bbox 1595 470 1620 496; x_wconf 94' lang='lat' dir='ltr'>id</span> <span class='ocrx_word' id='word_1_378' title='bbox 1639 479 1775 505; x_wconf 81' lang='lat' dir='ltr'>processu</span> <span class='ocrx_word' id='word_1_379' title='bbox 1794 474 1930 507; x_wconf 82' lang='lat' dir='ltr'>temporis</span> <span class='ocrx_word' id='word_1_380' title='bbox 1947 482 2001 501; x_wconf 91' lang='lat' dir='ltr'>non</span> <span class='ocrx_word' id='word_1_381' title='bbox 2019 476 2109 502; x_wconf 82' lang='lat' dir='ltr'>valeat</span> <span class='ocrx_word' id='word_1_382' title='bbox 2123 476 2220 511; x_wconf 89' lang='lat' dir='ltr'>impu-</span> 
     </span>
     <span class='ocr_line' id='line_1_55' title="bbox 1216 514 1682 551; baseline 0.013 -12"><span class='ocrx_word' id='word_1_383' title='bbox 1216 515 1280 541; x_wconf 81' lang='lat' dir='ltr'>tari.</span> <span class='ocrx_word' id='word_1_384' title='bbox 1297 514 1377 547; x_wconf 57' lang='lat' dir='ltr'>(stt-0.</span> <span class='ocrx_word' id='word_1_385' title='bbox 1394 515 1437 546; x_wconf 58' lang='lat'>2³4,</span> <span class='ocrx_word' id='word_1_386' title='bbox 1455 524 1480 543; x_wconf 90' lang='lat' dir='ltr'>c.</span> <span class='ocrx_word' id='word_1_387' title='bbox 1498 516 1525 542; x_wconf 72' lang='lat'>⁶21</span> <span class='ocrx_word' id='word_1_388' title='bbox 1538 518 1559 547; x_wconf 85' lang='lat'>1,</span> <span class='ocrx_word' id='word_1_389' title='bbox 1577 518 1596 545; x_wconf 87' lang='lat' dir='ltr'>f.</span> <span class='ocrx_word' id='word_1_390' title='bbox 1613 518 1682 551; x_wconf 69' lang='lat' dir='ltr'>c28&#39;.)</span> 
     </span>
    </p>
   </div>
   <div class='ocr_carea' id='block_1_12' title="bbox 1289 261 1378 289">
    <p class='ocr_par' dir='ltr' id='par_1_12' title="bbox 1289 261 1378 289">
     <span class='ocr_line' id='line_1_56' title="bbox 1289 261 1378 289; baseline 0.022 -2"><span class='ocrx_word' id='word_1_391' title='bbox 1289 261 1378 289; x_wconf 70' lang='lat'>253</span> 
     </span>
    </p>
   </div>
   <div class='ocr_carea' id='block_1_13' title="bbox 1216 615 2219 708">
    <p class='ocr_par' dir='ltr' id='par_1_13' title="bbox 1216 615 2219 708">
     <span class='ocr_line' id='line_1_57' title="bbox 1259 615 2219 653; baseline 0.011 -11"><span class='ocrx_word' id='word_1_392' title='bbox 1259 626 1271 640; x_wconf 88' lang='lat'>«</span> <span class='ocrx_word' id='word_1_393' title='bbox 1289 615 1334 648; x_wconf 59' lang='lat' dir='ltr'>P„</span> <span class='ocrx_word' id='word_1_394' title='bbox 1351 617 1483 653; x_wconf 77' lang='lat' dir='ltr'>episcopo</span> <span class='ocrx_word' id='word_1_395' title='bbox 1501 617 1713 647; x_wconf 75' lang='lat' dir='ltr'>Triearieensi.</span> <span class='ocrx_word' id='word_1_396' title='bbox 1732 619 1777 648; x_wconf 87' lang='lat' dir='ltr'>Ex</span> <span class='ocrx_word' id='word_1_397' title='bbox 1793 623 1905 649; x_wconf 86' lang='lat' dir='ltr'>tenore</span> <span class='ocrx_word' id='word_1_398' title='bbox 1917 624 1971 651; x_wconf 89' lang='lat' dir='ltr'>tue</span> <span class='ocrx_word' id='word_1_399' title='bbox 1984 639 2032 650; x_wconf 82' lang='lat'>—.</span> <span class='ocrx_word' id='word_1_400' title='bbox 2046 623 2118 651; x_wconf 85' lang='lat' dir='ltr'>Dat.</span> <span class='ocrx_word' id='word_1_401' title='bbox 2136 624 2219 653; x_wconf 83' lang='lat' dir='ltr'>Nea-</span> 
     </span>
     <span class='ocr_line' id='line_1_58' title="bbox 1216 666 1832 708; baseline 0.01 -13"><span class='ocrx_word' id='word_1_402' title='bbox 1216 666 1294 704; x_wconf 73' lang='lat' dir='ltr'>poli,</span> <span class='ocrx_word' id='word_1_403' title='bbox 1311 667 1422 698; x_wconf 84' lang='lat' dir='ltr'>idibus</span> <span class='ocrx_word' id='word_1_404' title='bbox 1440 669 1562 704; x_wconf 72' lang='lat' dir='ltr'>martii,</span> <span class='ocrx_word' id='word_1_405' title='bbox 1581 678 1667 700; x_wconf 87' lang='lat' dir='ltr'>anno</span> <span class='ocrx_word' id='word_1_406' title='bbox 1683 671 1799 708; x_wconf 87' lang='lat' dir='ltr'>primo.</span> <span class='ocrx_word' id='word_1_407' title='bbox 1820 684 1832 697; x_wconf 73' lang='lat' dir='ltr'>n</span> 
     </span>
    </p>
   </div>
   <div class='ocr_carea' id='block_1_14' title="bbox 1289 858 2148 895">
    <p class='ocr_par' dir='ltr' id='par_1_14' title="bbox 1289 858 2148 895">
     <span class='ocr_line' id='line_1_59' title="bbox 1289 858 2148 895; baseline 0.006 -10"><span class='ocrx_word' id='word_1_408' title='bbox 1289 858 1379 885; x_wconf 69' lang='lat'>254</span> <span class='ocrx_word' id='word_1_409' title='bbox 1796 861 1911 895; x_wconf 78' lang='lat' dir='ltr'>Naplcs,</span> <span class='ocrx_word' id='word_1_410' title='bbox 1932 863 1963 888; x_wconf 83' lang='lat'>10</span> <span class='ocrx_word' id='word_1_411' title='bbox 1978 871 2054 889; x_wconf 81' lang='lat' dir='ltr'>mars</span> <span class='ocrx_word' id='word_1_412' title='bbox 2073 864 2148 890; x_wconf 78' lang='lat'>1‘255.</span> 
     </span>
    </p>
   </div>
   <div class='ocr_carea' id='block_1_15' title="bbox 1216 918 2221 1246">
    <p class='ocr_par' dir='ltr' id='par_1_15' title="bbox 1216 918 2221 1246">
     <span class='ocr_line' id='line_1_60' title="bbox 1252 918 2218 959; baseline 0.007 -14"><span class='ocrx_word' id='word_1_413' title='bbox 1252 918 1501 946; x_wconf 82' lang='lat' dir='ltr'>Constructionem</span> <span class='ocrx_word' id='word_1_414' title='bbox 1525 922 1673 955; x_wconf 76' lang='lat' dir='ltr'>hospitalis</span> <span class='ocrx_word' id='word_1_415' title='bbox 1694 921 1890 949; x_wconf 84' lang='lat' dir='ltr'>Norwicensis</span> <span class='ocrx_word' id='word_1_416' title='bbox 1911 924 1945 949; x_wconf 85' lang='lat' dir='ltr'>ab</span> <span class='ocrx_word' id='word_1_417' title='bbox 1962 924 2097 959; x_wconf 76' lang='lat' dir='ltr'>episeopo</span> <span class='ocrx_word' id='word_1_418' title='bbox 2118 925 2218 952; x_wconf 76' lang='lat' dir='ltr'>saetam</span> 
     </span>
     <span class='ocr_line' id='line_1_61' title="bbox 1217 970 2219 1010; baseline 0.007 -15"><span class='ocrx_word' id='word_1_419' title='bbox 1217 970 1249 995; x_wconf 80' lang='lat' dir='ltr'>ad</span> <span class='ocrx_word' id='word_1_420' title='bbox 1277 978 1350 1004; x_wconf 75' lang='lat' dir='ltr'>opus</span> <span class='ocrx_word' id='word_1_421' title='bbox 1378 971 1560 998; x_wconf 80' lang='lat' dir='ltr'>sacerdotum</span> <span class='ocrx_word' id='word_1_422' title='bbox 1589 972 1733 998; x_wconf 84' lang='lat' dir='ltr'>debilitate</span> <span class='ocrx_word' id='word_1_423' title='bbox 1759 974 1801 999; x_wconf 85' lang='lat' dir='ltr'>vel</span> <span class='ocrx_word' id='word_1_424' title='bbox 1826 977 1975 1000; x_wconf 80' lang='lat' dir='ltr'>senectute</span> <span class='ocrx_word' id='word_1_425' title='bbox 1999 975 2219 1010; x_wconf 80' lang='lat' dir='ltr'>confractorum,</span> 
     </span>
     <span class='ocr_line' id='line_1_62' title="bbox 1218 1020 2221 1058; baseline 0.007 -14"><span class='ocrx_word' id='word_1_426' title='bbox 1218 1028 1373 1054; x_wconf 80' lang='lat' dir='ltr'>pauperum</span> <span class='ocrx_word' id='word_1_427' title='bbox 1396 1021 1550 1046; x_wconf 79' lang='lat' dir='ltr'>scolarium</span> <span class='ocrx_word' id='word_1_428' title='bbox 1571 1020 1599 1046; x_wconf 86' lang='lat' dir='ltr'>in</span> <span class='ocrx_word' id='word_1_429' title='bbox 1621 1021 1737 1047; x_wconf 83' lang='lat' dir='ltr'>civitate</span> <span class='ocrx_word' id='word_1_430' title='bbox 1758 1022 1934 1048; x_wconf 75' lang='lat' dir='ltr'>studentium</span> <span class='ocrx_word' id='word_1_431' title='bbox 1951 1031 1983 1049; x_wconf 83' lang='lat' dir='ltr'>ac</span> <span class='ocrx_word' id='word_1_432' title='bbox 1999 1023 2135 1050; x_wconf 78' lang='lat' dir='ltr'>tredecim</span> <span class='ocrx_word' id='word_1_433' title='bbox 2152 1033 2221 1058; x_wconf 84' lang='lat' dir='ltr'>pau-</span> 
     </span>
     <span class='ocr_line' id='line_1_63' title="bbox 1217 1069 2220 1107; baseline 0.006 -14"><span class='ocrx_word' id='word_1_434' title='bbox 1217 1077 1327 1102; x_wconf 71' lang='lat' dir='ltr'>perum,</span> <span class='ocrx_word' id='word_1_435' title='bbox 1352 1069 1592 1103; x_wconf 74' lang='lat' dir='ltr'>‹l‹›1mti‹me1nque</span> <span class='ocrx_word' id='word_1_436' title='bbox 1616 1071 1803 1103; x_wconf 81' lang='lat' dir='ltr'>quarumdam</span> <span class='ocrx_word' id='word_1_437' title='bbox 1830 1072 2046 1104; x_wconf 69' lang='lat' dir='ltr'>posscssionum</span> <span class='ocrx_word' id='word_1_438' title='bbox 2070 1080 2133 1099; x_wconf 87' lang='lat' dir='ltr'>cum</span> <span class='ocrx_word' id='word_1_439' title='bbox 2155 1074 2220 1107; x_wconf 86' lang='lat' dir='ltr'>jure</span> 
     </span>
     <span class='ocr_line' id='line_1_64' title="bbox 1217 1117 2221 1153; baseline 0.007 -12"><span class='ocrx_word' id='word_1_440' title='bbox 1217 1120 1383 1150; x_wconf 80' lang='lat' dir='ltr'>patronatus</span> <span class='ocrx_word' id='word_1_441' title='bbox 1405 1125 1428 1143; x_wconf 85' lang='lat' dir='ltr'>s.</span> <span class='ocrx_word' id='word_1_442' title='bbox 1456 1117 1559 1143; x_wconf 79' lang='lat' dir='ltr'>Mariae</span> <span class='ocrx_word' id='word_1_443' title='bbox 1582 1118 1616 1144; x_wconf 90' lang='lat' dir='ltr'>de</span> <span class='ocrx_word' id='word_1_444' title='bbox 1638 1117 1779 1150; x_wconf 70' lang='lat' dir='ltr'>Walsffln,</span> <span class='ocrx_word' id='word_1_445' title='bbox 1802 1119 1836 1144; x_wconf 73' lang='lat' dir='ltr'>dn</span> <span class='ocrx_word' id='word_1_446' title='bbox 1858 1120 1978 1153; x_wconf 66' lang='lat' dir='ltr'>Scnges,</span> <span class='ocrx_word' id='word_1_447' title='bbox 1997 1120 2030 1145; x_wconf 75' lang='lat' dir='ltr'>dc</span> <span class='ocrx_word' id='word_1_448' title='bbox 2052 1120 2172 1147; x_wconf 80' lang='lat' dir='ltr'>Hardele</span> <span class='ocrx_word' id='word_1_449' title='bbox 2194 1125 2221 1148; x_wconf 82' lang='lat' dir='ltr'>et</span> 
     </span>
     <span class='ocr_line' id='line_1_65' title="bbox 1216 1164 2219 1200; baseline 0.006 -11"><span class='ocrx_word' id='word_1_450' title='bbox 1216 1164 1410 1199; x_wconf 74' lang='lat' dir='ltr'>Cryngclthop</span> <span class='ocrx_word' id='word_1_451' title='bbox 1422 1166 1607 1192; x_wconf 82' lang='lat' dir='ltr'>ecclesiarum</span> <span class='ocrx_word' id='word_1_452' title='bbox 1624 1167 1760 1192; x_wconf 81' lang='lat' dir='ltr'>fratribus</span> <span class='ocrx_word' id='word_1_453' title='bbox 1778 1168 1927 1200; x_wconf 60' lang='lat' dir='ltr'>hospitalis</span> <span class='ocrx_word' id='word_1_454' title='bbox 1944 1169 2043 1194; x_wconf 67' lang='lat' dir='ltr'>factam</span> <span class='ocrx_word' id='word_1_455' title='bbox 2061 1170 2219 1195; x_wconf 82' lang='lat' dir='ltr'>confirmat.</span> 
     </span>
     <span class='ocr_line' id='line_1_66' title="bbox 1220 1214 1604 1246; baseline 0.005 -7"><span class='ocrx_word' id='word_1_456' title='bbox 1220 1214 1604 1246; x_wconf 65' lang='lat' dir='ltr'>(R1·:o‚‘24‚c.⁶21²2,f.⁶28v.)</span> 
     </span>
    </p>
   </div>
   <div class='ocr_carea' id='block_1_16' title="bbox 1211 1317 2219 2881">
    <p class='ocr_par' dir='ltr' id='par_1_16' title="bbox 1211 1317 2219 2881">
     <span class='ocr_line' id='line_1_67' title="bbox 1259 1317 2219 1357; baseline 0.007 -15"><span class='ocrx_word' id='word_1_457' title='bbox 1259 1328 1271 1341; x_wconf 73' lang='grc' dir='ltr'>ιι</span> <span class='ocrx_word' id='word_1_458' title='bbox 1292 1339 1324 1350; x_wconf 77' lang='lat'>..‚</span> <span class='ocrx_word' id='word_1_459' title='bbox 1343 1317 1474 1353; x_wconf 74' lang='lat' dir='ltr'>episeopo</span> <span class='ocrx_word' id='word_1_460' title='bbox 1489 1317 1686 1346; x_wconf 72' lang='lat' dir='ltr'>Norwicensi.</span> <span class='ocrx_word' id='word_1_461' title='bbox 1708 1318 1758 1346; x_wconf 83' lang='lat' dir='ltr'>Ad</span> <span class='ocrx_word' id='word_1_462' title='bbox 1776 1318 1881 1347; x_wconf 87' lang='lat' dir='ltr'>instar</span> <span class='ocrx_word' id='word_1_463' title='bbox 1902 1319 1972 1347; x_wconf 86' lang='lat' dir='ltr'>auri</span> <span class='ocrx_word' id='word_1_464' title='bbox 1994 1318 2089 1347; x_wconf 82' lang='grc'>1101115</span> <span class='ocrx_word' id='word_1_465' title='bbox 2112 1319 2219 1357; x_wconf 85' lang='lat' dir='ltr'>operi·</span> 
     </span>
     <span class='ocr_line' id='line_1_68' title="bbox 1214 1368 2216 1408; baseline 0.004 -11"><span class='ocrx_word' id='word_1_466' title='bbox 1214 1368 1276 1398; x_wconf 85' lang='lat' dir='ltr'>bus</span> <span class='ocrx_word' id='word_1_467' title='bbox 1293 1368 1338 1397; x_wconf 87' lang='lat' dir='ltr'>ita</span> <span class='ocrx_word' id='word_1_468' title='bbox 1354 1368 1480 1406; x_wconf 68' lang='lat' dir='ltr'>fulgere</span> <span class='ocrx_word' id='word_1_469' title='bbox 1495 1369 1614 1399; x_wconf 84' lang='lat' dir='ltr'>diceris</span> <span class='ocrx_word' id='word_1_470' title='bbox 1630 1373 1666 1399; x_wconf 86' lang='lat' dir='ltr'>ut</span> <span class='ocrx_word' id='word_1_471' title='bbox 1678 1379 1736 1408; x_wconf 93' lang='lat' dir='ltr'>pro</span> <span class='ocrx_word' id='word_1_472' title='bbox 1748 1370 1889 1408; x_wconf 79' lang='lat' dir='ltr'>quodam</span> <span class='ocrx_word' id='word_1_473' title='bbox 1902 1371 1961 1399; x_wconf 82' lang='lat' dir='ltr'>Dei</span> <span class='ocrx_word' id='word_1_474' title='bbox 1976 1371 2170 1401; x_wconf 77' lang='lat' dir='ltr'>candelabro</span> <span class='ocrx_word' id='word_1_475' title='bbox 2182 1372 2216 1401; x_wconf 92' lang='lat' dir='ltr'>in</span> 
     </span>
     <span class='ocr_line' id='line_1_69' title="bbox 1215 1421 2218 1462; baseline 0.004 -13"><span class='ocrx_word' id='word_1_476' title='bbox 1215 1421 1333 1459; x_wconf 78' lang='lat' dir='ltr'>Anglie</span> <span class='ocrx_word' id='word_1_477' title='bbox 1350 1421 1498 1459; x_wconf 85' lang='lat' dir='ltr'>partibus</span> <span class='ocrx_word' id='word_1_478' title='bbox 1510 1421 1675 1457; x_wconf 72' lang='lat' dir='ltr'>habearis,</span> <span class='ocrx_word' id='word_1_479' title='bbox 1689 1422 1750 1451; x_wconf 86' lang='lat' dir='ltr'>snb</span> <span class='ocrx_word' id='word_1_480' title='bbox 1761 1421 1819 1451; x_wconf 85' lang='lat' dir='ltr'>illa</span> <span class='ocrx_word' id='word_1_481' title='bbox 1830 1422 1984 1451; x_wconf 85' lang='lat' dir='ltr'>firmitate</span> <span class='ocrx_word' id='word_1_482' title='bbox 2000 1423 2117 1453; x_wconf 80' lang='lat' dir='ltr'>fiducie</span> <span class='ocrx_word' id='word_1_483' title='bbox 2132 1424 2218 1462; x_wconf 83' lang='lat' dir='ltr'>quod</span> 
     </span>
     <span class='ocr_line' id='line_1_70' title="bbox 1215 1474 2217 1514; baseline 0.003 -11"><span class='ocrx_word' id='word_1_484' title='bbox 1215 1475 1320 1504; x_wconf 86' lang='lat' dir='ltr'>virtus</span> <span class='ocrx_word' id='word_1_485' title='bbox 1341 1474 1507 1504; x_wconf 83' lang='lat' dir='ltr'>Altissimi</span> <span class='ocrx_word' id='word_1_486' title='bbox 1525 1484 1588 1513; x_wconf 84' lang='lat' dir='ltr'>que</span> <span class='ocrx_word' id='word_1_487' title='bbox 1613 1475 1672 1504; x_wconf 88' lang='lat' dir='ltr'>tibi</span> <span class='ocrx_word' id='word_1_488' title='bbox 1695 1475 1848 1513; x_wconf 86' lang='lat' dir='ltr'>spiritum</span> <span class='ocrx_word' id='word_1_489' title='bbox 1866 1476 1999 1513; x_wconf 86' lang='lat' dir='ltr'>pietatis</span> <span class='ocrx_word' id='word_1_490' title='bbox 2018 1476 2052 1505; x_wconf 89' lang='lat' dir='ltr'>in</span> <span class='ocrx_word' id='word_1_491' title='bbox 2070 1477 2217 1514; x_wconf 81' lang='lat' dir='ltr'>presenti</span> 
     </span>
     <span class='ocr_line' id='line_1_71' title="bbox 1214 1527 2217 1566; baseline 0.003 -10"><span class='ocrx_word' id='word_1_492' title='bbox 1214 1527 1281 1557; x_wconf 86' lang='lat' dir='ltr'>vita</span> <span class='ocrx_word' id='word_1_493' title='bbox 1298 1527 1436 1557; x_wconf 85' lang='lat' dir='ltr'>contulit</span> <span class='ocrx_word' id='word_1_494' title='bbox 1452 1531 1482 1557; x_wconf 87' lang='lat' dir='ltr'>te</span> <span class='ocrx_word' id='word_1_495' title='bbox 1502 1537 1560 1565; x_wconf 90' lang='lat' dir='ltr'>pro</span> <span class='ocrx_word' id='word_1_496' title='bbox 1582 1532 1636 1557; x_wconf 85' lang='lat' dir='ltr'>tue</span> <span class='ocrx_word' id='word_1_497' title='bbox 1653 1528 1800 1557; x_wconf 84' lang='lat' dir='ltr'>caritatis</span> <span class='ocrx_word' id='word_1_498' title='bbox 1820 1529 1974 1566; x_wconf 87' lang='lat' dir='ltr'>operibus</span> <span class='ocrx_word' id='word_1_499' title='bbox 1991 1529 2093 1566; x_wconf 67' lang='lat' dir='ltr'>gloria</span> <span class='ocrx_word' id='word_1_500' title='bbox 2112 1533 2142 1559; x_wconf 90' lang='lat' dir='ltr'>et</span> <span class='ocrx_word' id='word_1_501' title='bbox 2158 1529 2217 1559; x_wconf 87' lang='lat' dir='ltr'>ho-</span> 
     </span>
     <span class='ocr_line' id='line_1_72' title="bbox 1215 1581 2218 1618; baseline 0.003 -9"><span class='ocrx_word' id='word_1_502' title='bbox 1215 1589 1292 1609; x_wconf 86' lang='lat' dir='ltr'>nore</span> <span class='ocrx_word' id='word_1_503' title='bbox 1316 1584 1472 1618; x_wconf 88' lang='lat' dir='ltr'>perpetuo</span> <span class='ocrx_word' id='word_1_504' title='bbox 1490 1581 1678 1616; x_wconf 58' lang='lat' dir='ltr'>coronabit,</span> <span class='ocrx_word' id='word_1_505' title='bbox 1703 1581 1798 1610; x_wconf 90' lang='lat' dir='ltr'>nobis</span> <span class='ocrx_word' id='word_1_506' title='bbox 1822 1590 1859 1611; x_wconf 79' lang='lat' dir='ltr'>ex</span> <span class='ocrx_word' id='word_1_507' title='bbox 1879 1581 1939 1611; x_wconf 91' lang='lat' dir='ltr'>hac</span> <span class='ocrx_word' id='word_1_508' title='bbox 1961 1582 2147 1611; x_wconf 76' lang='lat' dir='ltr'>delectabili</span> <span class='ocrx_word' id='word_1_509' title='bbox 2169 1582 2218 1612; x_wconf 89' lang='lat' dir='ltr'>tui</span> 
     </span>
     <span class='ocr_line' id='line_1_73' title="bbox 1214 1633 2217 1671; baseline 0.002 -9"><span class='ocrx_word' id='word_1_510' title='bbox 1214 1633 1359 1663; x_wconf 86' lang='lat' dir='ltr'>nominis</span> <span class='ocrx_word' id='word_1_511' title='bbox 1374 1633 1522 1663; x_wconf 80' lang='lat' dir='ltr'>claritate</span> <span class='ocrx_word' id='word_1_512' title='bbox 1538 1633 1634 1663; x_wconf 90' lang='lat' dir='ltr'>illum</span> <span class='ocrx_word' id='word_1_513' title='bbox 1653 1633 1915 1671; x_wconf 82' lang='lat' dir='ltr'>concipientibus</span> <span class='ocrx_word' id='word_1_514' title='bbox 1936 1634 2149 1671; x_wconf 73' lang='lat' dir='ltr'>benignitatis</span> <span class='ocrx_word' id='word_1_515' title='bbox 2168 1635 2217 1664; x_wconf 87' lang='lat' dir='ltr'>af-</span> 
     </span>
     <span class='ocr_line' id='line_1_74' title="bbox 1213 1686 2218 1726; baseline 0.002 -11"><span class='ocrx_word' id='word_1_516' title='bbox 1213 1686 1336 1716; x_wconf 82' lang='lat' dir='ltr'>fectum</span> <span class='ocrx_word' id='word_1_517' title='bbox 1359 1687 1445 1725; x_wconf 85' lang='lat' dir='ltr'>quod</span> <span class='ocrx_word' id='word_1_518' title='bbox 1465 1691 1521 1716; x_wconf 87' lang='lat' dir='ltr'>tua</span> <span class='ocrx_word' id='word_1_519' title='bbox 1539 1687 1629 1726; x_wconf 84' lang='lat' dir='ltr'>justa</span> <span class='ocrx_word' id='word_1_520' title='bbox 1655 1687 1819 1716; x_wconf 82' lang='lat' dir='ltr'>desideria</span> <span class='ocrx_word' id='word_1_521' title='bbox 1840 1686 2040 1716; x_wconf 78' lang='lat' dir='ltr'>delectamur</span> <span class='ocrx_word' id='word_1_522' title='bbox 2063 1687 2218 1726; x_wconf 78' lang='lat' dir='ltr'>prosequi</span> 
     </span>
     <span class='ocr_line' id='line_1_75' title="bbox 1212 1739 2218 1777; baseline 0.001 -9"><span class='ocrx_word' id='word_1_523' title='bbox 1212 1739 1438 1769; x_wconf 84' lang='lat' dir='ltr'>benivolentia</span> <span class='ocrx_word' id='word_1_524' title='bbox 1456 1740 1610 1777; x_wconf 68' lang='lat' dir='ltr'>gratiosa.</span> <span class='ocrx_word' id='word_1_525' title='bbox 1632 1740 1716 1770; x_wconf 85' lang='lat' dir='ltr'>Sane</span> <span class='ocrx_word' id='word_1_526' title='bbox 1735 1739 1905 1777; x_wconf 83' lang='lat' dir='ltr'>petitionis</span> <span class='ocrx_word' id='word_1_527' title='bbox 1921 1743 1975 1769; x_wconf 84' lang='lat' dir='ltr'>tue</span> <span class='ocrx_word' id='word_1_528' title='bbox 1994 1740 2113 1769; x_wconf 83' lang='lat' dir='ltr'>seriem</span> <span class='ocrx_word' id='word_1_529' title='bbox 2130 1740 2218 1769; x_wconf 86' lang='lat' dir='ltr'>audi-</span> 
     </span>
     <span class='ocr_line' id='line_1_76' title="bbox 1213 1792 2219 1831; baseline 0.001 -11"><span class='ocrx_word' id='word_1_530' title='bbox 1213 1792 1322 1822; x_wconf 80' lang='lat' dir='ltr'>vimus</span> <span class='ocrx_word' id='word_1_531' title='bbox 1339 1793 1564 1822; x_wconf 85' lang='lat' dir='ltr'>continentem</span> <span class='ocrx_word' id='word_1_532' title='bbox 1580 1793 1664 1831; x_wconf 77' lang='lat' dir='ltr'>quod</span> <span class='ocrx_word' id='word_1_533' title='bbox 1679 1796 1722 1827; x_wconf 78' lang='lat' dir='ltr'>tu,</span> <span class='ocrx_word' id='word_1_534' title='bbox 1737 1792 1868 1821; x_wconf 88' lang='lat' dir='ltr'>illorum</span> <span class='ocrx_word' id='word_1_535' title='bbox 1881 1792 2081 1829; x_wconf 85' lang='lat' dir='ltr'>premiorum</span> <span class='ocrx_word' id='word_1_536' title='bbox 2096 1792 2219 1822; x_wconf 88' lang='lat' dir='ltr'>intuitu</span> 
     </span>
     <span class='ocr_line' id='line_1_77' title="bbox 1214 1845 2218 1883; baseline -0.001 -8"><span class='ocrx_word' id='word_1_537' title='bbox 1214 1854 1277 1883; x_wconf 85' lang='lat' dir='ltr'>que</span> <span class='ocrx_word' id='word_1_538' title='bbox 1301 1855 1319 1874; x_wconf 81' lang='lat' dir='ltr'>a</span> <span class='ocrx_word' id='word_1_539' title='bbox 1340 1845 1442 1883; x_wconf 73' lang='lat' dir='ltr'>Regis</span> <span class='ocrx_word' id='word_1_540' title='bbox 1464 1845 1578 1875; x_wconf 81' lang='lat' dir='ltr'>Eterni</span> <span class='ocrx_word' id='word_1_541' title='bbox 1599 1845 1774 1875; x_wconf 84' lang='lat' dir='ltr'>clementia</span> <span class='ocrx_word' id='word_1_542' title='bbox 1790 1854 1847 1883; x_wconf 85' lang='lat' dir='ltr'>pro</span> <span class='ocrx_word' id='word_1_543' title='bbox 1868 1845 2093 1875; x_wconf 80' lang='lat' dir='ltr'>misericordie</span> <span class='ocrx_word' id='word_1_544' title='bbox 2109 1845 2218 1875; x_wconf 82' lang='lat' dir='ltr'>studio</span> 
     </span>
     <span class='ocr_line' id='line_1_78' title="bbox 1213 1897 2218 1936; baseline -0.001 -9"><span class='ocrx_word' id='word_1_545' title='bbox 1213 1902 1479 1936; x_wconf 84' lang='lat' dir='ltr'>compensantur,</span> <span class='ocrx_word' id='word_1_546' title='bbox 1496 1899 1530 1927; x_wconf 91' lang='lat' dir='ltr'>in</span> <span class='ocrx_word' id='word_1_547' title='bbox 1546 1898 1677 1936; x_wconf 89' lang='lat' dir='ltr'>proprio</span> <span class='ocrx_word' id='word_1_548' title='bbox 1694 1897 1795 1927; x_wconf 87' lang='lat' dir='ltr'>fundo</span> <span class='ocrx_word' id='word_1_549' title='bbox 1812 1902 1866 1927; x_wconf 89' lang='lat' dir='ltr'>tuo</span> <span class='ocrx_word' id='word_1_550' title='bbox 1883 1897 1918 1926; x_wconf 91' lang='lat' dir='ltr'>in</span> <span class='ocrx_word' id='word_1_551' title='bbox 1938 1897 2070 1927; x_wconf 81' lang='lat' dir='ltr'>civitate</span> <span class='ocrx_word' id='word_1_552' title='bbox 2087 1897 2218 1927; x_wconf 85' lang='lat' dir='ltr'>Norwi-</span> 
     </span>
     <span class='ocr_line' id='line_1_79' title="bbox 1213 1940 2219 1989; baseline -0.002 -8"><span class='ocrx_word' id='word_1_553' title='bbox 1213 1940 1304 1981; x_wconf 80' lang='lat' dir='ltr'>censi</span> <span class='ocrx_word' id='word_1_554' title='bbox 1323 1951 1361 1981; x_wconf 89' lang='lat' dir='ltr'>de</span> <span class='ocrx_word' id='word_1_555' title='bbox 1381 1951 1477 1981; x_wconf 85' lang='grc'>1101115</span> <span class='ocrx_word' id='word_1_556' title='bbox 1493 1960 1551 1989; x_wconf 90' lang='lat' dir='ltr'>per</span> <span class='ocrx_word' id='word_1_557' title='bbox 1568 1955 1660 1980; x_wconf 84' lang='lat' dir='ltr'>tuam</span> <span class='ocrx_word' id='word_1_558' title='bbox 1682 1950 1881 1980; x_wconf 88' lang='lat' dir='ltr'>industriam</span> <span class='ocrx_word' id='word_1_559' title='bbox 1904 1950 2091 1988; x_wconf 68' lang='lat' dir='ltr'>acquisitis,</span> <span class='ocrx_word' id='word_1_560' title='bbox 2117 1950 2219 1988; x_wconf 83' lang='lat' dir='ltr'>quod-</span> 
     </span>
     <span class='ocr_line' id='line_1_80' title="bbox 1214 2002 2218 2041; baseline -0.002 -8"><span class='ocrx_word' id='word_1_561' title='bbox 1214 2004 1289 2033; x_wconf 87' lang='lat' dir='ltr'>dam</span> <span class='ocrx_word' id='word_1_562' title='bbox 1316 2003 1477 2041; x_wconf 85' lang='lat' dir='ltr'>hospitale</span> <span class='ocrx_word' id='word_1_563' title='bbox 1505 2003 1540 2032; x_wconf 88' lang='lat' dir='ltr'>in</span> <span class='ocrx_word' id='word_1_564' title='bbox 1568 2003 1727 2033; x_wconf 87' lang='lat' dir='ltr'>honorem</span> <span class='ocrx_word' id='word_1_565' title='bbox 1754 2003 1848 2032; x_wconf 80' lang='lat' dir='ltr'>beate</span> <span class='ocrx_word' id='word_1_566' title='bbox 1877 2003 1979 2032; x_wconf 84' lang='lat' dir='ltr'>Marie</span> <span class='ocrx_word' id='word_1_567' title='bbox 2006 2002 2154 2039; x_wconf 70' lang='lat' dir='ltr'>Virginis</span> <span class='ocrx_word' id='word_1_568' title='bbox 2182 2010 2218 2031; x_wconf 87' lang='lat' dir='ltr'>ac</span> 
     </span>
     <span class='ocr_line' id='line_1_81' title="bbox 1213 2054 2218 2094; baseline -0.003 -8"><span class='ocrx_word' id='word_1_569' title='bbox 1213 2056 1319 2086; x_wconf 86' lang='lat' dir='ltr'>sancti</span> <span class='ocrx_word' id='word_1_570' title='bbox 1340 2056 1448 2093; x_wconf 75' lang='lat' dir='ltr'>Egidii</span> <span class='ocrx_word' id='word_1_571' title='bbox 1465 2056 1505 2085; x_wconf 85' lang='lat' dir='ltr'>ad</span> <span class='ocrx_word' id='word_1_572' title='bbox 1523 2065 1605 2094; x_wconf 84' lang='lat' dir='ltr'>opus</span> <span class='ocrx_word' id='word_1_573' title='bbox 1622 2055 1827 2085; x_wconf 87' lang='lat' dir='ltr'>sacerdotum</span> <span class='ocrx_word' id='word_1_574' title='bbox 1845 2055 1900 2093; x_wconf 82' lang='lat' dir='ltr'>qui</span> <span class='ocrx_word' id='word_1_575' title='bbox 1915 2054 2083 2084; x_wconf 83' lang='lat' dir='ltr'>debilitate</span> <span class='ocrx_word' id='word_1_576' title='bbox 2100 2054 2149 2084; x_wconf 79' lang='lat' dir='ltr'>vel</span> <span class='ocrx_word' id='word_1_577' title='bbox 2166 2063 2218 2084; x_wconf 90' lang='lat' dir='ltr'>se-</span> 
     </span>
     <span class='ocr_line' id='line_1_82' title="bbox 1214 2108 2217 2145; baseline -0.003 -6"><span class='ocrx_word' id='word_1_578' title='bbox 1214 2114 1344 2139; x_wconf 85' lang='lat' dir='ltr'>nectute</span> <span class='ocrx_word' id='word_1_579' title='bbox 1361 2109 1519 2139; x_wconf 79' lang='lat' dir='ltr'>confracti</span> <span class='ocrx_word' id='word_1_580' title='bbox 1537 2109 1649 2138; x_wconf 84' lang='lat' dir='ltr'>divina</span> <span class='ocrx_word' id='word_1_581' title='bbox 1665 2108 1830 2138; x_wconf 84' lang='lat' dir='ltr'>celebrare</span> <span class='ocrx_word' id='word_1_582' title='bbox 1846 2117 1910 2138; x_wconf 91' lang='lat' dir='ltr'>non</span> <span class='ocrx_word' id='word_1_583' title='bbox 1926 2112 2062 2145; x_wconf 80' lang='lat' dir='ltr'>possunt</span> <span class='ocrx_word' id='word_1_584' title='bbox 2079 2117 2136 2137; x_wconf 85' lang='grc'>5011</span> <span class='ocrx_word' id='word_1_585' title='bbox 2152 2116 2217 2137; x_wconf 84' lang='grc'>11011</span> 
     </span>
     <span class='ocr_line' id='line_1_83' title="bbox 1212 2159 2219 2197; baseline -0.002 -7"><span class='ocrx_word' id='word_1_586' title='bbox 1212 2161 1355 2191; x_wconf 81' lang='lat' dir='ltr'>habeant</span> <span class='ocrx_word' id='word_1_587' title='bbox 1369 2161 1455 2191; x_wconf 87' lang='lat' dir='ltr'>unde</span> <span class='ocrx_word' id='word_1_588' title='bbox 1473 2161 1604 2191; x_wconf 87' lang='lat' dir='ltr'>valeant</span> <span class='ocrx_word' id='word_1_589' title='bbox 1621 2160 1811 2195; x_wconf 80' lang='lat' dir='ltr'>sustentari,</span> <span class='ocrx_word' id='word_1_590' title='bbox 1826 2164 1856 2189; x_wconf 76' lang='lat' dir='ltr'>ct</span> <span class='ocrx_word' id='word_1_591' title='bbox 1874 2159 1974 2189; x_wconf 78' lang='lat' dir='ltr'>ctiam</span> <span class='ocrx_word' id='word_1_592' title='bbox 1991 2160 2029 2188; x_wconf 89' lang='lat' dir='ltr'>ad</span> <span class='ocrx_word' id='word_1_593' title='bbox 2043 2169 2123 2197; x_wconf 82' lang='lat' dir='ltr'>opus</span> <span class='ocrx_word' id='word_1_594' title='bbox 2138 2159 2219 2189; x_wconf 83' lang='lat' dir='ltr'>certi</span> 
     </span>
     <span class='ocr_line' id='line_1_84' title="bbox 1214 2211 2217 2251; baseline -0.003 -8"><span class='ocrx_word' id='word_1_595' title='bbox 1214 2214 1344 2243; x_wconf 72' lang='lat' dir='ltr'>numeri</span> <span class='ocrx_word' id='word_1_596' title='bbox 1364 2222 1545 2251; x_wconf 82' lang='lat' dir='ltr'>pauperum</span> <span class='ocrx_word' id='word_1_597' title='bbox 1568 2213 1745 2242; x_wconf 81' lang='lat' dir='ltr'>scolarium</span> <span class='ocrx_word' id='word_1_598' title='bbox 1767 2212 1800 2241; x_wconf 91' lang='grc'>111</span> <span class='ocrx_word' id='word_1_599' title='bbox 1825 2212 1957 2241; x_wconf 79' lang='lat' dir='ltr'>civitate</span> <span class='ocrx_word' id='word_1_600' title='bbox 1981 2211 2126 2249; x_wconf 81' lang='lat' dir='ltr'>predicta</span> <span class='ocrx_word' id='word_1_601' title='bbox 2148 2215 2217 2240; x_wconf 87' lang='lat' dir='ltr'>stu-</span> 
     </span>
     <span class='ocr_line' id='line_1_85' title="bbox 1212 2265 2218 2304; baseline -0.004 -7"><span class='ocrx_word' id='word_1_602' title='bbox 1212 2267 1360 2297; x_wconf 81' lang='lat' dir='ltr'>dentium</span> <span class='ocrx_word' id='word_1_603' title='bbox 1383 2276 1419 2296; x_wconf 82' lang='lat' dir='ltr'>ac</span> <span class='ocrx_word' id='word_1_604' title='bbox 1442 2267 1599 2296; x_wconf 78' lang='lat' dir='ltr'>tredecim</span> <span class='ocrx_word' id='word_1_605' title='bbox 1622 2275 1803 2304; x_wconf 88' lang='lat' dir='ltr'>pauperum</span> <span class='ocrx_word' id='word_1_606' title='bbox 1824 2265 2075 2294; x_wconf 63' lang='lat' dir='ltr'>reficiendorum</span> <span class='ocrx_word' id='word_1_607' title='bbox 2095 2265 2218 2294; x_wconf 86' lang='lat' dir='ltr'>ibidem</span> 
     </span>
     <span class='ocr_line' id='line_1_86' title="bbox 1212 2317 2218 2349; baseline -0.004 0"><span class='ocrx_word' id='word_1_608' title='bbox 1212 2320 1330 2349; x_wconf 82' lang='lat' dir='ltr'>cotidie</span> <span class='ocrx_word' id='word_1_609' title='bbox 1353 2328 1479 2349; x_wconf 78' lang='lat' dir='ltr'>necnon</span> <span class='ocrx_word' id='word_1_610' title='bbox 1505 2319 1712 2348; x_wconf 77' lang='lat' dir='ltr'>infirmorum</span> <span class='ocrx_word' id='word_1_611' title='bbox 1740 2318 1819 2347; x_wconf 90' lang='lat' dir='ltr'>illuc</span> <span class='ocrx_word' id='word_1_612' title='bbox 1844 2317 2009 2346; x_wconf 75' lang='lat' dir='ltr'>declinare</span> <span class='ocrx_word' id='word_1_613' title='bbox 2037 2317 2218 2346; x_wconf 74' lang='lat' dir='ltr'>volentium</span> 
     </span>
     <span class='ocr_line' id='line_1_87' title="bbox 1212 2368 2218 2409; baseline -0.004 -8"><span class='ocrx_word' id='word_1_614' title='bbox 1212 2372 1436 2407; x_wconf 77' lang='lat' dir='ltr'>construxisti,</span> <span class='ocrx_word' id='word_1_615' title='bbox 1457 2371 1633 2409; x_wconf 62' lang='lat' dir='ltr'>magistro,</span> <span class='ocrx_word' id='word_1_616' title='bbox 1652 2370 1810 2399; x_wconf 81' lang='lat' dir='ltr'>fratribus</span> <span class='ocrx_word' id='word_1_617' title='bbox 1827 2374 1857 2399; x_wconf 87' lang='grc'>01</span> <span class='ocrx_word' id='word_1_618' title='bbox 1875 2369 2038 2399; x_wconf 83' lang='lat' dir='ltr'>ministris</span> <span class='ocrx_word' id='word_1_619' title='bbox 2056 2369 2087 2397; x_wconf 89' lang='grc'>111</span> <span class='ocrx_word' id='word_1_620' title='bbox 2105 2368 2218 2398; x_wconf 83' lang='lat' dir='ltr'>eodem</span> 
     </span>
     <span class='ocr_line' id='line_1_88' title="bbox 1211 2421 2217 2462; baseline -0.003 -9"><span class='ocrx_word' id='word_1_621' title='bbox 1211 2425 1368 2462; x_wconf 77' lang='lat' dir='ltr'>hospitali</span> <span class='ocrx_word' id='word_1_622' title='bbox 1391 2425 1431 2454; x_wconf 87' lang='lat' dir='ltr'>ad</span> <span class='ocrx_word' id='word_1_623' title='bbox 1453 2424 1681 2455; x_wconf 79' lang='lat' dir='ltr'>executionem</span> <span class='ocrx_word' id='word_1_624' title='bbox 1698 2423 1932 2461; x_wconf 77' lang='lat' dir='ltr'>premissorum</span> <span class='ocrx_word' id='word_1_625' title='bbox 1950 2422 2147 2452; x_wconf 76' lang='lat' dir='ltr'>necessariis</span> <span class='ocrx_word' id='word_1_626' title='bbox 2166 2421 2217 2450; x_wconf 91' lang='lat' dir='ltr'>ni-</span> 
     </span>
     <span class='ocr_line' id='line_1_89' title="bbox 1212 2476 2218 2513; baseline -0.002 -8"><span class='ocrx_word' id='word_1_627' title='bbox 1212 2477 1413 2507; x_wconf 77' lang='lat' dir='ltr'>chilomimls</span> <span class='ocrx_word' id='word_1_628' title='bbox 1436 2477 1611 2507; x_wconf 79' lang='lat' dir='ltr'>institutis.</span> <span class='ocrx_word' id='word_1_629' title='bbox 1635 2477 1673 2505; x_wconf 86' lang='lat' dir='ltr'>Et</span> <span class='ocrx_word' id='word_1_630' title='bbox 1696 2485 1735 2504; x_wconf 79' lang='lat' dir='ltr'>ne</span> <span class='ocrx_word' id='word_1_631' title='bbox 1758 2476 1790 2504; x_wconf 90' lang='grc'>111</span> <span class='ocrx_word' id='word_1_632' title='bbox 1809 2479 1977 2513; x_wconf 82' lang='lat' dir='ltr'>posterum</span> <span class='ocrx_word' id='word_1_633' title='bbox 1992 2482 2218 2512; x_wconf 63' lang='grc'>111-0110005511-</span> 
     </span>
     <span class='ocr_line' id='line_1_90' title="bbox 1213 2526 2218 2566; baseline -0.002 -8"><span class='ocrx_word' id='word_1_634' title='bbox 1213 2530 1340 2559; x_wconf 89' lang='lat' dir='ltr'>riorum</span> <span class='ocrx_word' id='word_1_635' title='bbox 1356 2529 1501 2564; x_wconf 66' lang='lat' dir='ltr'>defectu,</span> <span class='ocrx_word' id='word_1_636' title='bbox 1527 2534 1580 2558; x_wconf 86' lang='lat' dir='ltr'>tua</span> <span class='ocrx_word' id='word_1_637' title='bbox 1601 2529 1635 2558; x_wconf 89' lang='grc'>111</span> <span class='ocrx_word' id='word_1_638' title='bbox 1657 2528 1717 2557; x_wconf 87' lang='lat' dir='ltr'>hac</span> <span class='ocrx_word' id='word_1_639' title='bbox 1737 2532 1827 2566; x_wconf 76' lang='lat' dir='ltr'>parte</span> <span class='ocrx_word' id='word_1_640' title='bbox 1850 2527 1904 2565; x_wconf 85' lang='lat' dir='ltr'>pia</span> <span class='ocrx_word' id='word_1_641' title='bbox 1924 2527 2096 2565; x_wconf 76' lang='lat' dir='ltr'>dispositio</span> <span class='ocrx_word' id='word_1_642' title='bbox 2113 2526 2218 2556; x_wconf 79' lang='lat' dir='ltr'>valcat</span> 
     </span>
     <span class='ocr_line' id='line_1_91' title="bbox 1212 2580 2217 2620; baseline -0.003 -9"><span class='ocrx_word' id='word_1_643' title='bbox 1212 2582 1386 2619; x_wconf 70' lang='lat' dir='ltr'>impediri,</span> <span class='ocrx_word' id='word_1_644' title='bbox 1407 2582 1567 2620; x_wconf 83' lang='lat' dir='ltr'>quasdam</span> <span class='ocrx_word' id='word_1_645' title='bbox 1590 2581 1815 2619; x_wconf 83' lang='lat' dir='ltr'>possessiones</span> <span class='ocrx_word' id='word_1_646' title='bbox 1836 2589 1909 2609; x_wconf 81' lang='lat' dir='ltr'>cum</span> <span class='ocrx_word' id='word_1_647' title='bbox 1931 2580 2004 2617; x_wconf 83' lang='lat' dir='ltr'>jure</span> <span class='ocrx_word' id='word_1_648' title='bbox 2028 2583 2217 2617; x_wconf 80' lang='lat' dir='ltr'>patronatus</span> 
     </span>
     <span class='ocr_line' id='line_1_92' title="bbox 1212 2631 2217 2669; baseline -0.004 -5"><span class='ocrx_word' id='word_1_649' title='bbox 1212 2639 1327 2665; x_wconf 84' lang='lat' dir='ltr'>sancte</span> <span class='ocrx_word' id='word_1_650' title='bbox 1356 2634 1458 2664; x_wconf 82' lang='lat' dir='ltr'>Marie</span> <span class='ocrx_word' id='word_1_651' title='bbox 1483 2635 1521 2663; x_wconf 91' lang='lat' dir='ltr'>de</span> <span class='ocrx_word' id='word_1_652' title='bbox 1547 2634 1711 2668; x_wconf 60' lang='lat' dir='ltr'>WValsam,</span> <span class='ocrx_word' id='word_1_653' title='bbox 1735 2634 1772 2663; x_wconf 79' lang='lat' dir='ltr'>de</span> <span class='ocrx_word' id='word_1_654' title='bbox 1799 2634 1937 2669; x_wconf 60' lang='lat' dir='ltr'>Senges,</span> <span class='ocrx_word' id='word_1_655' title='bbox 1960 2632 1998 2661; x_wconf 82' lang='grc'>110</span> <span class='ocrx_word' id='word_1_656' title='bbox 2021 2631 2159 2661; x_wconf 78' lang='lat' dir='ltr'>llardele</span> <span class='ocrx_word' id='word_1_657' title='bbox 2186 2634 2217 2660; x_wconf 77' lang='lat' dir='ltr'>et</span> 
     </span>
     <span class='ocr_line' id='line_1_93' title="bbox 1212 2683 2217 2726; baseline -0.007 -8"><span class='ocrx_word' id='word_1_658' title='bbox 1212 2687 1439 2726; x_wconf 64' lang='lat' dir='ltr'>Cryngelthop</span> <span class='ocrx_word' id='word_1_659' title='bbox 1460 2687 1674 2717; x_wconf 79' lang='lat' dir='ltr'>ecclesiarum</span> <span class='ocrx_word' id='word_1_660' title='bbox 1696 2685 1920 2716; x_wconf 68' lang='lat' dir='ltr'>Nol-wirensis</span> <span class='ocrx_word' id='word_1_661' title='bbox 1943 2684 2082 2714; x_wconf 63' lang='lat' dir='ltr'>diocesis</span> <span class='ocrx_word' id='word_1_662' title='bbox 2106 2693 2123 2713; x_wconf 84' lang='lat' dir='ltr'>a</span> <span class='ocrx_word' id='word_1_663' title='bbox 2143 2683 2217 2721; x_wconf 83' lang='lat' dir='ltr'>qui-</span> 
     </span>
     <span class='ocr_line' id='line_1_94' title="bbox 1213 2735 2216 2777; baseline -0.004 -10"><span class='ocrx_word' id='word_1_664' title='bbox 1213 2739 1350 2769; x_wconf 84' lang='lat' dir='ltr'>busdam</span> <span class='ocrx_word' id='word_1_665' title='bbox 1372 2739 1466 2768; x_wconf 85' lang='lat' dir='ltr'>laicis</span> <span class='ocrx_word' id='word_1_666' title='bbox 1479 2739 1568 2777; x_wconf 85' lang='lat' dir='ltr'>justo</span> <span class='ocrx_word' id='word_1_667' title='bbox 1585 2738 1761 2777; x_wconf 76' lang='lat' dir='ltr'>emptionis</span> <span class='ocrx_word' id='word_1_668' title='bbox 1779 2737 1872 2767; x_wconf 82' lang='lat' dir='ltr'>titulo</span> <span class='ocrx_word' id='word_1_669' title='bbox 1893 2736 2071 2775; x_wconf 58' lang='lat' dir='ltr'>acquisitas</span> <span class='ocrx_word' id='word_1_670' title='bbox 2089 2735 2122 2764; x_wconf 91' lang='lat' dir='ltr'>iu</span> <span class='ocrx_word' id='word_1_671' title='bbox 2144 2744 2216 2773; x_wconf 91' lang='lat' dir='ltr'>per-</span> 
     </span>
     <span class='ocr_line' id='line_1_95' title="bbox 1212 2787 2216 2830; baseline -0.004 -9"><span class='ocrx_word' id='word_1_672' title='bbox 1212 2796 1347 2830; x_wconf 87' lang='lat' dir='ltr'>petuum</span> <span class='ocrx_word' id='word_1_673' title='bbox 1366 2791 1521 2830; x_wconf 80' lang='lat' dir='ltr'>hospitali</span> <span class='ocrx_word' id='word_1_674' title='bbox 1542 2791 1687 2829; x_wconf 63' lang='lat' dir='ltr'>predicto</span> <span class='ocrx_word' id='word_1_675' title='bbox 1708 2790 1761 2828; x_wconf 85' lang='lat' dir='ltr'>pia</span> <span class='ocrx_word' id='word_1_676' title='bbox 1778 2794 1807 2819; x_wconf 75' lang='lat' dir='ltr'>et</span> <span class='ocrx_word' id='word_1_677' title='bbox 1831 2789 1965 2827; x_wconf 76' lang='lat' dir='ltr'>provida</span> <span class='ocrx_word' id='word_1_678' title='bbox 1981 2787 2216 2817; x_wconf 75' lang='lat' dir='ltr'>deliberatione</span> 
     </span>
     <span class='ocr_line' id='line_1_96' title="bbox 1212 2839 2216 2881; baseline -0.004 -9"><span class='ocrx_word' id='word_1_679' title='bbox 1212 2845 1352 2876; x_wconf 82' lang='lat' dir='ltr'>donasti,</span> <span class='ocrx_word' id='word_1_680' title='bbox 1371 2845 1409 2873; x_wconf 88' lang='lat' dir='ltr'>de</span> <span class='ocrx_word' id='word_1_681' title='bbox 1426 2843 1561 2881; x_wconf 85' lang='lat' dir='ltr'>capituli</span> <span class='ocrx_word' id='word_1_682' title='bbox 1582 2843 1629 2873; x_wconf 86' lang='lat' dir='ltr'>tui</span> <span class='ocrx_word' id='word_1_683' title='bbox 1648 2852 1812 2873; x_wconf 85' lang='lat' dir='ltr'>consensu</span> <span class='ocrx_word' id='word_1_684' title='bbox 1829 2842 2009 2871; x_wconf 68' lang='lat' dir='ltr'>concedens</span> <span class='ocrx_word' id='word_1_685' title='bbox 2025 2844 2069 2875; x_wconf 75' lang='lat' dir='ltr'>ut,</span> <span class='ocrx_word' id='word_1_686' title='bbox 2085 2839 2216 2869; x_wconf 84' lang='lat' dir='ltr'>rectori-</span> 
     </span>
    </p>
   </div>
  </div>
 </body>
</html>
