2498 3325
970 242 1194 279 PREMIERE
1216 244 1375 280 ANNEE.
2162 257 2217 286 ‘221

127 326 139 340 »
164 318 273 352 partes
282 323 464 352 proponere
473 314 782 350 voluerunt‚habito
791 315 930 345 consilio
938 315 1129 353 peritorum,

128 379 139 393 ι)
166 371 195 396 et
217 371 392 408 postquam
408 367 471 397 fuit
487 367 521 396 in
539 377 638 397 causa
654 367 861 402 conclusum,
882 372 1013 405 recepta
1028 367 1132 397 licen-

127 432 140 446 »
166 419 208 449 tia
228 424 258 449 et
275 419 411 457 speciali
427 420 581 450 mandato
596 429 614 450 a
631 421 763 450 domino
783 424 894 450 nostro
911 429 1039 450 summo
1054 429 1131 457 pon-

128 485 139 498 »
165 472 252 502 tifice
278 481 376 510 super
398 473 562 502 sententia
586 473 799 511 proferenda,
822 473 1017 502 auctoritate
1043 473 1132 511 ejus-

128 538 139 550 »
165 525 238 554 dem
268 525 415 560 domini,
450 525 660 563 presentibus
689 525 958 563 procnratoril‘ius
988 525 1132 563 partium

127 590 139 603 ι»
164 577 402 616 predictarum,
432 578 677 608 sententialiter
704 578 959 616 pronuntiamus
989 577 1131 616 injustas

127 644 139 656 ν
165 640 236 661 esse
260 631 428 661 interdicti
451 636 481 661 et
502 631 853 661 excommunicationis
876 631 1059 661 sententias
1076 640 1132 660 su—

127 695 139 709 »
164 683 383 721 pradictas'et
407 688 572 723 quatenus
599 685 637 714 de
660 685 746 714 facto
770 684 834 714 late
859 688 937 714 sunt
962 692 1131 714 cassamus

126 748 138 761 n
165 736 308 766 easdem.

167 800 179 814 >³
200 789 316 818 Actum
333 789 484 827 Anagnie
501 789 535 818 in
552 788 701 827 hospicio
718 789 796 818 dicti
811 789 936 818 domini
953 788 1132 818 cardinalis

127 853 139 867 »
165 850 266 873 anno,
285 841 337 871 die
354 847 384 871 et
400 842 582 871 indictione
599 841 810 880 supradictis.
830 841 1045 871 Presentibus
1067 845 1132 871 tes-

126 906 138 919 »
164 893 253 924 tibus
273 893 350 929 hiis,
369 894 496 924 scilicet
515 904 520 923 :
539 894 723 924 venerabili
741 897 833 932 patre
850 917 882 929 ..,
901 894 1052 932 episcopo
1069 894 1133 923 Pa-

126 958 138 972 »
165 946 343 981 neadensi3
363 970 396 981 ..,
416 947 533 977 abbate
550 947 734 982 Lesatensi⁷
748 946 980 977 Cluniacensis
993 946 1130 981 ordinis,

127 1011 138 1025 n
164 998 349 1029 Tholosane
373 999 534 1034 diocesis;
562 1000 664 1029 fratre
688 999 873 1037 Reynaldo,
901 999 1026 1029 domini
1051 1008 1132 1037 pape

127 1065 139 1078 υ
165 1052 334 1090 capellano
350 1058 381 1083 et
397 1053 651 1091 penitentiari03
672 1076 704 1087 ..,
722 1052 831 1090 priore
853 1052 1048 1082 monasterii
1072 1053 1133 1082 Le-

127 1120 139 1131 »
165 1105 325 1141 satensis3
355 1106 513 1144 magistro
545 1105 688 1140 Gisone⁷
725 1105 884 1135 canonico
921 1105 1131 1143 Maguntino3

127 1170 140 1183 ι»
166 1157 339 1192 Rollando,
361 1157 486 1187 domini
510 1166 591 1196 pape
615 1157 817 1187 subdiacono
842 1161 873 1187 et
894 1157 1064 1195 capellano
1081 1167 1134 1187 ar-

127 1222 140 1237 »
166 1210 353 1240 chidiaconi
384 1210 614 1242 Patracensis;
645 1233 676 1245 ..,
704 1211 813 1248 priore
843 1210 881 1240 de
909 1212 1011 1240 Pareo
1038 1210 1133 1240 beate

128 1276 140 1289 ιι
166 1263 282 1297 Mat-ie,
305 1263 532 1294 Cartusiensis
555 1263 703 1298 ordinis;
728 1263 830 1293 fratre
852 1263 1038 1297 Lamberto,
1059 1272 1134 1302 pro-

129 1329 141 1342 »
167 1321 317 1346 curatore
343 1316 462 1345 militie
489 1316 636 1354 Templi;
661 1316 818 1353 Georgio,
843 1316 1002 1346 canonico
1028 1316 1135 1345 sancti

129 1381 141 1395 >³
168 1369 328 1407 Stephani
357 1369 567 1407 Maguntini;
596 1373 627 1399 et
656 1369 757 1398 fratre
789 1369 979 1408 Reynaldo,
1008 1368 1133 1398 domini

128 1434 140 1448 ι)
166 1431 247 1460 pape
263 1422 510 1460 penitentiario.
528 1422 567 1451 Et
583 1431 642 1459 ego
659 1421 813 1457 Michael⁷
832 1421 1026 1451 auctoritate
1044 1430 1134 1459 apos-

128 1487 139 1500 »
167 1474 261 1504 tolica
279 1474 432 1512 publicus
450 1475 611 1509 notarius,
631 1474 688 1512 qui
703 1474 881 1512 prolationi
897 1474 982 1504 dicte
999 1478 1134 1503 senten-

127 1540 138 1553 »
165 1527 208 1557 tie
239 1528 323 1557 facte
355 1536 413 1566 per
440 1527 564 1557 dictum
593 1527 763 1557 dominum
794 1528 835 1557 H.
867 1527 1069 1557 cardinalem
1097 1527 1131 1556 in

125 1593 137 1605 »
155 1580 296 1618 scriptis
313 1580 463 1609 interfui.
480 1580 518 1609 de
534 1580 689 1609 mandato
703 1579 882 1609 cardinalis
894 1580 1053 1618 eJusdem,
1071 1579 1132 1609 hoc

124 1645 136 1659 >³
160 1642 297 1671 presens
307 1632 475 1671 publicum
486 1632 746 1662 instrumentum
758 1632 890 1671 propria
903 1641 1004 1662 manu
1013 1632 1131 1671 scripsi

124 1700 135 1711 ιι
163 1695 198 1715 ac
218 1685 252 1714 in
271 1685 438 1723 publicam
458 1685 598 1714 formam
622 1684 728 1722 redigi
751 1689 782 1714 et
798 1685 931 1722 signum
949 1694 1060 1715 meum
1080 1694 1131 1723 ap-

124 1750 136 1764 »
161 1738 266 1776 posui.
288 1750 300 1763 »

162 1791 255 1821 Nulli
279 1796 339 1820 etc.
363 1795 475 1821 nostre
498 1791 760 1820 confirmationis
784 1795 844 1820 etc.
871 1791 943 1820 Dat.
966 1791 1129 1828 Anagnie,

121 1845 188 1874 XII
202 1844 361 1874 kalendas
378 1844 586 1882 septembris,
605 1852 692 1873 anno
709 1844 825 1882 primo.
848 1857 858 1869 »

197 2010 283 2037 ’⁷24

162 2072 283 2098 Martini»
297 2072 333 2109 dc
348 2072 377 2098 S.
395 2071 486 2097 Crnce
503 2071 633 2101 diacono,
652 2071 824 2097 Exoniensis
840 2072 974 2106 diocesis,
992 2073 1132 2107 indulget,

724 2010 849 2043 Anagffl,
867 2009 882 2036 0
898 2010 965 2035 aout.
985 2009 1060 2036 1255.

127 2127 172 2154 ut,
192 2126 301 2156 practer
318 2121 455 2146 beneficia
471 2120 667 2146 ecelesiastica
679 2121 738 2154 jam
756 2121 886 2153 obtenta,
905 2121 960 2147 duo
977 2121 1029 2147 alia
1047 2122 1134 2147 bene-

126 2170 189 2196 ficia
206 2170 328 2196 similem
346 2178 443 2195 euram
461 2169 620 2195 animarum
638 2169 771 2195 babentia
786 2170 873 2196 libere
889 2171 1015 2204 recipere
1033 2171 1132 2197 valeat.

125 2219 208 2250 (tino.
226 2219 268 2249 3¹1,
287 2227 312 2244 ci
331 2219 391 2249 517,
409 2218 426 2244 s.
444 2218 512 2250 Sir)

167 2334 178 2346 κ
200 2322 332 2350 Mar-lino
349 2321 381 2348 (Ie
397 2320 509 2349 Sancta
527 2320 619 2349 Cruee
635 2320 779 2355 diacono,
800 2321 979 2349 [iruniensis
996 2321 1132 2350 diocesis.

125 2374 195 2403 Etsi
219 2377 350 2411 propter
369 2373 567 2402 ambitiones
583 2390 632 2401 —.
650 2373 723 2402 Dat.
747 2374 914 2411 Anagnie„
937 2375 964 2404 V
982 2374 1056 2404 idus
1075 2384 1134 2403 au-

123 2427 224 2465 gusti,
244 2436 329 2456 anno
346 2427 463 2465 primo.
483 2439 494 2451 ι)

196 2593 286 2621 '²25

162 2654 258 2681 Unum
284 2663 389 2680 annum
416 2659 444 2681 et
468 2654 657 2688 quadraginta
683 2655 743 2681 dies
768 2655 802 2680 de
828 2656 1001 2689 poenitentia
1029 2657 1136 2682 relaxat.

702 2593 832 2627 Anagni,
849 2594 879 2620 ‘21
898 2595 966 2620 aodt
986 2594 1061 2622 1255.

128 2711 194 2729 vere
218 2703 431 2737 poenitentibus
451 2704 530 2737 operi
556 2708 728 2737 sumptuoso
750 2704 921 2730 cathedralis
942 2705 1080 2731 ecclcsiae
1107 2705 1134 2731 b.

128 2751 203 2778 Petri
223 2751 410 2778 l’ictaviensis
435 2752 638 2786 praebentibus
658 2753 832 2780 subsidium.
850 2753 933 2786 (luo.
954 2753 1002 2785 Ἧι,
1020 2763 1045 2779 c.
1069 2754 1134 2785 578,

126 2799 145 2826 ί.
163 2801 230 2833 1Ψ)

176 2914 187 2927 «
217 2902 370 2931 t‘niversis
391 2903 506 2932 Christi
522 2902 660 2939 fidelibus
680 2912 734 2941 per
750 2903 999 2941 Burdeyalcnsem
1013 2927 1019 2939 ‚
1041 2905 1135 2934 Turo-

1214 324 1337 345 nensem
1359 323 1384 345 ec
1410 318 1608 348 Senonensem
1629 321 1808 357 provincias
1829 322 2011 350 constitutis.
2037 322 2218 358 Quoniam,

1214 372 1250 396 ut
1273 368 1318 397 ait
1344 370 1525 406 apostolus⁷
1545 376 1605 401 etc.
1630 381 1734 410 usque
1756 382 1762 401 z
1783 373 1884 402 vitam
1900 377 2058 403 eternam.
2078 375 2163 404 Sane
2180 375 2221 404 ad

1215 420 1414 450 cathedralis
1445 422 1582 452 ecclesie
1614 424 1702 453 beati
1732 425 1822 454 Petri
1852 425 2071 456 pictaviensis
2101 436 2221 457 consu-

1215 472 1372 501 mandum
1404 474 1559 510 officium,
1590 476 1686 514 quod,
1719 477 1804 506 sicut
1831 478 2032 515 accepimus,
2063 489 2080 508 a
2112 479 2219 517 longis

1215 526 1418 563 temporibus
1435 527 1542 556 extitit
1555 528 1759 563 inchoatum,
1772 538 1830 566 per
1842 530 1977 559 dilectos
1995 531 2080 561 filios
2096 533 2220 570 magis-

1214 582 1302 607 trum
1331 578 1511 608 Radulsum
1538 579 1576 608 de
1606 580 1790 615 Mirabello,
1822 581 2028 618 capellanum
2058 588 2217 621 nostrum,

1214 630 1376 660 decanum
1412 636 1442 661 et
1477 631 1658 669 capitulum
1695 633 1844 671 ejusdem
1880 625 2017 664 ecclesie
2054 636 2222 666 insistitur

1214 692 1310 721 opere
1328 688 1536 721 sumptuoso,
1555 684 1595 713 ad
1611 685 1696 723 quod
1716 685 1864 715 fidelium
1880 687 2066 717 subsidium
2083 698 2154 719 esse
2170 689 2220 719 di-

1216 736 1363 765 noscitur
1382 736 1563 774 plurimum
1585 741 1795 774 oportunum.
1820 739 1987 775 Rogamus
2010 740 2120 779 itaque
2145 742 2222 771 uni-

1215 789 1407 818 versitatem
1427 793 1571 818 vestram
1592 794 1622 819 et
1643 789 1814 819 hortamur
1832 790 1866 819 in
1887 792 2027 821 Domino
2048 793 2081 821 in
2106 794 2223 823 remis-

1216 841 1343 871 sionem
1367 841 1460 871 vobis
1489 842 1727 880 peccaminum,
1756 842 1969 881 injungentes
1997 845 2153 882 martinus
2185 846 2223 876 de

1215 894 1311 923 honis
1339 898 1399 923 etc.
1427 903 1532 933 usque
1552 905 1557 923 z
1577 895 1790 934 adjutricem,
1814 904 1918 925 unum
1942 905 2066 926 annum
2089 902 2120 927 et
2144 908 2225 937 qua-

1216 946 1369 984 draginta
1384 946 1454 976 dies
1473 947 1511 976 de
1534 947 1684 986 injuncta
1708 947 1772 977 sibi
1794 948 1978 986 penitentia
2000 949 2224 980 misericordi-

1218 1003 1265 1029 ter
1294 999 1491 1029 relaxamus.
1524 1001 1739 1030 Presentibus
1772 1005 1844 1039 post
1874 1001 2057 1031 triennium
2086 1003 2223 1033 minime

1218 1051 1381 1081 valituris.
1404 1052 1493 1088 Quas
1514 1057 1574 1082 etc.
1597 1054 1670 1082 Dat.
1688 1053 1855 1091 Anagnffi,
1882 1055 1946 1084 XII
1968 1054 2126 1085 kalendas
2148 1064 2222 1094 sep-

1217 1104 1369 1140 tembris,
1391 1114 1477 1135 anno
1495 1105 1612 1143 primo.
1633 1118 1645 1131 υ

1290 1314 1376 1343 *22ss

1796 1316 1920 1350 Anagni,
1938 1317 1970 1343 ⁵28
1987 1319 2053 1344 aout
2076 1319 2151 1345 1257).

1252 1382 1383 1417 Capitulo
1414 1382 1546 1409 pactensi
1577 1384 1700 1415 mandat,
1731 1388 1760 1411 ut
1790 1384 2028 1420 Blarttiolomaeo}
2060 1388 2095 1413 de
2121 1388 2221 1415 ordine

1218 1431 1469 1464 Praedicatorum,
1492 1433 1552 1466 jam
1580 1433 1614 1458 ab
1639 1433 1808 1460 Innocentio
1834 1443 1905 1469 papa
1931 1434 1970 1461 lv
2000 1436 2026 1462 in
2055 1437 2221 1472 episcopum

1217 1481 1361 1515 praefecto
1382 1484 1408 1506 et
1429 1490 1444 1506 a
1468 1489 1499 1506 se
1522 1481 1687 1507 Alexandro
1705 1491 1776 1517 papa
1798 1488 1979 1516 consecrato,
1997 1485 2124 1519 obediat,
2147 1485 2223 1521 Phy-

1216 1530 1293 1564 lippo
1309 1530 1357 1564 qni
1373 1538 1403 1555 se
1420 1530 1491 1555 salso
1509 1538 1558 1564 pro
1577 1530 1710 1557 pactensi
1727 1532 1844 1565 gerebat
1860 1534 1995 1568 episcopo
2014 1534 2086 1560 viam
2105 1536 2223 1561 univer-

1216 1586 1264 1604 sae
1281 1579 1375 1604 earnis
1396 1578 1544 1612 ingresso:
1564 1580 1700 1605 nuntians
1717 1580 1836 1614 insuper
1851 1589 1962 1607 cassam
1981 1586 2008 1608 et
2024 1583 2130 1609 irritam
2148 1583 2223 1609 Mat-

1216 1627 1300 1657 thaei,
1315 1628 1370 1652 nati
1388 1626 1528 1652 Leonardi
1545 1627 1579 1653 de
1596 1628 1724 1654 Aldierio
1736 1629 1808 1655 civis
1821 1632 1848 1655 et
1859 1630 1999 1664 capitanei
2016 1631 2221 1662 Messanensis,

1216 1675 1404 1710 promotione,
1427 1676 1474 1701 cui
1496 1675 1647 1702 ecclesiam
1671 1676 1840 1704 Pactensem
1861 1679 1982 1712 ejusque
2000 1679 2222 1707 administratio-

1216 1732 1279 1750 nem
1293 1724 1379 1750 frater
1396 1724 1531 1757 Rufinus,
1548 1724 1729 1758 O[ctaviani1,
1749 1726 1778 1752 S.
1797 1726 1902 1753 Mariae
1918 1728 1944 1753 in
1963 1727 2016 1754 Via
2029 1728 2095 1755 Lata
2111 1729 2222 1756 diaconi

1215 1773 1378 1803 cardinali&
1395 1773 1570 1807 apostolicae
1587 1773 1671 1800 Sedis
1687 1775 1773 1809 legati
1789 1776 1816 1801 in
1834 1775 1930 1802 Sicilia
1946 1780 1974 1803 et
1988 1777 2125 1809 Calabria,
2145 1779 2224 1805 vica-

1216 1822 1286 1852 rius,
1301 1822 1495 1848 commiserat.
1516 1822 1597 1853 (tezo.
1615 1823 1659 1856 ¹24,
1677 1832 1702 1850 c.
1720 1824 1781 1857 579,
1794 1825 1813 1850 f.
1829 1824 1879 1855 883
1901 1825 2045 1852 Porrfflsr
2064 1827 2167 1857 16001.)

1258 1949 1270 1963 «
1289 1938 1429 1974 Capitale
1444 1939 1593 1967 Paetensi.
1612 1937 1699 1968 Olim
1716 1939 1824 1969 felicis
1841 1941 2135 1971 re001·dationis—-.
2148 1943 2222 1972 Dat.

1215 1990 1378 2027 Anagnie,
1396 1991 1424 2019 V
1439 1990 1598 2020 kalendas
1615 1992 1822 2029 septembris,
1842 2001 1928 2022 anno
1944 1994 2060 2031 primo.
2079 2007 2091 2021 ι)

1252 2129 1282 2155 ln
1304 2138 1329 2154 e.
1348 2138 1393 2160 m..
1406 2130 1482 2155 clero
1498 2130 1623 2156 civitatis
1639 2134 1667 2156 et
1684 2130 1808 2157 diocesis
1827 2131 2021 2164 Pactensium,
2041 2142 2131 2168 usque
2150 2146 2155 2161 :
2174 2135 2224 2160 ob-

1217 2179 1334 2204 Servari.
1354 2178 1417 2204 Dat..
1437 2183 1466 2204 ut
1482 2187 1580 2213 supra.

1252 2226 1283 2252 In
1308 2236 1331 2252 e.
1358 2236 1394 2252 m.
1414 2228 1517 2261 populo
1540 2227 1665 2254 civitatis
1689 2232 1717 2254 et
1739 2229 1866 2256 diocesis
1887 2229 2082 2264 Pactensium,
2105 2240 2196 2267 usque
2217 2244 2222 2259 :

1217 2277 1368 2310 quatinus,
1393 2276 1487 2302 verbis
1509 2281 1706 2311 competenter
1731 2279 1848 2304 mutatis
1876 2290 1881 2304 ι
1907 2280 2029 2306 eundem
2055 2281 2223 2316 episcopum

1217 2333 1281 2351 eum
1307 2325 1339 2350 nd
1364 2325 1481 2351 eandem
1503 2326 1654 2352 eeclesiam
1677 2327 1806 2360 pervenit
1825 2331 1896 2361 etc.‚
1917 2337 2008 2363 usque
2029 2341 2033 2355 :
2053 2331 2224 2364 impendatis

1219 2374 1462 2399 honorilicentiam
1484 2374 1607 2400 debitam
1625 2379 1652 2401 et
1669 2375 1816 2407 devotam,
1835 2385 1867 2403 ac
1883 2379 1947 2411 ejus
1963 2379 2127 2406 salubribus
2145 2389 2223 2407 man-

1218 2422 1291 2448 datis
1307 2428 1362 2449 etc.
1381 2431 1470 2456 usque
1490 2434 1494 2448 ς
1512 2424 1671 2456 gaudeatis.
1691 2424 1754 2452 Dat.
1773 2429 1802 2451 ut
1818 2434 1915 2460 supra,

1255 2471 1283 2497 ln
1302 2480 1326 2496 e.
1342 2480 1378 2497 m.
1392 2471 1571 2497 Messanensi
1589 2477 1616 2498 et
1633 2474 1769 2507 migistro
1787 2474 1939 2509 Margarito
1960 2475 2159 2504 Panormitano
2176 2487 2224 2504 at·-

1217 2520 1403 2550 chidinconis,
1423 2529 1513 2554 usque
1533 2532 1538 2546 :
1556 2529 1672 2548 cassum
1689 2527 1716 2549 et
1733 2523 1842 2549 irritum
1862 2525 2041 2555 nunciantes.
2055 2527 2223 2553 mandamus

1217 2568 1361 2602 quatinus,
1387 2573 1481 2595 amoto
1505 2578 1519 2595 a
1544 2570 1651 2604 prefata
1670 2570 1801 2597 Paetensi
1824 2573 1947 2599 eeclesia
1970 2574 2046 2600 dicto
2068 2575 2180 2601 Matheo
2197 2580 2224 2602 et

1218 2617 1345 2650 quolibet
1366 2618 1420 2643 alio
1440 2617 1598 2649 detentore,
1615 2620 1737 2645 eundem
1757 2620 1788 2647 Β.
1807 2622 1974 2656 episcopum
1993 2624 2018 2649 in
2037 2624 2129 2657 ipsius
2145 2626 2224 2659 epis-

1219 2670 1339 2700 copatus
1354 2675 1387 2692 ae
1405 2667 1543 2693 bonorum
1560 2668 1593 2693 ad
1607 2668 1701 2702 ipsum
1714 2671 1905 2703 spectantium
1919 2674 2094 2706 corporalem
2108 2682 2224 2707 posses-

1219 2715 1329 2741 sionem
1352 2723 1401 2748 per
1423 2724 1474 2741 vos
1497 2717 1539 2742 vel
1564 2725 1613 2751 per
1633 2718 1718 2744 alium
1739 2719 1910 2745 auctoritate
1927 2724 2022 2747 nostra
2039 2722 2181 2749 inducatis
2197 2727 2224 2749 et

1218 2762 1378 2790 defendatis
1400 2765 1560 2791 inductum.
1582 2766 1823 2795 Oontradiotores.
1846 2768 1981 2795 invocato
2002 2774 2055 2796 etc.
2074 2770 2136 2797 Non
2155 2772 2224 2798 obs-

1219 2815 1295 2838 tante
1312 2813 1336 2838 si
1352 2813 1496 2847 aliquibus
1510 2828 1554 2840 —.
1573 2815 1655 2846 Quod
1672 2816 1696 2841 si
1715 2825 1769 2842 non
1786 2818 1880 2844 ambo.
1900 2818 1963 2844 Dat.
1983 2824 2124 2854 utsupra.

1256 2860 1286 2886 In
1303 2870 1328 2887 e.
1346 2870 1382 2888 m.
1402 2863 1505 2896 populo
1524 2863 1704 2891 l'actensium
1717 2868 1744 2891 ct
1756 2865 1963 2900 Liparicnsium
1981 2868 2105 2895 civitatis
2118 2873 2145 2896 et
2161 2870 2224 2896 dio-

1219 2917 1305 2936 cesis.
