<?xml version="1.0" encoding="UTF-8"?>
<!DOCTYPE html PUBLIC "-//W3C//DTD XHTML 1.0 Transitional//EN"
    "http://www.w3.org/TR/xhtml1/DTD/xhtml1-transitional.dtd">
<html xmlns="http://www.w3.org/1999/xhtml" xml:lang="en" lang="en">
 <head>
  <title>
</title>
<meta http-equiv="Content-Type" content="text/html;charset=utf-8" />
  <meta name='ocr-system' content='tesseract 3.04.00' />
  <meta name='ocr-capabilities' content='ocr_page ocr_carea ocr_par ocr_line ocrx_word'/>
</head>
<body>
  <div class='ocr_page' id='page_1' title='image "./lesregistresdale01cathuoft_0095.png"; bbox 0 0 2441 3330; ppageno 0'>
   <div class='ocr_carea' id='block_1_1' title="bbox 107 2574 141 2589">
    <p class='ocr_par' dir='ltr' id='par_1_1' title="bbox 107 2574 141 2589">
     <span class='ocr_line' id='line_1_1' title="bbox 107 2584 115 2587; textangle 90"><span class='ocrx_word' id='word_1_1' title='bbox 107 2584 115 2587; x_wconf 84' lang='grc' dir='ltr'>ι</span> 
     </span>
     <span class='ocr_line' id='line_1_2' title="bbox 129 2574 141 2589; textangle 90"><span class='ocrx_word' id='word_1_2' title='bbox 129 2574 141 2589; x_wconf 61' lang='grc' dir='ltr'>ὅ</span> 
     </span>
    </p>
   </div>
   <div class='ocr_carea' id='block_1_2' title="bbox 973 225 2217 271">
    <p class='ocr_par' dir='ltr' id='par_1_2' title="bbox 973 225 2217 271">
     <span class='ocr_line' id='line_1_3' title="bbox 973 225 2217 271; baseline 0.008 -10"><span class='ocrx_word' id='word_1_3' title='bbox 973 225 1195 263; x_wconf 80' lang='lat' dir='ltr'>PREMIERE</span> <span class='ocrx_word' id='word_1_4' title='bbox 1217 228 1376 265; x_wconf 81' lang='lat' dir='ltr'>ANNEE.</span> <span class='ocrx_word' id='word_1_5' title='bbox 2179 242 2217 271; x_wconf 85' lang='lat'>85</span> 
     </span>
    </p>
   </div>
   <div class='ocr_carea' id='block_1_3' title="bbox 125 293 1136 1757">
    <p class='ocr_par' dir='ltr' id='par_1_3' title="bbox 125 293 1136 1757">
     <span class='ocr_line' id='line_1_4' title="bbox 132 293 1133 331; baseline 0.007 -12"><span class='ocrx_word' id='word_1_6' title='bbox 132 305 145 319; x_wconf 84' lang='lat'>»</span> <span class='ocrx_word' id='word_1_7' title='bbox 170 293 253 322; x_wconf 85' lang='lat' dir='ltr'>tario</span> <span class='ocrx_word' id='word_1_8' title='bbox 277 293 399 324; x_wconf 82' lang='lat' dir='ltr'>Jacoho</span> <span class='ocrx_word' id='word_1_9' title='bbox 421 293 652 329; x_wconf 83' lang='lat' dir='ltr'>Gandelando‚</span> <span class='ocrx_word' id='word_1_10' title='bbox 677 295 809 324; x_wconf 88' lang='lat' dir='ltr'>domino</span> <span class='ocrx_word' id='word_1_11' title='bbox 831 296 976 331; x_wconf 86' lang='lat' dir='ltr'>Oddone,</span> <span class='ocrx_word' id='word_1_12' title='bbox 997 296 1133 326; x_wconf 79' lang='lat' dir='ltr'>Nicolao</span> 
     </span>
     <span class='ocr_line' id='line_1_5' title="bbox 132 346 1134 380; baseline 0.006 -8"><span class='ocrx_word' id='word_1_13' title='bbox 132 357 145 372; x_wconf 72' lang='grc' dir='ltr'>ι)</span> <span class='ocrx_word' id='word_1_14' title='bbox 170 346 378 376; x_wconf 89' lang='lat' dir='ltr'>Montanario</span> <span class='ocrx_word' id='word_1_15' title='bbox 395 346 515 376; x_wconf 86' lang='lat' dir='ltr'>elerico</span> <span class='ocrx_word' id='word_1_16' title='bbox 531 346 669 376; x_wconf 77' lang='lat' dir='ltr'>ecclesie</span> <span class='ocrx_word' id='word_1_17' title='bbox 688 348 793 377; x_wconf 85' lang='lat' dir='ltr'>sancti</span> <span class='ocrx_word' id='word_1_18' title='bbox 815 348 979 378; x_wconf 84' lang='lat' dir='ltr'>Johannis</span> <span class='ocrx_word' id='word_1_19' title='bbox 996 349 1036 378; x_wconf 86' lang='lat' dir='ltr'>ad</span> <span class='ocrx_word' id='word_1_20' title='bbox 1051 349 1134 380; x_wconf 88' lang='lat' dir='ltr'>Cur—</span> 
     </span>
     <span class='ocr_line' id='line_1_6' title="bbox 133 398 1134 438; baseline 0.006 -13"><span class='ocrx_word' id='word_1_21' title='bbox 133 411 145 425; x_wconf 75' lang='lat'>»</span> <span class='ocrx_word' id='word_1_22' title='bbox 169 403 235 428; x_wconf 85' lang='lat' dir='ltr'>tem</span> <span class='ocrx_word' id='word_1_23' title='bbox 251 403 281 428; x_wconf 84' lang='lat' dir='ltr'>et</span> <span class='ocrx_word' id='word_1_24' title='bbox 297 398 475 429; x_wconf 89' lang='lat' dir='ltr'>Guillelmo</span> <span class='ocrx_word' id='word_1_25' title='bbox 491 399 529 428; x_wconf 91' lang='lat' dir='ltr'>de</span> <span class='ocrx_word' id='word_1_26' title='bbox 549 400 668 428; x_wconf 83' lang='lat' dir='ltr'>Sancto</span> <span class='ocrx_word' id='word_1_27' title='bbox 681 400 899 438; x_wconf 75' lang='lat' dir='ltr'>Arehangelo,</span> <span class='ocrx_word' id='word_1_28' title='bbox 918 410 955 430; x_wconf 82' lang='lat' dir='ltr'>ex</span> <span class='ocrx_word' id='word_1_29' title='bbox 972 411 1071 431; x_wconf 84' lang='lat' dir='ltr'>causa</span> <span class='ocrx_word' id='word_1_30' title='bbox 1083 402 1134 431; x_wconf 90' lang='lat' dir='ltr'>do-</span> 
     </span>
     <span class='ocr_line' id='line_1_7' title="bbox 131 451 1134 490; baseline 0.005 -11"><span class='ocrx_word' id='word_1_31' title='bbox 131 463 144 477; x_wconf 78' lang='grc' dir='ltr'>ιι</span> <span class='ocrx_word' id='word_1_32' title='bbox 169 451 315 481; x_wconf 86' lang='lat' dir='ltr'>nationis</span> <span class='ocrx_word' id='word_1_33' title='bbox 333 451 373 481; x_wconf 86' lang='lat' dir='ltr'>do</span> <span class='ocrx_word' id='word_1_34' title='bbox 389 455 420 481; x_wconf 86' lang='lat' dir='ltr'>et</span> <span class='ocrx_word' id='word_1_35' title='bbox 438 451 579 481; x_wconf 88' lang='lat' dir='ltr'>concedo</span> <span class='ocrx_word' id='word_1_36' title='bbox 595 455 626 481; x_wconf 88' lang='lat' dir='ltr'>et</span> <span class='ocrx_word' id='word_1_37' title='bbox 643 451 750 481; x_wconf 89' lang='lat' dir='ltr'>alieno</span> <span class='ocrx_word' id='word_1_38' title='bbox 768 452 827 481; x_wconf 81' lang='lat' dir='ltr'>tihi</span> <span class='ocrx_word' id='word_1_39' title='bbox 846 457 876 482; x_wconf 87' lang='lat' dir='ltr'>et</span> <span class='ocrx_word' id='word_1_40' title='bbox 892 453 1036 490; x_wconf 83' lang='lat' dir='ltr'>predicte</span> <span class='ocrx_word' id='word_1_41' title='bbox 1054 455 1134 484; x_wconf 75' lang='lat' dir='ltr'>Ade-</span> 
     </span>
     <span class='ocr_line' id='line_1_8' title="bbox 132 502 1135 543; baseline 0.003 -11"><span class='ocrx_word' id='word_1_42' title='bbox 132 516 144 530; x_wconf 88' lang='grc' dir='ltr'>ιι</span> <span class='ocrx_word' id='word_1_43' title='bbox 169 503 251 533; x_wconf 83' lang='lat' dir='ltr'>lasie</span> <span class='ocrx_word' id='word_1_44' title='bbox 275 504 373 533; x_wconf 86' lang='lat' dir='ltr'>unice</span> <span class='ocrx_word' id='word_1_45' title='bbox 397 503 465 533; x_wconf 87' lang='lat' dir='ltr'>filie</span> <span class='ocrx_word' id='word_1_46' title='bbox 486 512 574 538; x_wconf 76' lang='lat' dir='ltr'>mee,</span> <span class='ocrx_word' id='word_1_47' title='bbox 600 504 660 533; x_wconf 92' lang='lat' dir='ltr'>hoc</span> <span class='ocrx_word' id='word_1_48' title='bbox 684 509 733 533; x_wconf 79' lang='lat' dir='ltr'>est</span> <span class='ocrx_word' id='word_1_49' title='bbox 757 514 762 532; x_wconf 89' lang='lat'>:</span> <span class='ocrx_word' id='word_1_50' title='bbox 789 502 946 535; x_wconf 83' lang='lat' dir='ltr'>totumet</span> <span class='ocrx_word' id='word_1_51' title='bbox 969 506 1135 543; x_wconf 76' lang='lat' dir='ltr'>integrum</span> 
     </span>
     <span class='ocr_line' id='line_1_9' title="bbox 132 556 1135 596; baseline 0.002 -10"><span class='ocrx_word' id='word_1_52' title='bbox 132 568 144 583; x_wconf 84' lang='grc' dir='ltr'>ιι</span> <span class='ocrx_word' id='word_1_53' title='bbox 169 561 313 586; x_wconf 76' lang='lat' dir='ltr'>castrum</span> <span class='ocrx_word' id='word_1_54' title='bbox 325 565 435 586; x_wconf 91' lang='lat' dir='ltr'>meum</span> <span class='ocrx_word' id='word_1_55' title='bbox 447 556 570 595; x_wconf 71' lang='lat' dir='ltr'>Ayrole</span> <span class='ocrx_word' id='word_1_56' title='bbox 581 556 682 585; x_wconf 81' lang='lat' dir='ltr'>miehi</span> <span class='ocrx_word' id='word_1_57' title='bbox 695 561 723 586; x_wconf 85' lang='lat' dir='ltr'>et</span> <span class='ocrx_word' id='word_1_58' title='bbox 740 558 949 587; x_wconf 71' lang='lat' dir='ltr'>successione</span> <span class='ocrx_word' id='word_1_59' title='bbox 962 564 1135 596; x_wconf 80' lang='lat' dir='ltr'>parentum</span> 
     </span>
     <span class='ocr_line' id='line_1_10' title="bbox 132 609 1135 647; baseline 0.004 -11"><span class='ocrx_word' id='word_1_60' title='bbox 132 621 145 636; x_wconf 82' lang='grc' dir='ltr'>ιι</span> <span class='ocrx_word' id='word_1_61' title='bbox 169 618 317 639; x_wconf 80' lang='lat' dir='ltr'>meorum</span> <span class='ocrx_word' id='word_1_62' title='bbox 333 610 421 647; x_wconf 85' lang='lat' dir='ltr'>juste</span> <span class='ocrx_word' id='word_1_63' title='bbox 444 613 473 639; x_wconf 88' lang='lat' dir='ltr'>et</span> <span class='ocrx_word' id='word_1_64' title='bbox 498 609 742 638; x_wconf 77' lang='lat' dir='ltr'>rationabiliter</span> <span class='ocrx_word' id='word_1_65' title='bbox 763 610 952 647; x_wconf 81' lang='lat' dir='ltr'>pertinens.</span> <span class='ocrx_word' id='word_1_66' title='bbox 976 620 1041 640; x_wconf 88' lang='lat' dir='ltr'>una</span> <span class='ocrx_word' id='word_1_67' title='bbox 1061 621 1135 641; x_wconf 90' lang='lat' dir='ltr'>cum</span> 
     </span>
     <span class='ocr_line' id='line_1_11' title="bbox 133 662 1135 701; baseline 0.002 -11"><span class='ocrx_word' id='word_1_68' title='bbox 133 675 144 688; x_wconf 83' lang='grc' dir='ltr'>ιι</span> <span class='ocrx_word' id='word_1_69' title='bbox 170 662 372 696; x_wconf 79' lang='lat' dir='ltr'>hominihus,</span> <span class='ocrx_word' id='word_1_70' title='bbox 392 662 488 691; x_wconf 82' lang='lat' dir='ltr'>terris</span> <span class='ocrx_word' id='word_1_71' title='bbox 508 666 539 692; x_wconf 86' lang='lat' dir='ltr'>et</span> <span class='ocrx_word' id='word_1_72' title='bbox 561 662 752 692; x_wconf 77' lang='lat' dir='ltr'>tenimentis</span> <span class='ocrx_word' id='word_1_73' title='bbox 774 663 858 692; x_wconf 80' lang='lat' dir='ltr'>suis.</span> <span class='ocrx_word' id='word_1_74' title='bbox 878 663 987 697; x_wconf 83' lang='lat' dir='ltr'>silvis,</span> <span class='ocrx_word' id='word_1_75' title='bbox 1005 664 1135 701; x_wconf 85' lang='lat' dir='ltr'>paludi-</span> 
     </span>
     <span class='ocr_line' id='line_1_12' title="bbox 132 715 1135 753; baseline 0.005 -12"><span class='ocrx_word' id='word_1_76' title='bbox 132 728 144 742; x_wconf 80' lang='lat'>»</span> <span class='ocrx_word' id='word_1_77' title='bbox 169 715 241 745; x_wconf 82' lang='lat' dir='ltr'>bus.</span> <span class='ocrx_word' id='word_1_78' title='bbox 266 715 416 753; x_wconf 81' lang='lat' dir='ltr'>pascuis,</span> <span class='ocrx_word' id='word_1_79' title='bbox 441 715 535 753; x_wconf 81' lang='lat' dir='ltr'>aquis</span> <span class='ocrx_word' id='word_1_80' title='bbox 558 715 609 753; x_wconf 82' lang='lat' dir='ltr'>(et)</span> <span class='ocrx_word' id='word_1_81' title='bbox 635 724 863 753; x_wconf 73' lang='lat' dir='ltr'>aquarumque</span> <span class='ocrx_word' id='word_1_82' title='bbox 887 715 1081 745; x_wconf 79' lang='lat' dir='ltr'>decursilms</span> <span class='ocrx_word' id='word_1_83' title='bbox 1105 721 1135 746; x_wconf 80' lang='lat' dir='ltr'>et</span> 
     </span>
     <span class='ocr_line' id='line_1_13' title="bbox 132 768 1135 805; baseline 0.002 -10"><span class='ocrx_word' id='word_1_84' title='bbox 132 781 144 795; x_wconf 85' lang='lat'>»</span> <span class='ocrx_word' id='word_1_85' title='bbox 169 768 323 798; x_wconf 84' lang='lat' dir='ltr'>omnihus</span> <span class='ocrx_word' id='word_1_86' title='bbox 349 768 389 797; x_wconf 88' lang='lat' dir='ltr'>ad</span> <span class='ocrx_word' id='word_1_87' title='bbox 415 768 524 805; x_wconf 88' lang='lat' dir='ltr'>ipsum</span> <span class='ocrx_word' id='word_1_88' title='bbox 551 771 695 796; x_wconf 81' lang='lat' dir='ltr'>castrum</span> <span class='ocrx_word' id='word_1_89' title='bbox 722 768 967 805; x_wconf 81' lang='lat' dir='ltr'>pertinentilms</span> <span class='ocrx_word' id='word_1_90' title='bbox 998 772 1029 797; x_wconf 80' lang='lat' dir='ltr'>et</span> <span class='ocrx_word' id='word_1_91' title='bbox 1061 778 1135 798; x_wconf 87' lang='lat' dir='ltr'>eum</span> 
     </span>
     <span class='ocr_line' id='line_1_14' title="bbox 132 821 1135 859; baseline 0.001 -10"><span class='ocrx_word' id='word_1_92' title='bbox 132 834 144 849; x_wconf 78' lang='grc' dir='ltr'>ιι</span> <span class='ocrx_word' id='word_1_93' title='bbox 169 822 323 852; x_wconf 84' lang='lat' dir='ltr'>omnibus</span> <span class='ocrx_word' id='word_1_94' title='bbox 336 822 370 850; x_wconf 91' lang='lat' dir='ltr'>in</span> <span class='ocrx_word' id='word_1_95' title='bbox 382 821 465 859; x_wconf 87' lang='lat' dir='ltr'>ipsis</span> <span class='ocrx_word' id='word_1_96' title='bbox 478 821 707 850; x_wconf 77' lang='lat' dir='ltr'>habitantibus</span> <span class='ocrx_word' id='word_1_97' title='bbox 722 821 838 850; x_wconf 76' lang='lat' dir='ltr'>subtus</span> <span class='ocrx_word' id='word_1_98' title='bbox 852 825 1003 859; x_wconf 82' lang='lat' dir='ltr'>etsuper,</span> <span class='ocrx_word' id='word_1_99' title='bbox 1017 826 1135 851; x_wconf 83' lang='lat' dir='ltr'>etcum</span> 
     </span>
     <span class='ocr_line' id='line_1_15' title="bbox 131 873 1135 911; baseline 0.001 -10"><span class='ocrx_word' id='word_1_100' title='bbox 131 887 143 901; x_wconf 75' lang='lat' dir='ltr'>n</span> <span class='ocrx_word' id='word_1_101' title='bbox 169 875 232 904; x_wconf 86' lang='lat' dir='ltr'>viis</span> <span class='ocrx_word' id='word_1_102' title='bbox 249 874 319 903; x_wconf 85' lang='lat' dir='ltr'>suis</span> <span class='ocrx_word' id='word_1_103' title='bbox 332 873 455 903; x_wconf 86' lang='lat' dir='ltr'>ihidem</span> <span class='ocrx_word' id='word_1_104' title='bbox 470 873 617 902; x_wconf 85' lang='lat' dir='ltr'>intrandi</span> <span class='ocrx_word' id='word_1_105' title='bbox 635 877 665 902; x_wconf 88' lang='lat' dir='ltr'>et</span> <span class='ocrx_word' id='word_1_106' title='bbox 683 873 841 908; x_wconf 75' lang='lat' dir='ltr'>exeundi,</span> <span class='ocrx_word' id='word_1_107' title='bbox 863 877 959 911; x_wconf 80' lang='lat' dir='ltr'>atque</span> <span class='ocrx_word' id='word_1_108' title='bbox 976 882 1049 903; x_wconf 73' lang='lat' dir='ltr'>eum</span> <span class='ocrx_word' id='word_1_109' title='bbox 1066 883 1135 902; x_wconf 83' lang='lat' dir='ltr'>om—</span> 
     </span>
     <span class='ocr_line' id='line_1_16' title="bbox 131 926 1135 964; baseline 0.001 -10"><span class='ocrx_word' id='word_1_110' title='bbox 131 939 144 954; x_wconf 85' lang='lat'>»</span> <span class='ocrx_word' id='word_1_111' title='bbox 169 927 267 956; x_wconf 82' lang='lat' dir='ltr'>nibus</span> <span class='ocrx_word' id='word_1_112' title='bbox 286 926 362 956; x_wconf 87' lang='lat' dir='ltr'>aliis</span> <span class='ocrx_word' id='word_1_113' title='bbox 379 927 448 956; x_wconf 81' lang='lat' dir='ltr'>suis</span> <span class='ocrx_word' id='word_1_114' title='bbox 464 926 693 964; x_wconf 68' lang='lat' dir='ltr'>pertinentiis:</span> <span class='ocrx_word' id='word_1_115' title='bbox 717 934 844 955; x_wconf 82' lang='lat' dir='ltr'>necnon</span> <span class='ocrx_word' id='word_1_116' title='bbox 866 926 964 955; x_wconf 82' lang='lat' dir='ltr'>etiam</span> <span class='ocrx_word' id='word_1_117' title='bbox 981 927 1059 956; x_wconf 83' lang='lat' dir='ltr'>cedo</span> <span class='ocrx_word' id='word_1_118' title='bbox 1077 927 1135 956; x_wconf 83' lang='lat' dir='ltr'>tibi</span> 
     </span>
     <span class='ocr_line' id='line_1_17' title="bbox 130 978 1135 1019; baseline -0.001 -9"><span class='ocrx_word' id='word_1_119' title='bbox 130 993 143 1007; x_wconf 76' lang='grc' dir='ltr'>ιι</span> <span class='ocrx_word' id='word_1_120' title='bbox 167 989 263 1010; x_wconf 91' lang='lat' dir='ltr'>omne</span> <span class='ocrx_word' id='word_1_121' title='bbox 277 981 331 1019; x_wconf 87' lang='lat' dir='ltr'>jus</span> <span class='ocrx_word' id='word_1_122' title='bbox 348 988 474 1015; x_wconf 86' lang='lat' dir='ltr'>meum,</span> <span class='ocrx_word' id='word_1_123' title='bbox 493 979 580 1017; x_wconf 82' lang='lat' dir='ltr'>quod</span> <span class='ocrx_word' id='word_1_124' title='bbox 593 978 696 1008; x_wconf 90' lang='lat' dir='ltr'>michi</span> <span class='ocrx_word' id='word_1_125' title='bbox 713 979 867 1016; x_wconf 87' lang='lat' dir='ltr'>competit</span> <span class='ocrx_word' id='word_1_126' title='bbox 880 979 931 1008; x_wconf 83' lang='lat' dir='ltr'>vel</span> <span class='ocrx_word' id='word_1_127' title='bbox 951 984 1135 1017; x_wconf 72' lang='lat' dir='ltr'>competere</span> 
     </span>
     <span class='ocr_line' id='line_1_18' title="bbox 130 1032 1135 1071; baseline -0.001 -8"><span class='ocrx_word' id='word_1_128' title='bbox 130 1045 143 1060; x_wconf 83' lang='lat'>»</span> <span class='ocrx_word' id='word_1_129' title='bbox 166 1037 271 1071; x_wconf 86' lang='lat' dir='ltr'>potest</span> <span class='ocrx_word' id='word_1_130' title='bbox 289 1037 401 1062; x_wconf 84' lang='lat' dir='ltr'>contra</span> <span class='ocrx_word' id='word_1_131' title='bbox 414 1032 577 1071; x_wconf 79' lang='lat' dir='ltr'>quoslihet</span> <span class='ocrx_word' id='word_1_132' title='bbox 589 1040 797 1070; x_wconf 69' lang='lat' dir='ltr'>possessores</span> <span class='ocrx_word' id='word_1_133' title='bbox 810 1032 859 1061; x_wconf 84' lang='lat' dir='ltr'>vel</span> <span class='ocrx_word' id='word_1_134' title='bbox 876 1032 1062 1062; x_wconf 69' lang='lat' dir='ltr'>detentores</span> <span class='ocrx_word' id='word_1_135' title='bbox 1077 1042 1135 1062; x_wconf 84' lang='lat' dir='ltr'>seu</span> 
     </span>
     <span class='ocr_line' id='line_1_19' title="bbox 131 1084 1135 1123; baseline 0.001 -10"><span class='ocrx_word' id='word_1_136' title='bbox 131 1098 143 1113; x_wconf 80' lang='grc' dir='ltr'>ιι</span> <span class='ocrx_word' id='word_1_137' title='bbox 168 1090 278 1116; x_wconf 86' lang='lat' dir='ltr'>contra</span> <span class='ocrx_word' id='word_1_138' title='bbox 298 1094 538 1123; x_wconf 76' lang='lat' dir='ltr'>quemcumque</span> <span class='ocrx_word' id='word_1_139' title='bbox 555 1085 595 1113; x_wconf 87' lang='lat' dir='ltr'>ad</span> <span class='ocrx_word' id='word_1_140' title='bbox 610 1084 799 1122; x_wconf 83' lang='lat' dir='ltr'>petendum,</span> <span class='ocrx_word' id='word_1_141' title='bbox 816 1084 1005 1114; x_wconf 84' lang='lat' dir='ltr'>habendum</span> <span class='ocrx_word' id='word_1_142' title='bbox 1021 1089 1051 1114; x_wconf 82' lang='lat' dir='ltr'>et</span> <span class='ocrx_word' id='word_1_143' title='bbox 1065 1094 1135 1122; x_wconf 86' lang='lat' dir='ltr'>pos-</span> 
     </span>
     <span class='ocr_line' id='line_1_20' title="bbox 130 1137 1136 1175; baseline 0 -9"><span class='ocrx_word' id='word_1_144' title='bbox 130 1151 143 1166; x_wconf 86' lang='lat'>»</span> <span class='ocrx_word' id='word_1_145' title='bbox 168 1138 343 1168; x_wconf 85' lang='lat' dir='ltr'>sidendum</span> <span class='ocrx_word' id='word_1_146' title='bbox 365 1137 448 1167; x_wconf 89' lang='lat' dir='ltr'>illud</span> <span class='ocrx_word' id='word_1_147' title='bbox 467 1137 607 1167; x_wconf 81' lang='lat' dir='ltr'>firmiter</span> <span class='ocrx_word' id='word_1_148' title='bbox 627 1137 742 1166; x_wconf 85' lang='lat' dir='ltr'>amodo</span> <span class='ocrx_word' id='word_1_149' title='bbox 761 1141 789 1166; x_wconf 89' lang='lat' dir='ltr'>et</span> <span class='ocrx_word' id='word_1_150' title='bbox 813 1146 941 1175; x_wconf 81' lang='lat' dir='ltr'>semper</span> <span class='ocrx_word' id='word_1_151' title='bbox 957 1142 987 1167; x_wconf 83' lang='lat' dir='ltr'>et</span> <span class='ocrx_word' id='word_1_152' title='bbox 1011 1138 1136 1167; x_wconf 81' lang='lat' dir='ltr'>facien-</span> 
     </span>
     <span class='ocr_line' id='line_1_21' title="bbox 130 1189 1135 1229; baseline 0.001 -11"><span class='ocrx_word' id='word_1_153' title='bbox 130 1203 143 1218; x_wconf 82' lang='lat'>»</span> <span class='ocrx_word' id='word_1_154' title='bbox 168 1191 245 1221; x_wconf 80' lang='lat' dir='ltr'>duni</span> <span class='ocrx_word' id='word_1_155' title='bbox 264 1191 381 1220; x_wconf 78' lang='lat' dir='ltr'>exinde</span> <span class='ocrx_word' id='word_1_156' title='bbox 403 1190 562 1229; x_wconf 79' lang='lat' dir='ltr'>quicquid</span> <span class='ocrx_word' id='word_1_157' title='bbox 578 1190 685 1225; x_wconf 73' lang='lat' dir='ltr'>vohis,</span> <span class='ocrx_word' id='word_1_158' title='bbox 709 1189 835 1219; x_wconf 81' lang='lat' dir='ltr'>scilicet</span> <span class='ocrx_word' id='word_1_159' title='bbox 858 1190 990 1219; x_wconf 88' lang='lat' dir='ltr'>domino</span> <span class='ocrx_word' id='word_1_160' title='bbox 1007 1191 1135 1219; x_wconf 83' lang='lat' dir='ltr'>Marino</span> 
     </span>
     <span class='ocr_line' id='line_1_22' title="bbox 132 1242 1135 1280; baseline 0 -9"><span class='ocrx_word' id='word_1_161' title='bbox 132 1257 144 1271; x_wconf 75' lang='grc' dir='ltr'>ιι</span> <span class='ocrx_word' id='word_1_162' title='bbox 169 1248 199 1274; x_wconf 90' lang='lat' dir='ltr'>et</span> <span class='ocrx_word' id='word_1_163' title='bbox 220 1243 374 1274; x_wconf 78' lang='lat' dir='ltr'>Adelasie</span> <span class='ocrx_word' id='word_1_164' title='bbox 397 1243 464 1273; x_wconf 86' lang='lat' dir='ltr'>filie</span> <span class='ocrx_word' id='word_1_165' title='bbox 484 1252 570 1272; x_wconf 87' lang='lat' dir='ltr'>mee.</span> <span class='ocrx_word' id='word_1_166' title='bbox 593 1242 754 1280; x_wconf 76' lang='lat' dir='ltr'>placuerit</span> <span class='ocrx_word' id='word_1_167' title='bbox 776 1242 813 1272; x_wconf 87' lang='lat' dir='ltr'>ad</span> <span class='ocrx_word' id='word_1_168' title='bbox 838 1243 1082 1280; x_wconf 81' lang='lat' dir='ltr'>possessionem</span> <span class='ocrx_word' id='word_1_169' title='bbox 1105 1248 1135 1272; x_wconf 84' lang='lat' dir='ltr'>et</span> 
     </span>
     <span class='ocr_line' id='line_1_23' title="bbox 131 1295 1135 1335; baseline 0.001 -11"><span class='ocrx_word' id='word_1_170' title='bbox 131 1309 143 1324; x_wconf 80' lang='grc' dir='ltr'>ιι</span> <span class='ocrx_word' id='word_1_171' title='bbox 168 1297 401 1335; x_wconf 76' lang='lat' dir='ltr'>proprietatem</span> <span class='ocrx_word' id='word_1_172' title='bbox 416 1301 560 1326; x_wconf 82' lang='lat' dir='ltr'>vestram</span> <span class='ocrx_word' id='word_1_173' title='bbox 576 1299 827 1334; x_wconf 77' lang='lat' dir='ltr'>vestrorumque</span> <span class='ocrx_word' id='word_1_174' title='bbox 843 1295 1002 1325; x_wconf 80' lang='lat' dir='ltr'>heredum</span> <span class='ocrx_word' id='word_1_175' title='bbox 1018 1296 1069 1325; x_wconf 77' lang='lat' dir='ltr'>vel</span> <span class='ocrx_word' id='word_1_176' title='bbox 1083 1297 1135 1325; x_wconf 79' lang='lat' dir='ltr'>cui</span> 
     </span>
     <span class='ocr_line' id='line_1_24' title="bbox 131 1349 1133 1387; baseline 0 -10"><span class='ocrx_word' id='word_1_177' title='bbox 131 1362 144 1377; x_wconf 76' lang='grc' dir='ltr'>ιι</span> <span class='ocrx_word' id='word_1_178' title='bbox 168 1349 228 1379; x_wconf 85' lang='lat' dir='ltr'>hec</span> <span class='ocrx_word' id='word_1_179' title='bbox 247 1354 335 1379; x_wconf 85' lang='lat' dir='ltr'>carta</span> <span class='ocrx_word' id='word_1_180' title='bbox 356 1358 414 1387; x_wconf 88' lang='lat' dir='ltr'>per</span> <span class='ocrx_word' id='word_1_181' title='bbox 432 1358 488 1379; x_wconf 82' lang='lat' dir='ltr'>vos</span> <span class='ocrx_word' id='word_1_182' title='bbox 512 1349 545 1377; x_wconf 93' lang='lat' dir='ltr'>in</span> <span class='ocrx_word' id='word_1_183' title='bbox 566 1357 666 1378; x_wconf 90' lang='lat' dir='ltr'>manu</span> <span class='ocrx_word' id='word_1_184' title='bbox 684 1349 843 1386; x_wconf 85' lang='lat' dir='ltr'>paruerit.</span> <span class='ocrx_word' id='word_1_185' title='bbox 869 1349 917 1378; x_wconf 92' lang='lat' dir='ltr'>Do</span> <span class='ocrx_word' id='word_1_186' title='bbox 940 1349 1039 1377; x_wconf 89' lang='lat' dir='ltr'>etiam</span> <span class='ocrx_word' id='word_1_187' title='bbox 1063 1349 1133 1383; x_wconf 77' lang='lat' dir='ltr'>tihi,</span> 
     </span>
     <span class='ocr_line' id='line_1_25' title="bbox 130 1401 1134 1440; baseline 0.002 -11"><span class='ocrx_word' id='word_1_188' title='bbox 130 1414 143 1429; x_wconf 77' lang='grc' dir='ltr'>ιι</span> <span class='ocrx_word' id='word_1_189' title='bbox 166 1403 294 1440; x_wconf 78' lang='lat' dir='ltr'>prefato</span> <span class='ocrx_word' id='word_1_190' title='bbox 310 1401 443 1431; x_wconf 88' lang='lat' dir='ltr'>domino</span> <span class='ocrx_word' id='word_1_191' title='bbox 459 1401 588 1430; x_wconf 87' lang='lat' dir='ltr'>Marino</span> <span class='ocrx_word' id='word_1_192' title='bbox 611 1410 731 1438; x_wconf 76' lang='lat' dir='ltr'>genero</span> <span class='ocrx_word' id='word_1_193' title='bbox 752 1410 839 1435; x_wconf 89' lang='lat' dir='ltr'>meo,</span> <span class='ocrx_word' id='word_1_194' title='bbox 863 1405 1057 1439; x_wconf 79' lang='lat' dir='ltr'>potestatem</span> <span class='ocrx_word' id='word_1_195' title='bbox 1078 1411 1134 1439; x_wconf 87' lang='lat' dir='ltr'>pe-</span> 
     </span>
     <span class='ocr_line' id='line_1_26' title="bbox 129 1453 1135 1492; baseline 0.002 -11"><span class='ocrx_word' id='word_1_196' title='bbox 129 1467 142 1481; x_wconf 81' lang='lat'>»</span> <span class='ocrx_word' id='word_1_197' title='bbox 167 1455 257 1485; x_wconf 88' lang='lat' dir='ltr'>tendi</span> <span class='ocrx_word' id='word_1_198' title='bbox 281 1463 379 1492; x_wconf 83' lang='lat' dir='ltr'>super</span> <span class='ocrx_word' id='word_1_199' title='bbox 402 1454 463 1484; x_wconf 87' lang='lat' dir='ltr'>hoe</span> <span class='ocrx_word' id='word_1_200' title='bbox 484 1454 769 1483; x_wconf 83' lang='lat' dir='ltr'>confirmationem</span> <span class='ocrx_word' id='word_1_201' title='bbox 791 1454 886 1484; x_wconf 81' lang='lat' dir='ltr'>Sedis</span> <span class='ocrx_word' id='word_1_202' title='bbox 910 1453 1086 1492; x_wconf 83' lang='lat' dir='ltr'>apostolice</span> <span class='ocrx_word' id='word_1_203' title='bbox 1104 1458 1135 1483; x_wconf 85' lang='lat' dir='ltr'>et</span> 
     </span>
     <span class='ocr_line' id='line_1_27' title="bbox 128 1506 1134 1544; baseline 0.002 -10"><span class='ocrx_word' id='word_1_204' title='bbox 128 1519 140 1534; x_wconf 72' lang='grc' dir='ltr'>ιι</span> <span class='ocrx_word' id='word_1_205' title='bbox 166 1507 413 1537; x_wconf 78' lang='lat' dir='ltr'>concessionem</span> <span class='ocrx_word' id='word_1_206' title='bbox 433 1507 470 1537; x_wconf 91' lang='lat' dir='ltr'>de</span> <span class='ocrx_word' id='word_1_207' title='bbox 487 1515 587 1541; x_wconf 80' lang='lat' dir='ltr'>novo3</span> <span class='ocrx_word' id='word_1_208' title='bbox 611 1510 642 1536; x_wconf 90' lang='lat' dir='ltr'>et</span> <span class='ocrx_word' id='word_1_209' title='bbox 659 1506 768 1543; x_wconf 73' lang='lat' dir='ltr'>obligo</span> <span class='ocrx_word' id='word_1_210' title='bbox 784 1515 835 1536; x_wconf 91' lang='lat' dir='ltr'>me</span> <span class='ocrx_word' id='word_1_211' title='bbox 853 1506 927 1541; x_wconf 85' lang='lat' dir='ltr'>tihi,</span> <span class='ocrx_word' id='word_1_212' title='bbox 947 1506 1134 1544; x_wconf 82' lang='lat' dir='ltr'>supradicto</span> 
     </span>
     <span class='ocr_line' id='line_1_28' title="bbox 126 1559 1135 1598; baseline 0.002 -11"><span class='ocrx_word' id='word_1_213' title='bbox 126 1572 139 1587; x_wconf 70' lang='grc' dir='ltr'>ι,</span> <span class='ocrx_word' id='word_1_214' title='bbox 164 1560 296 1590; x_wconf 90' lang='lat' dir='ltr'>domino</span> <span class='ocrx_word' id='word_1_215' title='bbox 316 1560 461 1594; x_wconf 86' lang='lat' dir='ltr'>Marino,</span> <span class='ocrx_word' id='word_1_216' title='bbox 482 1559 615 1598; x_wconf 84' lang='lat' dir='ltr'>tuisque</span> <span class='ocrx_word' id='word_1_217' title='bbox 634 1559 813 1589; x_wconf 82' lang='lat' dir='ltr'>heredibus</span> <span class='ocrx_word' id='word_1_218' title='bbox 830 1559 881 1588; x_wconf 90' lang='lat' dir='ltr'>vel</span> <span class='ocrx_word' id='word_1_219' title='bbox 899 1559 953 1589; x_wconf 89' lang='lat' dir='ltr'>cui</span> <span class='ocrx_word' id='word_1_220' title='bbox 969 1564 1059 1589; x_wconf 81' lang='lat' dir='ltr'>carta</span> <span class='ocrx_word' id='word_1_221' title='bbox 1074 1560 1135 1589; x_wconf 87' lang='lat' dir='ltr'>hec</span> 
     </span>
     <span class='ocr_line' id='line_1_29' title="bbox 125 1612 1136 1652; baseline 0.001 -12"><span class='ocrx_word' id='word_1_222' title='bbox 125 1625 139 1640; x_wconf 67' lang='grc' dir='ltr'>ι,</span> <span class='ocrx_word' id='word_1_223' title='bbox 162 1622 221 1652; x_wconf 91' lang='lat' dir='ltr'>per</span> <span class='ocrx_word' id='word_1_224' title='bbox 250 1622 307 1643; x_wconf 82' lang='lat' dir='ltr'>vos</span> <span class='ocrx_word' id='word_1_225' title='bbox 336 1613 370 1642; x_wconf 87' lang='lat' dir='ltr'>in</span> <span class='ocrx_word' id='word_1_226' title='bbox 406 1622 508 1642; x_wconf 88' lang='lat' dir='ltr'>manu</span> <span class='ocrx_word' id='word_1_227' title='bbox 536 1613 684 1651; x_wconf 88' lang='lat' dir='ltr'>paruerit</span> <span class='ocrx_word' id='word_1_228' title='bbox 714 1613 880 1650; x_wconf 78' lang='lat' dir='ltr'>integrum</span> <span class='ocrx_word' id='word_1_229' title='bbox 912 1612 1136 1650; x_wconf 74' lang='lat' dir='ltr'>supradictam</span> 
     </span>
     <span class='ocr_line' id='line_1_30' title="bbox 127 1665 1135 1704; baseline 0.001 -11"><span class='ocrx_word' id='word_1_230' title='bbox 127 1678 139 1693; x_wconf 75' lang='grc' dir='ltr'>ι)</span> <span class='ocrx_word' id='word_1_231' title='bbox 164 1675 271 1696; x_wconf 88' lang='lat' dir='ltr'>meam</span> <span class='ocrx_word' id='word_1_232' title='bbox 290 1666 537 1700; x_wconf 78' lang='lat' dir='ltr'>alienationem,</span> <span class='ocrx_word' id='word_1_233' title='bbox 555 1666 777 1704; x_wconf 85' lang='lat' dir='ltr'>donationem,</span> <span class='ocrx_word' id='word_1_234' title='bbox 800 1665 967 1695; x_wconf 87' lang='lat' dir='ltr'>dationem</span> <span class='ocrx_word' id='word_1_235' title='bbox 986 1669 1016 1695; x_wconf 91' lang='lat' dir='ltr'>et</span> <span class='ocrx_word' id='word_1_236' title='bbox 1033 1665 1135 1695; x_wconf 82' lang='lat' dir='ltr'>tradi-</span> 
     </span>
     <span class='ocr_line' id='line_1_31' title="bbox 127 1718 1135 1757; baseline 0 -10"><span class='ocrx_word' id='word_1_237' title='bbox 127 1731 139 1746; x_wconf 91' lang='grc' dir='ltr'>ιι</span> <span class='ocrx_word' id='word_1_238' title='bbox 164 1719 289 1748; x_wconf 83' lang='lat' dir='ltr'>tionem</span> <span class='ocrx_word' id='word_1_239' title='bbox 302 1723 399 1757; x_wconf 81' lang='lat' dir='ltr'>atque</span> <span class='ocrx_word' id='word_1_240' title='bbox 410 1718 594 1748; x_wconf 78' lang='lat' dir='ltr'>cessionem</span> <span class='ocrx_word' id='word_1_241' title='bbox 606 1718 782 1748; x_wconf 83' lang='lat' dir='ltr'>defendere</span> <span class='ocrx_word' id='word_1_242' title='bbox 797 1722 827 1747; x_wconf 89' lang='lat' dir='ltr'>et</span> <span class='ocrx_word' id='word_1_243' title='bbox 839 1722 1005 1748; x_wconf 75' lang='lat' dir='ltr'>antestare</span> <span class='ocrx_word' id='word_1_244' title='bbox 1020 1718 1135 1747; x_wconf 85' lang='lat' dir='ltr'>amodo</span> 
     </span>
    </p>
   </div>
   <div class='ocr_carea' id='block_1_4' title="bbox 127 1771 1171 1810">
    <p class='ocr_par' dir='ltr' id='par_1_4' title="bbox 127 1771 1171 1810">
     <span class='ocr_line' id='line_1_32' title="bbox 127 1771 1171 1810; baseline 0.002 -12"><span class='ocrx_word' id='word_1_245' title='bbox 127 1783 140 1798; x_wconf 73' lang='grc' dir='ltr'>ι)</span> <span class='ocrx_word' id='word_1_246' title='bbox 165 1775 195 1801; x_wconf 84' lang='lat' dir='ltr'>et</span> <span class='ocrx_word' id='word_1_247' title='bbox 212 1780 341 1809; x_wconf 80' lang='lat' dir='ltr'>semper</span> <span class='ocrx_word' id='word_1_248' title='bbox 358 1771 397 1801; x_wconf 84' lang='lat' dir='ltr'>ab</span> <span class='ocrx_word' id='word_1_249' title='bbox 413 1771 567 1801; x_wconf 82' lang='lat' dir='ltr'>omnibus</span> <span class='ocrx_word' id='word_1_250' title='bbox 585 1771 778 1800; x_wconf 89' lang='lat' dir='ltr'>hominibus</span> <span class='ocrx_word' id='word_1_251' title='bbox 795 1771 1016 1810; x_wconf 82' lang='lat' dir='ltr'>omnibusque</span> <span class='ocrx_word' id='word_1_252' title='bbox 1033 1771 1135 1809; x_wconf 79' lang='lat' dir='ltr'>parti-</span> <span class='ocrx_word' id='word_1_253' title='bbox 1163 1797 1171 1801; x_wconf 76' lang='grc'>,,</span> 
     </span>
    </p>
   </div>
   <div class='ocr_carea' id='block_1_5' title="bbox 126 1823 1138 2915">
    <p class='ocr_par' dir='ltr' id='par_1_5' title="bbox 164 1823 1138 2600">
     <span class='ocr_line' id='line_1_33' title="bbox 165 1823 1135 1862; baseline 0 -9"><span class='ocrx_word' id='word_1_254' title='bbox 165 1824 226 1853; x_wconf 83' lang='lat' dir='ltr'>hus</span> <span class='ocrx_word' id='word_1_255' title='bbox 247 1833 304 1862; x_wconf 91' lang='lat' dir='ltr'>per</span> <span class='ocrx_word' id='word_1_256' title='bbox 327 1832 443 1861; x_wconf 86' lang='lat' dir='ltr'>penam</span> <span class='ocrx_word' id='word_1_257' title='bbox 461 1824 720 1862; x_wconf 72' lang='lat' dir='ltr'>quingentarum</span> <span class='ocrx_word' id='word_1_258' title='bbox 740 1823 914 1853; x_wconf 77' lang='lat' dir='ltr'>unciarum</span> <span class='ocrx_word' id='word_1_259' title='bbox 934 1823 1006 1853; x_wconf 84' lang='lat' dir='ltr'>auri</span> <span class='ocrx_word' id='word_1_260' title='bbox 1023 1824 1063 1853; x_wconf 81' lang='lat' dir='ltr'>ad</span> <span class='ocrx_word' id='word_1_261' title='bbox 1080 1833 1135 1859; x_wconf 60' lang='lat' dir='ltr'>,ee—</span> 
     </span>
     <span class='ocr_line' id='line_1_34' title="bbox 166 1876 1135 1915; baseline 0.001 -9"><span class='ocrx_word' id='word_1_262' title='bbox 166 1877 277 1907; x_wconf 84' lang='lat' dir='ltr'>nerale</span> <span class='ocrx_word' id='word_1_263' title='bbox 291 1877 418 1915; x_wconf 85' lang='lat' dir='ltr'>pondus</span> <span class='ocrx_word' id='word_1_264' title='bbox 432 1881 525 1914; x_wconf 86' lang='lat' dir='ltr'>pacto</span> <span class='ocrx_word' id='word_1_265' title='bbox 539 1880 609 1906; x_wconf 87' lang='lat' dir='ltr'>rato</span> <span class='ocrx_word' id='word_1_266' title='bbox 621 1880 786 1910; x_wconf 87' lang='lat' dir='ltr'>manente,</span> <span class='ocrx_word' id='word_1_267' title='bbox 806 1881 836 1906; x_wconf 88' lang='lat' dir='ltr'>et</span> <span class='ocrx_word' id='word_1_268' title='bbox 850 1877 888 1906; x_wconf 86' lang='lat' dir='ltr'>de</span> <span class='ocrx_word' id='word_1_269' title='bbox 902 1876 969 1906; x_wconf 83' lang='lat' dir='ltr'>hiis</span> <span class='ocrx_word' id='word_1_270' title='bbox 981 1877 1135 1907; x_wconf 83' lang='lat' dir='ltr'>omnihus</span> 
     </span>
     <span class='ocr_line' id='line_1_35' title="bbox 166 1928 1136 1967; baseline -0.001 -8"><span class='ocrx_word' id='word_1_271' title='bbox 166 1929 369 1967; x_wconf 85' lang='lat' dir='ltr'>complendis</span> <span class='ocrx_word' id='word_1_272' title='bbox 391 1938 409 1958; x_wconf 89' lang='lat' dir='ltr'>a</span> <span class='ocrx_word' id='word_1_273' title='bbox 428 1938 479 1959; x_wconf 92' lang='lat' dir='ltr'>me</span> <span class='ocrx_word' id='word_1_274' title='bbox 495 1929 588 1959; x_wconf 85' lang='lat' dir='ltr'>vobis</span> <span class='ocrx_word' id='word_1_275' title='bbox 604 1928 657 1958; x_wconf 89' lang='lat' dir='ltr'>vel</span> <span class='ocrx_word' id='word_1_276' title='bbox 679 1929 727 1959; x_wconf 88' lang='lat' dir='ltr'>eis</span> <span class='ocrx_word' id='word_1_277' title='bbox 747 1933 783 1958; x_wconf 87' lang='lat' dir='ltr'>ut</span> <span class='ocrx_word' id='word_1_278' title='bbox 806 1929 1031 1967; x_wconf 73' lang='lat' dir='ltr'>preleguntur,</span> <span class='ocrx_word' id='word_1_279' title='bbox 1051 1930 1136 1959; x_wconf 80' lang='lat' dir='ltr'>sieut</span> 
     </span>
     <span class='ocr_line' id='line_1_36' title="bbox 166 1981 1136 2020; baseline -0.002 -9"><span class='ocrx_word' id='word_1_280' title='bbox 166 1982 254 2012; x_wconf 86' lang='lat' dir='ltr'>inter</span> <span class='ocrx_word' id='word_1_281' title='bbox 270 1991 329 2011; x_wconf 90' lang='lat' dir='ltr'>nos</span> <span class='ocrx_word' id='word_1_282' title='bbox 343 1982 513 2013; x_wconf 76' lang='lat' dir='ltr'>convenit,</span> <span class='ocrx_word' id='word_1_283' title='bbox 531 1981 617 2011; x_wconf 85' lang='lat' dir='ltr'>bona</span> <span class='ocrx_word' id='word_1_284' title='bbox 633 1991 706 2012; x_wconf 83' lang='lat' dir='ltr'>mea</span> <span class='ocrx_word' id='word_1_285' title='bbox 722 1981 890 2012; x_wconf 88' lang='lat' dir='ltr'>voluntate</span> <span class='ocrx_word' id='word_1_286' title='bbox 907 1982 954 2011; x_wconf 77' lang='lat' dir='ltr'>sic</span> <span class='ocrx_word' id='word_1_287' title='bbox 968 1983 1136 2020; x_wconf 65' lang='lat' dir='ltr'>presentia,</span> 
     </span>
     <span class='ocr_line' id='line_1_37' title="bbox 167 2035 1136 2073; baseline 0 -8"><span class='ocrx_word' id='word_1_288' title='bbox 167 2035 429 2073; x_wconf 82' lang='lat' dir='ltr'>subscriptorum</span> <span class='ocrx_word' id='word_1_289' title='bbox 442 2035 565 2073; x_wconf 85' lang='lat' dir='ltr'>judicis</span> <span class='ocrx_word' id='word_1_290' title='bbox 582 2039 613 2065; x_wconf 86' lang='lat' dir='ltr'>et</span> <span class='ocrx_word' id='word_1_291' title='bbox 631 2035 753 2064; x_wconf 87' lang='lat' dir='ltr'>notarii</span> <span class='ocrx_word' id='word_1_292' title='bbox 778 2039 875 2073; x_wconf 80' lang='lat' dir='ltr'>atque</span> <span class='ocrx_word' id='word_1_293' title='bbox 898 2036 1032 2065; x_wconf 82' lang='lat' dir='ltr'>testium</span> <span class='ocrx_word' id='word_1_294' title='bbox 1056 2045 1136 2073; x_wconf 67' lang='lat' dir='ltr'>gua-</span> 
     </span>
     <span class='ocr_line' id='line_1_38' title="bbox 166 2087 1136 2126; baseline 0.001 -10"><span class='ocrx_word' id='word_1_295' title='bbox 166 2087 254 2117; x_wconf 88' lang='lat' dir='ltr'>diam</span> <span class='ocrx_word' id='word_1_296' title='bbox 270 2087 328 2116; x_wconf 82' lang='lat' dir='ltr'>tihi</span> <span class='ocrx_word' id='word_1_297' title='bbox 345 2087 419 2117; x_wconf 88' lang='lat' dir='ltr'>dedi</span> <span class='ocrx_word' id='word_1_298' title='bbox 436 2091 466 2117; x_wconf 92' lang='lat' dir='ltr'>et</span> <span class='ocrx_word' id='word_1_299' title='bbox 483 2087 709 2117; x_wconf 80' lang='lat' dir='ltr'>mediatricem</span> <span class='ocrx_word' id='word_1_300' title='bbox 727 2087 786 2116; x_wconf 86' lang='lat' dir='ltr'>tihi</span> <span class='ocrx_word' id='word_1_301' title='bbox 800 2096 851 2117; x_wconf 81' lang='lat' dir='ltr'>nie</span> <span class='ocrx_word' id='word_1_302' title='bbox 868 2088 973 2126; x_wconf 82' lang='lat' dir='ltr'>ipsam</span> <span class='ocrx_word' id='word_1_303' title='bbox 988 2098 1045 2125; x_wconf 89' lang='lat' dir='ltr'>per</span> <span class='ocrx_word' id='word_1_304' title='bbox 1059 2097 1136 2117; x_wconf 84' lang='lat' dir='ltr'>con-</span> 
     </span>
     <span class='ocr_line' id='line_1_39' title="bbox 167 2140 1136 2179; baseline 0.001 -10"><span class='ocrx_word' id='word_1_305' title='bbox 167 2140 382 2170; x_wconf 85' lang='lat' dir='ltr'>venientiam.</span> <span class='ocrx_word' id='word_1_306' title='bbox 407 2140 518 2172; x_wconf 84' lang='lat' dir='ltr'>Unde,</span> <span class='ocrx_word' id='word_1_307' title='bbox 545 2140 574 2169; x_wconf 91' lang='lat' dir='ltr'>si</span> <span class='ocrx_word' id='word_1_308' title='bbox 594 2149 748 2170; x_wconf 84' lang='lat' dir='ltr'>neccesse</span> <span class='ocrx_word' id='word_1_309' title='bbox 772 2141 882 2175; x_wconf 75' lang='lat' dir='ltr'>fuerit,</span> <span class='ocrx_word' id='word_1_310' title='bbox 902 2141 942 2170; x_wconf 86' lang='lat' dir='ltr'>ad</span> <span class='ocrx_word' id='word_1_311' title='bbox 959 2141 1136 2179; x_wconf 74' lang='lat' dir='ltr'>pignoran-</span> 
     </span>
     <span class='ocr_line' id='line_1_40' title="bbox 168 2193 1136 2231; baseline 0.001 -9"><span class='ocrx_word' id='word_1_312' title='bbox 168 2193 245 2223; x_wconf 90' lang='lat' dir='ltr'>dum</span> <span class='ocrx_word' id='word_1_313' title='bbox 270 2193 378 2231; x_wconf 80' lang='lat' dir='ltr'>obligo</span> <span class='ocrx_word' id='word_1_314' title='bbox 401 2202 451 2222; x_wconf 89' lang='lat' dir='ltr'>me</span> <span class='ocrx_word' id='word_1_315' title='bbox 471 2202 529 2231; x_wconf 89' lang='lat' dir='ltr'>per</span> <span class='ocrx_word' id='word_1_316' title='bbox 549 2202 601 2222; x_wconf 91' lang='lat' dir='ltr'>me</span> <span class='ocrx_word' id='word_1_317' title='bbox 624 2193 731 2231; x_wconf 80' lang='lat' dir='ltr'>ipsam</span> <span class='ocrx_word' id='word_1_318' title='bbox 753 2193 979 2223; x_wconf 84' lang='lat' dir='ltr'>mediatricem</span> <span class='ocrx_word' id='word_1_319' title='bbox 998 2197 1029 2223; x_wconf 88' lang='lat' dir='ltr'>et</span> <span class='ocrx_word' id='word_1_320' title='bbox 1047 2202 1136 2223; x_wconf 89' lang='lat' dir='ltr'>meos</span> 
     </span>
     <span class='ocr_line' id='line_1_41' title="bbox 166 2245 1137 2285; baseline 0 -10"><span class='ocrx_word' id='word_1_321' title='bbox 166 2245 305 2276; x_wconf 90' lang='lat' dir='ltr'>heredes</span> <span class='ocrx_word' id='word_1_322' title='bbox 325 2246 385 2275; x_wconf 85' lang='lat' dir='ltr'>tibi</span> <span class='ocrx_word' id='word_1_323' title='bbox 406 2246 538 2285; x_wconf 86' lang='lat' dir='ltr'>tuisque</span> <span class='ocrx_word' id='word_1_324' title='bbox 555 2246 734 2276; x_wconf 81' lang='lat' dir='ltr'>heredibus</span> <span class='ocrx_word' id='word_1_325' title='bbox 752 2246 802 2276; x_wconf 91' lang='lat' dir='ltr'>vel</span> <span class='ocrx_word' id='word_1_326' title='bbox 821 2246 873 2276; x_wconf 89' lang='lat' dir='ltr'>cui</span> <span class='ocrx_word' id='word_1_327' title='bbox 896 2246 957 2276; x_wconf 86' lang='lat' dir='ltr'>hec</span> <span class='ocrx_word' id='word_1_328' title='bbox 975 2250 1065 2276; x_wconf 82' lang='lat' dir='ltr'>carta</span> <span class='ocrx_word' id='word_1_329' title='bbox 1080 2256 1137 2284; x_wconf 90' lang='lat' dir='ltr'>per</span> 
     </span>
     <span class='ocr_line' id='line_1_42' title="bbox 166 2298 1136 2337; baseline 0.001 -9"><span class='ocrx_word' id='word_1_330' title='bbox 166 2307 224 2329; x_wconf 88' lang='lat' dir='ltr'>vos</span> <span class='ocrx_word' id='word_1_331' title='bbox 241 2299 276 2328; x_wconf 91' lang='lat' dir='ltr'>in</span> <span class='ocrx_word' id='word_1_332' title='bbox 295 2308 395 2328; x_wconf 87' lang='lat' dir='ltr'>manu</span> <span class='ocrx_word' id='word_1_333' title='bbox 413 2299 577 2337; x_wconf 74' lang='lat' dir='ltr'>paruerit,</span> <span class='ocrx_word' id='word_1_334' title='bbox 604 2298 731 2328; x_wconf 85' lang='lat' dir='ltr'>scilicet</span> <span class='ocrx_word' id='word_1_335' title='bbox 750 2299 788 2329; x_wconf 87' lang='lat' dir='ltr'>de</span> <span class='ocrx_word' id='word_1_336' title='bbox 812 2299 911 2329; x_wconf 83' lang='lat' dir='ltr'>rehus</span> <span class='ocrx_word' id='word_1_337' title='bbox 932 2299 1014 2329; x_wconf 87' lang='lat' dir='ltr'>meis</span> <span class='ocrx_word' id='word_1_338' title='bbox 1034 2299 1136 2329; x_wconf 84' lang='lat' dir='ltr'>licitis</span> 
     </span>
     <span class='ocr_line' id='line_1_43' title="bbox 167 2351 1137 2390; baseline 0 -9"><span class='ocrx_word' id='word_1_339' title='bbox 167 2355 197 2382; x_wconf 86' lang='lat' dir='ltr'>et</span> <span class='ocrx_word' id='word_1_340' title='bbox 216 2351 344 2382; x_wconf 79' lang='lat' dir='ltr'>illicitis</span> <span class='ocrx_word' id='word_1_341' title='bbox 369 2360 474 2390; x_wconf 82' lang='lat' dir='ltr'>usque</span> <span class='ocrx_word' id='word_1_342' title='bbox 498 2351 538 2381; x_wconf 86' lang='lat' dir='ltr'>ad</span> <span class='ocrx_word' id='word_1_343' title='bbox 559 2351 677 2389; x_wconf 77' lang='lat' dir='ltr'>legem.</span> <span class='ocrx_word' id='word_1_344' title='bbox 696 2352 735 2381; x_wconf 88' lang='lat' dir='ltr'>Et</span> <span class='ocrx_word' id='word_1_345' title='bbox 753 2351 862 2381; x_wconf 82' lang='lat' dir='ltr'>taliter</span> <span class='ocrx_word' id='word_1_346' title='bbox 882 2360 941 2389; x_wconf 77' lang='lat' dir='ltr'>ego</span> <span class='ocrx_word' id='word_1_347' title='bbox 958 2360 1021 2390; x_wconf 87' lang='lat' dir='ltr'>que</span> <span class='ocrx_word' id='word_1_348' title='bbox 1038 2361 1137 2389; x_wconf 82' lang='lat' dir='ltr'>supra</span> 
     </span>
     <span class='ocr_line' id='line_1_44' title="bbox 166 2404 1138 2443; baseline -0.001 -9"><span class='ocrx_word' id='word_1_349' title='bbox 166 2405 299 2440; x_wconf 85' lang='lat' dir='ltr'>Sibilia,</span> <span class='ocrx_word' id='word_1_350' title='bbox 324 2405 438 2434; x_wconf 85' lang='lat' dir='ltr'>franca</span> <span class='ocrx_word' id='word_1_351' title='bbox 458 2408 488 2434; x_wconf 86' lang='lat' dir='ltr'>et</span> <span class='ocrx_word' id='word_1_352' title='bbox 508 2413 598 2434; x_wconf 87' lang='lat' dir='ltr'>more</span> <span class='ocrx_word' id='word_1_353' title='bbox 620 2405 822 2434; x_wconf 84' lang='lat' dir='ltr'>Francorum</span> <span class='ocrx_word' id='word_1_354' title='bbox 842 2405 974 2435; x_wconf 70' lang='lat' dir='ltr'>vivens,</span> <span class='ocrx_word' id='word_1_355' title='bbox 995 2404 1138 2443; x_wconf 86' lang='lat' dir='ltr'>qualiter</span> 
     </span>
     <span class='ocr_line' id='line_1_45' title="bbox 164 2456 1137 2495; baseline -0.002 -8"><span class='ocrx_word' id='word_1_356' title='bbox 164 2457 267 2487; x_wconf 89' lang='lat' dir='ltr'>michi</span> <span class='ocrx_word' id='word_1_357' title='bbox 281 2465 463 2495; x_wconf 79' lang='lat' dir='ltr'>congruum</span> <span class='ocrx_word' id='word_1_358' title='bbox 479 2457 552 2492; x_wconf 86' lang='lat' dir='ltr'>fuit,</span> <span class='ocrx_word' id='word_1_359' title='bbox 571 2457 657 2486; x_wconf 86' lang='lat' dir='ltr'>bona</span> <span class='ocrx_word' id='word_1_360' title='bbox 674 2466 746 2486; x_wconf 89' lang='lat' dir='ltr'>mea</span> <span class='ocrx_word' id='word_1_361' title='bbox 763 2456 931 2486; x_wconf 86' lang='lat' dir='ltr'>voluntate</span> <span class='ocrx_word' id='word_1_362' title='bbox 947 2456 1007 2485; x_wconf 85' lang='lat' dir='ltr'>hec</span> <span class='ocrx_word' id='word_1_363' title='bbox 1026 2457 1137 2486; x_wconf 85' lang='lat' dir='ltr'>onmia</span> 
     </span>
     <span class='ocr_line' id='line_1_46' title="bbox 166 2509 1136 2548; baseline -0.001 -9"><span class='ocrx_word' id='word_1_364' title='bbox 166 2509 390 2547; x_wconf 85' lang='lat' dir='ltr'>suprascripta</span> <span class='ocrx_word' id='word_1_365' title='bbox 410 2509 474 2539; x_wconf 81' lang='lat' dir='ltr'>feci</span> <span class='ocrx_word' id='word_1_366' title='bbox 495 2513 525 2538; x_wconf 90' lang='lat' dir='ltr'>et</span> <span class='ocrx_word' id='word_1_367' title='bbox 550 2512 579 2539; x_wconf 89' lang='lat' dir='ltr'>te</span> <span class='ocrx_word' id='word_1_368' title='bbox 596 2509 784 2539; x_wconf 59' lang='lat' dir='ltr'>¹Iohannem</span> <span class='ocrx_word' id='word_1_369' title='bbox 807 2509 989 2544; x_wconf 82' lang='lat' dir='ltr'>notarium,</span> <span class='ocrx_word' id='word_1_370' title='bbox 1012 2509 1068 2548; x_wconf 83' lang='lat' dir='ltr'>qui</span> <span class='ocrx_word' id='word_1_371' title='bbox 1085 2509 1136 2538; x_wconf 89' lang='lat' dir='ltr'>in-</span> 
     </span>
     <span class='ocr_line' id='line_1_47' title="bbox 166 2562 663 2600; baseline -0.006 -8"><span class='ocrx_word' id='word_1_372' title='bbox 166 2563 324 2598; x_wconf 85' lang='lat' dir='ltr'>terfuisti,</span> <span class='ocrx_word' id='word_1_373' title='bbox 343 2562 489 2592; x_wconf 87' lang='lat' dir='ltr'>scribere</span> <span class='ocrx_word' id='word_1_374' title='bbox 505 2562 630 2600; x_wconf 72' lang='lat' dir='ltr'>rogavi,</span> <span class='ocrx_word' id='word_1_375' title='bbox 651 2574 663 2588; x_wconf 83' lang='lat'>»</span> 
     </span>
    </p>

    <p class='ocr_par' dir='ltr' id='par_1_6' title="bbox 126 2614 1137 2915">
     <span class='ocr_line' id='line_1_48' title="bbox 166 2614 1134 2652; baseline -0.002 -7"><span class='ocrx_word' id='word_1_376' title='bbox 166 2615 258 2645; x_wconf 84' lang='lat' dir='ltr'>Nulli</span> <span class='ocrx_word' id='word_1_377' title='bbox 286 2619 347 2645; x_wconf 86' lang='lat' dir='ltr'>etc.</span> <span class='ocrx_word' id='word_1_378' title='bbox 374 2619 485 2644; x_wconf 87' lang='lat' dir='ltr'>nostre</span> <span class='ocrx_word' id='word_1_379' title='bbox 513 2615 773 2644; x_wconf 69' lang='lat' dir='ltr'>confirmationis</span> <span class='ocrx_word' id='word_1_380' title='bbox 803 2619 861 2644; x_wconf 89' lang='lat' dir='ltr'>etc.</span> <span class='ocrx_word' id='word_1_381' title='bbox 890 2615 963 2644; x_wconf 87' lang='lat' dir='ltr'>Dat.</span> <span class='ocrx_word' id='word_1_382' title='bbox 985 2614 1134 2652; x_wconf 87' lang='lat' dir='ltr'>Neapoli,</span> 
     </span>
     <span class='ocr_line' id='line_1_49' title="bbox 126 2666 1134 2706; baseline -0.001 -9"><span class='ocrx_word' id='word_1_383' title='bbox 126 2676 184 2706; x_wconf 87' lang='lat' dir='ltr'>per</span> <span class='ocrx_word' id='word_1_384' title='bbox 206 2676 342 2697; x_wconf 84' lang='lat' dir='ltr'>manum</span> <span class='ocrx_word' id='word_1_385' title='bbox 370 2666 542 2697; x_wconf 88' lang='lat' dir='ltr'>Guillelmi</span> <span class='ocrx_word' id='word_1_386' title='bbox 566 2667 717 2704; x_wconf 74' lang='lat' dir='ltr'>magistri</span> <span class='ocrx_word' id='word_1_387' title='bbox 743 2667 907 2697; x_wconf 86' lang='lat' dir='ltr'>scolarum</span> <span class='ocrx_word' id='word_1_388' title='bbox 933 2667 1134 2701; x_wconf 83' lang='lat' dir='ltr'>Parmensis,</span> 
     </span>
     <span class='ocr_line' id='line_1_50' title="bbox 128 2719 1137 2758; baseline -0.002 -8"><span class='ocrx_word' id='word_1_389' title='bbox 128 2724 239 2750; x_wconf 85' lang='lat' dir='ltr'>sancte</span> <span class='ocrx_word' id='word_1_390' title='bbox 261 2721 409 2750; x_wconf 83' lang='lat' dir='ltr'>Romane</span> <span class='ocrx_word' id='word_1_391' title='bbox 423 2719 569 2749; x_wconf 87' lang='lat' dir='ltr'>Ecclesie</span> <span class='ocrx_word' id='word_1_392' title='bbox 588 2719 864 2755; x_wconf 71' lang='lat' dir='ltr'>vicecancellarii,</span> <span class='ocrx_word' id='word_1_393' title='bbox 884 2720 933 2749; x_wconf 92' lang='lat' dir='ltr'>III</span> <span class='ocrx_word' id='word_1_394' title='bbox 954 2720 1028 2749; x_wconf 85' lang='lat' dir='ltr'>idus</span> <span class='ocrx_word' id='word_1_395' title='bbox 1050 2720 1137 2758; x_wconf 86' lang='lat' dir='ltr'>apri-</span> 
     </span>
     <span class='ocr_line' id='line_1_51' title="bbox 128 2771 1137 2808; baseline -0.001 -7"><span class='ocrx_word' id='word_1_396' title='bbox 128 2771 190 2808; x_wconf 87' lang='lat' dir='ltr'>lis,</span> <span class='ocrx_word' id='word_1_397' title='bbox 225 2772 406 2802; x_wconf 86' lang='lat' dir='ltr'>indictione</span> <span class='ocrx_word' id='word_1_398' title='bbox 438 2772 547 2806; x_wconf 71' lang='lat' dir='ltr'>xilla,</span> <span class='ocrx_word' id='word_1_399' title='bbox 578 2772 824 2802; x_wconf 84' lang='lat' dir='ltr'>Incarnationis</span> <span class='ocrx_word' id='word_1_400' title='bbox 856 2772 1020 2802; x_wconf 87' lang='lat' dir='ltr'>dominice</span> <span class='ocrx_word' id='word_1_401' title='bbox 1051 2781 1137 2801; x_wconf 87' lang='lat' dir='ltr'>anno</span> 
     </span>
     <span class='ocr_line' id='line_1_52' title="bbox 129 2824 1135 2863; baseline -0.001 -8"><span class='ocrx_word' id='word_1_402' title='bbox 129 2825 322 2860; x_wconf 80' lang='lat' dir='ltr'>M⁰CC⁰LV⁰,</span> <span class='ocrx_word' id='word_1_403' title='bbox 336 2824 547 2863; x_wconf 75' lang='lat' dir='ltr'>pontificatus</span> <span class='ocrx_word' id='word_1_404' title='bbox 556 2833 632 2854; x_wconf 89' lang='lat' dir='ltr'>vero</span> <span class='ocrx_word' id='word_1_405' title='bbox 642 2824 767 2854; x_wconf 88' lang='lat' dir='ltr'>domini</span> <span class='ocrx_word' id='word_1_406' title='bbox 776 2824 956 2855; x_wconf 81' lang='lat' dir='ltr'>Alexandri</span> <span class='ocrx_word' id='word_1_407' title='bbox 964 2833 1046 2863; x_wconf 88' lang='lat' dir='ltr'>pape</span> <span class='ocrx_word' id='word_1_408' title='bbox 1056 2824 1135 2859; x_wconf 89' lang='lat' dir='ltr'>IIII,</span> 
     </span>
     <span class='ocr_line' id='line_1_53' title="bbox 131 2877 383 2915; baseline -0.012 -8"><span class='ocrx_word' id='word_1_409' title='bbox 131 2885 216 2907; x_wconf 89' lang='lat' dir='ltr'>anno</span> <span class='ocrx_word' id='word_1_410' title='bbox 232 2877 348 2915; x_wconf 86' lang='lat' dir='ltr'>primo.</span> <span class='ocrx_word' id='word_1_411' title='bbox 370 2889 383 2903; x_wconf 85' lang='lat'>»</span> 
     </span>
    </p>
   </div>
   <div class='ocr_carea' id='block_1_6' title="bbox 127 1836 143 2484">
    <p class='ocr_par' dir='ltr' id='par_1_7' title="bbox 127 1836 143 2484">
     <span class='ocr_line' id='line_1_54' title="bbox 127 1836 143 2484; textangle 90"><span class='ocrx_word' id='word_1_412' title='bbox 128 2469 141 2484; x_wconf 59' lang='grc' dir='ltr'>ὃ</span> <span class='ocrx_word' id='word_1_413' title='bbox 129 2417 142 2432; x_wconf 57' lang='grc' dir='ltr'>δ</span> <span class='ocrx_word' id='word_1_414' title='bbox 129 2364 141 2378; x_wconf 61' lang='lat'><em>3</em></span> <span class='ocrx_word' id='word_1_415' title='bbox 129 2310 142 2326; x_wconf 59' lang='grc' dir='ltr'>ὅ</span> <span class='ocrx_word' id='word_1_416' title='bbox 129 2257 142 2273; x_wconf 63' lang='grc' dir='ltr'><strong>δ</strong></span> <span class='ocrx_word' id='word_1_417' title='bbox 131 2205 143 2219; x_wconf 64' lang='grc' dir='ltr'><em>ῧ</em></span> <span class='ocrx_word' id='word_1_418' title='bbox 130 2152 143 2166; x_wconf 62' lang='lat'>:³</span> <span class='ocrx_word' id='word_1_419' title='bbox 129 2099 143 2114; x_wconf 57' lang='grc'>5</span> <span class='ocrx_word' id='word_1_420' title='bbox 129 2047 142 2062; x_wconf 61' lang='grc' dir='ltr'>δ</span> <span class='ocrx_word' id='word_1_421' title='bbox 129 1994 141 2009; x_wconf 77' lang='lat'>:5</span> <span class='ocrx_word' id='word_1_422' title='bbox 127 1941 141 1956; x_wconf 49' lang='grc' dir='ltr'>ὅ</span> <span class='ocrx_word' id='word_1_423' title='bbox 128 1889 140 1904; x_wconf 66' lang='lat'>:5</span> <span class='ocrx_word' id='word_1_424' title='bbox 127 1836 139 1851; x_wconf 63' lang='lat'><em>3</em></span> 
     </span>
    </p>
   </div>
   <div class='ocr_carea' id='block_1_7' title="bbox 128 2522 141 2536">
    <p class='ocr_par' dir='ltr' id='par_1_8' title="bbox 128 2522 141 2536">
     <span class='ocr_line' id='line_1_55' title="bbox 128 2522 141 2536; textangle 90"><span class='ocrx_word' id='word_1_425' title='bbox 128 2522 141 2536; x_wconf 60' lang='grc' dir='ltr'>ἕ</span> 
     </span>
    </p>
   </div>
   <div class='ocr_carea' id='block_1_8' title="bbox 1286 300 1378 328">
    <p class='ocr_par' dir='ltr' id='par_1_9' title="bbox 1286 300 1378 328">
     <span class='ocr_line' id='line_1_56' title="bbox 1286 300 1378 328; baseline 0.022 -2"><span class='ocrx_word' id='word_1_426' title='bbox 1286 300 1378 328; x_wconf 78' lang='lat'>314</span> 
     </span>
    </p>
   </div>
   <div class='ocr_carea' id='block_1_9' title="bbox 1217 360 2217 446">
    <p class='ocr_par' dir='ltr' id='par_1_10' title="bbox 1217 360 2217 446">
     <span class='ocr_line' id='line_1_57' title="bbox 1254 360 2217 398; baseline 0.007 -12"><span class='ocrx_word' id='word_1_427' title='bbox 1254 360 1390 394; x_wconf 85' lang='lat' dir='ltr'>Magistro</span> <span class='ocrx_word' id='word_1_428' title='bbox 1406 361 1550 388; x_wconf 75' lang='lat' dir='ltr'>Bet-nardo</span> <span class='ocrx_word' id='word_1_429' title='bbox 1567 363 1670 397; x_wconf 85' lang='lat' dir='ltr'>Ispano</span> <span class='ocrx_word' id='word_1_430' title='bbox 1682 385 1688 397; x_wconf 79' lang='lat'>,</span> <span class='ocrx_word' id='word_1_431' title='bbox 1704 364 1848 398; x_wconf 85' lang='lat' dir='ltr'>capellano</span> <span class='ocrx_word' id='word_1_432' title='bbox 1863 373 1916 390; x_wconf 77' lang='lat' dir='ltr'>suo</span> <span class='ocrx_word' id='word_1_433' title='bbox 1927 387 1933 398; x_wconf 76' lang='grc'>,</span> <span class='ocrx_word' id='word_1_434' title='bbox 1949 365 2117 392; x_wconf 81' lang='lat' dir='ltr'>decanatum</span> <span class='ocrx_word' id='word_1_435' title='bbox 2134 366 2217 393; x_wconf 88' lang='lat' dir='ltr'>Ulix-</span> 
     </span>
     <span class='ocr_line' id='line_1_58' title="bbox 1217 408 2217 446; baseline 0.007 -12"><span class='ocrx_word' id='word_1_436' title='bbox 1217 408 1388 439; x_wconf 83' lang='lat' dir='ltr'>boneusem,</span> <span class='ocrx_word' id='word_1_437' title='bbox 1406 410 1668 437; x_wconf 86' lang='lat' dir='ltr'>archidiaconatum</span> <span class='ocrx_word' id='word_1_438' title='bbox 1686 411 1891 445; x_wconf 81' lang='lat' dir='ltr'>Legionenseiu</span> <span class='ocrx_word' id='word_1_439' title='bbox 1909 416 1936 438; x_wconf 87' lang='lat' dir='ltr'>et</span> <span class='ocrx_word' id='word_1_440' title='bbox 1952 414 2092 446; x_wconf 76' lang='lat' dir='ltr'>quoddam</span> <span class='ocrx_word' id='word_1_441' title='bbox 2110 415 2217 441; x_wconf 81' lang='lat' dir='ltr'>benefl-</span> 
     </span>
    </p>
   </div>
   <div class='ocr_carea' id='block_1_10' title="bbox 1794 302 2145 337">
    <p class='ocr_par' dir='ltr' id='par_1_11' title="bbox 1794 302 2145 337">
     <span class='ocr_line' id='line_1_59' title="bbox 1794 302 2145 337; baseline 0.011 -9"><span class='ocrx_word' id='word_1_442' title='bbox 1794 302 1909 337; x_wconf 82' lang='lat' dir='ltr'>Naples,</span> <span class='ocrx_word' id='word_1_443' title='bbox 1926 303 1956 330; x_wconf 90' lang='grc'>31</span> <span class='ocrx_word' id='word_1_444' title='bbox 1975 312 2050 330; x_wconf 85' lang='lat' dir='ltr'>mars</span> <span class='ocrx_word' id='word_1_445' title='bbox 2068 305 2145 332; x_wconf 67' lang='lat'>1255.</span> 
     </span>
    </p>
   </div>
   <div class='ocr_carea' id='block_1_11' title="bbox 1217 458 2217 879">
    <p class='ocr_par' dir='ltr' id='par_1_12' title="bbox 1217 458 2217 879">
     <span class='ocr_line' id='line_1_60' title="bbox 1217 458 2216 495; baseline 0.007 -11"><span class='ocrx_word' id='word_1_446' title='bbox 1217 458 1292 484; x_wconf 86' lang='lat' dir='ltr'>cium</span> <span class='ocrx_word' id='word_1_447' title='bbox 1316 459 1343 484; x_wconf 89' lang='lat' dir='ltr'>in</span> <span class='ocrx_word' id='word_1_448' title='bbox 1370 458 1597 493; x_wconf 83' lang='lat' dir='ltr'>Compostellana</span> <span class='ocrx_word' id='word_1_449' title='bbox 1622 461 1743 487; x_wconf 84' lang='lat' dir='ltr'>ecclesia</span> <span class='ocrx_word' id='word_1_450' title='bbox 1762 461 1796 487; x_wconf 89' lang='lat' dir='ltr'>de</span> <span class='ocrx_word' id='word_1_451' title='bbox 1819 462 2032 495; x_wconf 73' lang='lat' dir='ltr'>dispensatione</span> <span class='ocrx_word' id='word_1_452' title='bbox 2057 464 2216 491; x_wconf 83' lang='lat' dir='ltr'>Innocentii</span> 
     </span>
     <span class='ocr_line' id='line_1_61' title="bbox 1218 507 2217 545; baseline 0.008 -14"><span class='ocrx_word' id='word_1_453' title='bbox 1218 515 1306 540; x_wconf 82' lang='lat' dir='ltr'>papae</span> <span class='ocrx_word' id='word_1_454' title='bbox 1331 507 1371 532; x_wconf 95' lang='lat' dir='ltr'>IV</span> <span class='ocrx_word' id='word_1_455' title='bbox 1393 508 1546 537; x_wconf 83' lang='lat' dir='ltr'>obtinenti,</span> <span class='ocrx_word' id='word_1_456' title='bbox 1568 508 1729 542; x_wconf 83' lang='lat' dir='ltr'>dispensat.</span> <span class='ocrx_word' id='word_1_457' title='bbox 1753 514 1783 535; x_wconf 89' lang='lat' dir='ltr'>ut</span> <span class='ocrx_word' id='word_1_458' title='bbox 1807 518 1871 535; x_wconf 86' lang='lat' dir='ltr'>cum</span> <span class='ocrx_word' id='word_1_459' title='bbox 1896 511 2041 537; x_wconf 76' lang='lat' dir='ltr'>beneficiis</span> <span class='ocrx_word' id='word_1_460' title='bbox 2065 512 2217 545; x_wconf 83' lang='lat' dir='ltr'>praedictis</span> 
     </span>
     <span class='ocr_line' id='line_1_62' title="bbox 1219 555 2216 589; baseline 0.008 -10"><span class='ocrx_word' id='word_1_461' title='bbox 1219 555 1394 588; x_wconf 76' lang='lat' dir='ltr'>praebendas</span> <span class='ocrx_word' id='word_1_462' title='bbox 1413 555 1440 581; x_wconf 89' lang='lat' dir='ltr'>in</span> <span class='ocrx_word' id='word_1_463' title='bbox 1457 555 1630 589; x_wconf 76' lang='lat' dir='ltr'>quotidianis</span> <span class='ocrx_word' id='word_1_464' title='bbox 1649 561 1741 582; x_wconf 85' lang='lat' dir='ltr'>tamen</span> <span class='ocrx_word' id='word_1_465' title='bbox 1758 557 2009 584; x_wconf 81' lang='lat' dir='ltr'>distributionibus</span> <span class='ocrx_word' id='word_1_466' title='bbox 2024 561 2216 587; x_wconf 71' lang='lat' dir='ltr'>consistentes</span> 
     </span>
     <span class='ocr_line' id='line_1_63' title="bbox 1218 602 2217 640; baseline 0.008 -14"><span class='ocrx_word' id='word_1_467' title='bbox 1218 605 1245 626; x_wconf 86' lang='lat' dir='ltr'>et</span> <span class='ocrx_word' id='word_1_468' title='bbox 1260 602 1397 635; x_wconf 84' lang='lat' dir='ltr'>quaedam</span> <span class='ocrx_word' id='word_1_469' title='bbox 1414 603 1466 628; x_wconf 79' lang='lat' dir='ltr'>alia</span> <span class='ocrx_word' id='word_1_470' title='bbox 1483 604 1619 629; x_wconf 81' lang='lat' dir='ltr'>beneficia</span> <span class='ocrx_word' id='word_1_471' title='bbox 1639 605 1832 630; x_wconf 78' lang='lat' dir='ltr'>ecclesiastica</span> <span class='ocrx_word' id='word_1_472' title='bbox 1856 606 1918 631; x_wconf 88' lang='lat' dir='ltr'>siue</span> <span class='ocrx_word' id='word_1_473' title='bbox 1941 614 2007 631; x_wconf 76' lang='lat' dir='ltr'>cura</span> <span class='ocrx_word' id='word_1_474' title='bbox 2025 609 2150 640; x_wconf 75' lang='lat' dir='ltr'>recipere</span> <span class='ocrx_word' id='word_1_475' title='bbox 2167 617 2217 634; x_wconf 85' lang='lat' dir='ltr'>va-</span> 
     </span>
     <span class='ocr_line' id='line_1_64' title="bbox 1219 650 2217 689; baseline 0.007 -14"><span class='ocrx_word' id='word_1_476' title='bbox 1219 650 1272 675; x_wconf 84' lang='lat' dir='ltr'>leat</span> <span class='ocrx_word' id='word_1_477' title='bbox 1289 661 1293 675; x_wconf 87' lang='lat'>:</span> <span class='ocrx_word' id='word_1_478' title='bbox 1310 651 1429 684; x_wconf 77' lang='lat' dir='ltr'>insuper</span> <span class='ocrx_word' id='word_1_479' title='bbox 1444 652 1584 680; x_wconf 79' lang='lat' dir='ltr'>concedit.</span> <span class='ocrx_word' id='word_1_480' title='bbox 1604 656 1634 678; x_wconf 90' lang='lat' dir='ltr'>ut</span> <span class='ocrx_word' id='word_1_481' title='bbox 1650 661 1736 686; x_wconf 78' lang='lat' dir='ltr'>papae</span> <span class='ocrx_word' id='word_1_482' title='bbox 1750 653 1791 678; x_wconf 83' lang='lat' dir='ltr'>vel</span> <span class='ocrx_word' id='word_1_483' title='bbox 1806 653 1881 683; x_wconf 56' lang='lat' dir='ltr'>regis</span> <span class='ocrx_word' id='word_1_484' title='bbox 1892 653 2029 679; x_wconf 65' lang='lat' dir='ltr'>Castellae</span> <span class='ocrx_word' id='word_1_485' title='bbox 2042 659 2069 680; x_wconf 79' lang='lat' dir='ltr'>et</span> <span class='ocrx_word' id='word_1_486' title='bbox 2082 655 2217 689; x_wconf 81' lang='lat' dir='ltr'>Legionis</span> 
     </span>
     <span class='ocr_line' id='line_1_65' title="bbox 1218 698 2217 734; baseline 0.007 -12"><span class='ocrx_word' id='word_1_487' title='bbox 1218 698 1356 724; x_wconf 80' lang='lat' dir='ltr'>insistens</span> <span class='ocrx_word' id='word_1_488' title='bbox 1377 699 1540 733; x_wconf 75' lang='lat' dir='ltr'>obsequiis,</span> <span class='ocrx_word' id='word_1_489' title='bbox 1565 704 1614 725; x_wconf 84' lang='lat' dir='ltr'>aut</span> <span class='ocrx_word' id='word_1_490' title='bbox 1636 700 1663 725; x_wconf 89' lang='lat' dir='ltr'>in</span> <span class='ocrx_word' id='word_1_491' title='bbox 1687 701 1781 734; x_wconf 85' lang='lat' dir='ltr'>aliqua</span> <span class='ocrx_word' id='word_1_492' title='bbox 1801 701 1986 727; x_wconf 81' lang='lat' dir='ltr'>ecelesiarum</span> <span class='ocrx_word' id='word_1_493' title='bbox 2011 711 2126 728; x_wconf 83' lang='lat' dir='ltr'>suarum</span> <span class='ocrx_word' id='word_1_494' title='bbox 2146 704 2217 729; x_wconf 89' lang='lat' dir='ltr'>resi-</span> 
     </span>
     <span class='ocr_line' id='line_1_66' title="bbox 1217 746 2217 784; baseline 0.006 -13"><span class='ocrx_word' id='word_1_495' title='bbox 1217 746 1298 779; x_wconf 79' lang='lat' dir='ltr'>dens,</span> <span class='ocrx_word' id='word_1_496' title='bbox 1317 751 1365 772; x_wconf 83' lang='lat' dir='ltr'>aut</span> <span class='ocrx_word' id='word_1_497' title='bbox 1382 747 1542 773; x_wconf 83' lang='lat' dir='ltr'>studiorum</span> <span class='ocrx_word' id='word_1_498' title='bbox 1555 756 1605 773; x_wconf 85' lang='lat' dir='ltr'>seu</span> <span class='ocrx_word' id='word_1_499' title='bbox 1619 749 1856 782; x_wconf 81' lang='lat' dir='ltr'>peregrinationis</span> <span class='ocrx_word' id='word_1_500' title='bbox 1868 757 1954 775; x_wconf 77' lang='lat' dir='ltr'>causa</span> <span class='ocrx_word' id='word_1_501' title='bbox 1970 751 2084 780; x_wconf 77' lang='lat' dir='ltr'>absenS,</span> <span class='ocrx_word' id='word_1_502' title='bbox 2098 760 2217 784; x_wconf 79' lang='lat' dir='ltr'>proven—</span> 
     </span>
     <span class='ocr_line' id='line_1_67' title="bbox 1218 794 2215 831; baseline 0.006 -12"><span class='ocrx_word' id='word_1_503' title='bbox 1218 797 1265 820; x_wconf 83' lang='lat' dir='ltr'>tus</span> <span class='ocrx_word' id='word_1_504' title='bbox 1290 794 1493 821; x_wconf 82' lang='lat' dir='ltr'>beneficiorum</span> <span class='ocrx_word' id='word_1_505' title='bbox 1515 804 1580 821; x_wconf 83' lang='lat' dir='ltr'>curn</span> <span class='ocrx_word' id='word_1_506' title='bbox 1603 796 1764 829; x_wconf 85' lang='lat' dir='ltr'>integritate</span> <span class='ocrx_word' id='word_1_507' title='bbox 1789 799 1933 831; x_wconf 78' lang='lat' dir='ltr'>percipere</span> <span class='ocrx_word' id='word_1_508' title='bbox 1952 799 2215 831; x_wconf 64' lang='lat' dir='ltr'>valeat.(1&lt;ffl.‘24‚</span> 
     </span>
     <span class='ocr_line' id='line_1_68' title="bbox 1217 845 1430 879; baseline 0 -9"><span class='ocrx_word' id='word_1_509' title='bbox 1217 852 1241 870; x_wconf 87' lang='lat' dir='ltr'>e.</span> <span class='ocrx_word' id='word_1_510' title='bbox 1260 845 1321 875; x_wconf 57' lang='lat'>⁵268,</span> <span class='ocrx_word' id='word_1_511' title='bbox 1339 846 1358 872; x_wconf 85' lang='lat' dir='ltr'>f.</span> <span class='ocrx_word' id='word_1_512' title='bbox 1376 846 1430 879; x_wconf 75' lang='lat'>35.)</span> 
     </span>
    </p>
   </div>
   <div class='ocr_carea' id='block_1_12' title="bbox 1216 947 2218 1089">
    <p class='ocr_par' dir='ltr' id='par_1_13' title="bbox 1216 947 2218 1089">
     <span class='ocr_line' id='line_1_69' title="bbox 1259 947 2217 986; baseline 0.005 -13"><span class='ocrx_word' id='word_1_513' title='bbox 1259 957 1272 971; x_wconf 79' lang='lat'>«</span> <span class='ocrx_word' id='word_1_514' title='bbox 1290 947 1433 982; x_wconf 34' lang='lat' dir='ltr'>illa-(listro</span> <span class='ocrx_word' id='word_1_515' title='bbox 1449 947 1602 975; x_wconf 66' lang='lat' dir='ltr'>&amp;ernardo</span> <span class='ocrx_word' id='word_1_516' title='bbox 1618 947 1744 983; x_wconf 74' lang='lat' dir='ltr'>Ispano,</span> <span class='ocrx_word' id='word_1_517' title='bbox 1763 947 1872 976; x_wconf 76' lang='lat' dir='ltr'>decano</span> <span class='ocrx_word' id='word_1_518' title='bbox 1894 949 2100 984; x_wconf 49' lang='lat' dir='ltr'>(sufflammat,</span> <span class='ocrx_word' id='word_1_519' title='bbox 2120 950 2217 986; x_wconf 74' lang='lat' dir='ltr'>capel-</span> 
     </span>
     <span class='ocr_line' id='line_1_70' title="bbox 1217 997 2218 1037; baseline 0.004 -11"><span class='ocrx_word' id='word_1_520' title='bbox 1217 999 1288 1026; x_wconf 77' lang='lat' dir='ltr'>lam&gt;</span> <span class='ocrx_word' id='word_1_521' title='bbox 1305 1003 1415 1027; x_wconf 77' lang='lat' dir='ltr'>nostro.</span> <span class='ocrx_word' id='word_1_522' title='bbox 1434 997 1512 1027; x_wconf 84' lang='lat' dir='ltr'>Illos</span> <span class='ocrx_word' id='word_1_523' title='bbox 1529 1007 1593 1027; x_wconf 93' lang='lat' dir='ltr'>non</span> <span class='ocrx_word' id='word_1_524' title='bbox 1610 998 1774 1028; x_wconf 86' lang='lat' dir='ltr'>immerito</span> <span class='ocrx_word' id='word_1_525' title='bbox 1788 1016 1834 1027; x_wconf 77' lang='lat'>—.</span> <span class='ocrx_word' id='word_1_526' title='bbox 1854 1001 1926 1028; x_wconf 68' lang='lat' dir='ltr'>Dat,</span> <span class='ocrx_word' id='word_1_527' title='bbox 1944 1000 2097 1037; x_wconf 71' lang='lat' dir='ltr'>Neapoli,</span> <span class='ocrx_word' id='word_1_528' title='bbox 2114 1002 2145 1030; x_wconf 89' lang='lat' dir='ltr'>ll</span> <span class='ocrx_word' id='word_1_529' title='bbox 2161 1001 2218 1030; x_wconf 80' lang='lat' dir='ltr'>ka—</span> 
     </span>
     <span class='ocr_line' id='line_1_71' title="bbox 1216 1050 1743 1089; baseline 0.004 -11"><span class='ocrx_word' id='word_1_530' title='bbox 1216 1050 1330 1080; x_wconf 78' lang='lat' dir='ltr'>lendas</span> <span class='ocrx_word' id='word_1_531' title='bbox 1348 1050 1472 1088; x_wconf 75' lang='lat' dir='ltr'>aprilis,</span> <span class='ocrx_word' id='word_1_532' title='bbox 1495 1060 1580 1080; x_wconf 88' lang='lat' dir='ltr'>anno</span> <span class='ocrx_word' id='word_1_533' title='bbox 1594 1051 1710 1089; x_wconf 85' lang='lat' dir='ltr'>primo.</span> <span class='ocrx_word' id='word_1_534' title='bbox 1731 1064 1743 1077; x_wconf 75' lang='grc' dir='ltr'>ιι</span> 
     </span>
    </p>
   </div>
   <div class='ocr_carea' id='block_1_13' title="bbox 1288 1229 1376 1256">
    <p class='ocr_par' dir='ltr' id='par_1_14' title="bbox 1288 1229 1376 1256">
     <span class='ocr_line' id='line_1_72' title="bbox 1288 1229 1376 1256; baseline -0.011 0"><span class='ocrx_word' id='word_1_535' title='bbox 1288 1229 1376 1256; x_wconf 79' lang='grc'><strong>315</strong></span> 
     </span>
    </p>
   </div>
   <div class='ocr_carea' id='block_1_14' title="bbox 1252 1290 2216 1324">
    <p class='ocr_par' dir='ltr' id='par_1_15' title="bbox 1252 1290 2216 1324">
     <span class='ocr_line' id='line_1_73' title="bbox 1252 1290 2216 1324; baseline 0.002 -8"><span class='ocrx_word' id='word_1_536' title='bbox 1252 1290 1396 1324; x_wconf 80' lang='lat' dir='ltr'>Episcopo</span> <span class='ocrx_word' id='word_1_537' title='bbox 1421 1290 1614 1316; x_wconf 77' lang='lat' dir='ltr'>Salamantino</span> <span class='ocrx_word' id='word_1_538' title='bbox 1640 1291 1768 1324; x_wconf 62' lang='lat' dir='ltr'>mandat,</span> <span class='ocrx_word' id='word_1_539' title='bbox 1799 1294 1827 1316; x_wconf 81' lang='lat' dir='ltr'>ut</span> <span class='ocrx_word' id='word_1_540' title='bbox 1854 1291 1944 1316; x_wconf 75' lang='lat' dir='ltr'>eidem</span> <span class='ocrx_word' id='word_1_541' title='bbox 1968 1292 2110 1324; x_wconf 69' lang='lat' dir='ltr'>capellano</span> <span class='ocrx_word' id='word_1_542' title='bbox 2136 1292 2216 1318; x_wconf 60' lang='lat' dir='ltr'>sucht</span> 
     </span>
    </p>
   </div>
   <div class='ocr_carea' id='block_1_15' title="bbox 1217 1225 2168 1374">
    <p class='ocr_par' dir='ltr' id='par_1_16' title="bbox 1217 1225 2168 1374">
     <span class='ocr_line' id='line_1_74' title="bbox 1794 1225 2147 1263; baseline 0.008 -9"><span class='ocrx_word' id='word_1_543' title='bbox 1794 1229 1914 1263; x_wconf 75' lang='lat' dir='ltr'>Naples,</span> <span class='ocrx_word' id='word_1_544' title='bbox 1935 1230 1970 1255; x_wconf 65' lang='lat' dir='ltr'>1‘2r</span> <span class='ocrx_word' id='word_1_545' title='bbox 1984 1231 2052 1256; x_wconf 80' lang='lat' dir='ltr'>avril</span> <span class='ocrx_word' id='word_1_546' title='bbox 2073 1225 2147 1258; x_wconf 67' lang='lat'>1‘355&#39;.</span> 
     </span>
     <span class='ocr_line' id='line_1_75' title="bbox 1217 1340 2168 1374; baseline 0.001 -9"><span class='ocrx_word' id='word_1_547' title='bbox 1217 1343 1373 1374; x_wconf 87' lang='lat' dir='ltr'>proventus</span> <span class='ocrx_word' id='word_1_548' title='bbox 1390 1340 1593 1366; x_wconf 84' lang='lat' dir='ltr'>beneficiorum</span> <span class='ocrx_word' id='word_1_549' title='bbox 1609 1340 1775 1367; x_wconf 82' lang='lat' dir='ltr'>ministrari.</span> <span class='ocrx_word' id='word_1_550' title='bbox 1792 1340 1874 1373; x_wconf 68' lang='lat' dir='ltr'>(nm.</span> <span class='ocrx_word' id='word_1_551' title='bbox 1888 1340 1932 1374; x_wconf 62' lang='grc' dir='ltr'>Ἣ,</span> <span class='ocrx_word' id='word_1_552' title='bbox 1948 1349 1972 1365; x_wconf 85' lang='lat' dir='ltr'>e.</span> <span class='ocrx_word' id='word_1_553' title='bbox 1990 1342 2062 1368; x_wconf 47' lang='lat' dir='ltr'>*JGSQ</span> <span class='ocrx_word' id='word_1_554' title='bbox 2079 1342 2096 1366; x_wconf 83' lang='lat' dir='ltr'>s.</span> <span class='ocrx_word' id='word_1_555' title='bbox 2114 1342 2168 1373; x_wconf 65' lang='lat'>35.)</span> 
     </span>
    </p>
   </div>
   <div class='ocr_carea' id='block_1_16' title="bbox 1216 1440 2216 1532">
    <p class='ocr_par' dir='ltr' id='par_1_17' title="bbox 1216 1440 2216 1532">
     <span class='ocr_line' id='line_1_76' title="bbox 1259 1440 2216 1479; baseline 0.001 -9"><span class='ocrx_word' id='word_1_556' title='bbox 1259 1454 1271 1467; x_wconf 67' lang='grc' dir='ltr'>κ</span> <span class='ocrx_word' id='word_1_557' title='bbox 1288 1465 1321 1476; x_wconf 83' lang='grc'>..,</span> <span class='ocrx_word' id='word_1_558' title='bbox 1335 1443 1467 1479; x_wconf 79' lang='lat' dir='ltr'>episcopo</span> <span class='ocrx_word' id='word_1_559' title='bbox 1483 1442 1707 1471; x_wconf 76' lang='lat' dir='ltr'>Salamamino.</span> <span class='ocrx_word' id='word_1_560' title='bbox 1726 1440 1803 1470; x_wconf 88' lang='lat' dir='ltr'>Illos</span> <span class='ocrx_word' id='word_1_561' title='bbox 1818 1444 1878 1470; x_wconf 86' lang='lat' dir='ltr'>etc.</span> <span class='ocrx_word' id='word_1_562' title='bbox 1892 1450 1997 1479; x_wconf 81' lang='lat' dir='ltr'>usque.</span> <span class='ocrx_word' id='word_1_563' title='bbox 2011 1451 2016 1469; x_wconf 73' lang='grc' dir='ltr'><strong><em>τ</em></strong></span> <span class='ocrx_word' id='word_1_564' title='bbox 2032 1441 2216 1479; x_wconf 76' lang='lat' dir='ltr'>negligatur</span> 
     </span>
     <span class='ocr_line' id='line_1_77' title="bbox 1216 1493 2098 1532; baseline -0.001 -9"><span class='ocrx_word' id='word_1_565' title='bbox 1216 1511 1264 1521; x_wconf 93' lang='lat'>—.</span> <span class='ocrx_word' id='word_1_566' title='bbox 1283 1495 1355 1523; x_wconf 85' lang='lat' dir='ltr'>Dat.</span> <span class='ocrx_word' id='word_1_567' title='bbox 1373 1493 1522 1532; x_wconf 86' lang='lat' dir='ltr'>Neapoli,</span> <span class='ocrx_word' id='word_1_568' title='bbox 1539 1493 1690 1523; x_wconf 81' lang='lat' dir='ltr'>kalendis</span> <span class='ocrx_word' id='word_1_569' title='bbox 1707 1493 1832 1531; x_wconf 76' lang='lat' dir='ltr'>aprilis,</span> <span class='ocrx_word' id='word_1_570' title='bbox 1850 1502 1935 1522; x_wconf 90' lang='lat' dir='ltr'>anno</span> <span class='ocrx_word' id='word_1_571' title='bbox 1951 1494 2066 1531; x_wconf 88' lang='lat' dir='ltr'>primo.</span> <span class='ocrx_word' id='word_1_572' title='bbox 2087 1506 2098 1519; x_wconf 83' lang='grc' dir='ltr'>ιι</span> 
     </span>
    </p>
   </div>
   <div class='ocr_carea' id='block_1_17' title="bbox 1287 1671 1373 1699">
    <p class='ocr_par' dir='ltr' id='par_1_18' title="bbox 1287 1671 1373 1699">
     <span class='ocr_line' id='line_1_78' title="bbox 1287 1671 1373 1699; baseline 0 0"><span class='ocrx_word' id='word_1_573' title='bbox 1287 1671 1373 1699; x_wconf 77' lang='grc'><strong>316</strong></span> 
     </span>
    </p>
   </div>
   <div class='ocr_carea' id='block_1_18' title="bbox 1217 1732 2219 1864">
    <p class='ocr_par' dir='ltr' id='par_1_19' title="bbox 1217 1732 2219 1864">
     <span class='ocr_line' id='line_1_79' title="bbox 1252 1732 2219 1767; baseline 0 -8"><span class='ocrx_word' id='word_1_574' title='bbox 1252 1733 1446 1767; x_wconf 75' lang='lat' dir='ltr'>lusi-ascriptis</span> <span class='ocrx_word' id='word_1_575' title='bbox 1462 1732 1587 1766; x_wconf 78' lang='lat' dir='ltr'>mandat,</span> <span class='ocrx_word' id='word_1_576' title='bbox 1607 1735 1636 1758; x_wconf 86' lang='lat' dir='ltr'>ut</span> <span class='ocrx_word' id='word_1_577' title='bbox 1652 1732 1842 1766; x_wconf 82' lang='lat' dir='ltr'>Raymundus</span> <span class='ocrx_word' id='word_1_578' title='bbox 1858 1732 1991 1758; x_wconf 87' lang='lat' dir='ltr'>dominus</span> <span class='ocrx_word' id='word_1_579' title='bbox 2005 1732 2039 1758; x_wconf 83' lang='lat' dir='ltr'>de</span> <span class='ocrx_word' id='word_1_580' title='bbox 2055 1733 2219 1759; x_wconf 63' lang='grc'><strong>5051011101]-</strong></span> 
     </span>
     <span class='ocr_line' id='line_1_80' title="bbox 1217 1780 2218 1816; baseline -0.001 -8"><span class='ocrx_word' id='word_1_581' title='bbox 1217 1782 1286 1813; x_wconf 84' lang='lat' dir='ltr'>den,</span> <span class='ocrx_word' id='word_1_582' title='bbox 1302 1781 1493 1816; x_wconf 79' lang='lat' dir='ltr'>Tripolitanae</span> <span class='ocrx_word' id='word_1_583' title='bbox 1517 1780 1657 1813; x_wconf 82' lang='lat' dir='ltr'>diocesis,</span> <span class='ocrx_word' id='word_1_584' title='bbox 1675 1783 1809 1814; x_wconf 80' lang='lat' dir='ltr'>tanquam</span> <span class='ocrx_word' id='word_1_585' title='bbox 1831 1780 1974 1814; x_wconf 85' lang='lat' dir='ltr'>quondam</span> <span class='ocrx_word' id='word_1_586' title='bbox 1994 1780 2147 1806; x_wconf 77' lang='lat' dir='ltr'>Thoniasio</span> <span class='ocrx_word' id='word_1_587' title='bbox 2170 1788 2218 1807; x_wconf 90' lang='lat' dir='ltr'>co-</span> 
     </span>
     <span class='ocr_line' id='line_1_81' title="bbox 1218 1828 2218 1864; baseline -0.002 -8"><span class='ocrx_word' id='word_1_588' title='bbox 1218 1830 1376 1856; x_wconf 86' lang='lat' dir='ltr'>mestabulo</span> <span class='ocrx_word' id='word_1_589' title='bbox 1396 1829 1571 1864; x_wconf 82' lang='lat' dir='ltr'>Tripolitano</span> <span class='ocrx_word' id='word_1_590' title='bbox 1596 1828 1738 1854; x_wconf 87' lang='lat' dir='ltr'>avunculo</span> <span class='ocrx_word' id='word_1_591' title='bbox 1761 1830 1825 1862; x_wconf 85' lang='lat' dir='ltr'>ejus</span> <span class='ocrx_word' id='word_1_592' title='bbox 1850 1829 2097 1861; x_wconf 75' lang='lat' dir='ltr'>consanguinitate</span> <span class='ocrx_word' id='word_1_593' title='bbox 2122 1828 2218 1862; x_wconf 89' lang='lat' dir='ltr'>proxi-</span> 
     </span>
    </p>
   </div>
   <div class='ocr_carea' id='block_1_19' title="bbox 1791 1669 2146 1704">
    <p class='ocr_par' dir='ltr' id='par_1_20' title="bbox 1791 1669 2146 1704">
     <span class='ocr_line' id='line_1_82' title="bbox 1791 1669 2146 1704; baseline 0.003 -9"><span class='ocrx_word' id='word_1_594' title='bbox 1791 1669 1907 1704; x_wconf 82' lang='lat' dir='ltr'>Naples⁷</span> <span class='ocrx_word' id='word_1_595' title='bbox 1926 1671 1963 1696; x_wconf 51' lang='lat'>¹1²¹1·</span> <span class='ocrx_word' id='word_1_596' title='bbox 1979 1679 2054 1696; x_wconf 86' lang='lat' dir='ltr'>mars</span> <span class='ocrx_word' id='word_1_597' title='bbox 2071 1670 2146 1697; x_wconf 73' lang='lat'><strong>1‘255.</strong></span> 
     </span>
    </p>
   </div>
   <div class='ocr_carea' id='block_1_20' title="bbox 1217 1876 2220 2008">
    <p class='ocr_par' dir='ltr' id='par_1_21' title="bbox 1217 1876 2220 2008">
     <span class='ocr_line' id='line_1_83' title="bbox 1218 1876 2218 1911; baseline -0.001 -7"><span class='ocrx_word' id='word_1_598' title='bbox 1218 1879 1299 1908; x_wconf 81' lang='lat' dir='ltr'>mior,</span> <span class='ocrx_word' id='word_1_599' title='bbox 1318 1886 1395 1904; x_wconf 90' lang='lat' dir='ltr'>more</span> <span class='ocrx_word' id='word_1_600' title='bbox 1411 1885 1444 1903; x_wconf 85' lang='lat' dir='ltr'>ac</span> <span class='ocrx_word' id='word_1_601' title='bbox 1463 1879 1530 1911; x_wconf 86' lang='lat' dir='ltr'>jure</span> <span class='ocrx_word' id='word_1_602' title='bbox 1553 1877 1629 1902; x_wconf 88' lang='lat' dir='ltr'>illius</span> <span class='ocrx_word' id='word_1_603' title='bbox 1645 1876 1750 1910; x_wconf 78' lang='lat' dir='ltr'>patriae</span> <span class='ocrx_word' id='word_1_604' title='bbox 1766 1877 1999 1902; x_wconf 71' lang='lat' dir='ltr'>comestabuliam</span> <span class='ocrx_word' id='word_1_605' title='bbox 2019 1876 2218 1910; x_wconf 71' lang='lat' dir='ltr'>&#39;Ft&#39;ipolitanam</span> 
     </span>
     <span class='ocr_line' id='line_1_84' title="bbox 1217 1924 2220 1959; baseline -0.002 -7"><span class='ocrx_word' id='word_1_606' title='bbox 1217 1930 1316 1952; x_wconf 83' lang='lat' dir='ltr'>eontra</span> <span class='ocrx_word' id='word_1_607' title='bbox 1332 1926 1363 1952; x_wconf 83' lang='lat' dir='ltr'>E.</span> <span class='ocrx_word' id='word_1_608' title='bbox 1381 1925 1524 1952; x_wconf 86' lang='lat' dir='ltr'>dominam</span> <span class='ocrx_word' id='word_1_609' title='bbox 1541 1925 1576 1951; x_wconf 91' lang='lat' dir='ltr'>de</span> <span class='ocrx_word' id='word_1_610' title='bbox 1594 1924 1681 1950; x_wconf 86' lang='lat' dir='ltr'>Podio</span> <span class='ocrx_word' id='word_1_611' title='bbox 1699 1932 1753 1950; x_wconf 90' lang='lat' dir='ltr'>non</span> <span class='ocrx_word' id='word_1_612' title='bbox 1769 1925 1804 1950; x_wconf 93' lang='lat' dir='ltr'>de</span> <span class='ocrx_word' id='word_1_613' title='bbox 1821 1925 1946 1957; x_wconf 68' lang='lat' dir='ltr'>legitimo</span> <span class='ocrx_word' id='word_1_614' title='bbox 1963 1925 2141 1951; x_wconf 84' lang='lat' dir='ltr'>matrimonio</span> <span class='ocrx_word' id='word_1_615' title='bbox 2155 1932 2220 1959; x_wconf 85' lang='lat' dir='ltr'>pro-</span> 
     </span>
     <span class='ocr_line' id='line_1_85' title="bbox 1218 1972 2220 2008; baseline -0.003 -6"><span class='ocrx_word' id='word_1_616' title='bbox 1218 1980 1340 2002; x_wconf 86' lang='lat' dir='ltr'>creatam</span> <span class='ocrx_word' id='word_1_617' title='bbox 1359 1976 1540 2008; x_wconf 82' lang='lat' dir='ltr'>assequatur.</span> <span class='ocrx_word' id='word_1_618' title='bbox 1558 1973 1641 2006; x_wconf 72' lang='lat' dir='ltr'>(Rse.</span> <span class='ocrx_word' id='word_1_619' title='bbox 1658 1973 1702 2004; x_wconf 74' lang='lat'>⁶24,</span> <span class='ocrx_word' id='word_1_620' title='bbox 1719 1981 1745 1999; x_wconf 83' lang='lat' dir='ltr'>e.</span> <span class='ocrx_word' id='word_1_621' title='bbox 1761 1973 1827 2005; x_wconf 69' lang='lat'>269,</span> <span class='ocrx_word' id='word_1_622' title='bbox 1845 1973 1863 1999; x_wconf 88' lang='lat' dir='ltr'>f.</span> <span class='ocrx_word' id='word_1_623' title='bbox 1883 1974 1933 2003; x_wconf 83' lang='lat'>35;</span> <span class='ocrx_word' id='word_1_624' title='bbox 1950 1973 2096 2000; x_wconf 67' lang='lat' dir='ltr'>Por&#39;rkusr</span> <span class='ocrx_word' id='word_1_625' title='bbox 2115 1972 2220 2005; x_wconf 77' lang='lat'><strong>15713.)</strong></span> 
     </span>
    </p>
   </div>
   <div class='ocr_carea' id='block_1_21' title="bbox 1220 2075 2219 2164">
    <p class='ocr_par' dir='ltr' id='par_1_22' title="bbox 1220 2075 2219 2164">
     <span class='ocr_line' id='line_1_86' title="bbox 1261 2075 2219 2112; baseline -0.003 -7"><span class='ocrx_word' id='word_1_626' title='bbox 1261 2089 1273 2103; x_wconf 87' lang='lat'>«</span> <span class='ocrx_word' id='word_1_627' title='bbox 1297 2099 1328 2111; x_wconf 87' lang='lat'>..,</span> <span class='ocrx_word' id='word_1_628' title='bbox 1348 2076 1532 2105; x_wconf 72' lang='lat' dir='ltr'>cancellario</span> <span class='ocrx_word' id='word_1_629' title='bbox 1551 2075 1755 2112; x_wconf 49' lang='lat' dir='ltr'>Tripolitana</span> <span class='ocrx_word' id='word_1_630' title='bbox 1776 2097 1808 2109; x_wconf 95' lang='lat'>..,</span> <span class='ocrx_word' id='word_1_631' title='bbox 1826 2075 1971 2110; x_wconf 61' lang='grc' dir='ltr'>ηιαῃίεινο</span> <span class='ocrx_word' id='word_1_632' title='bbox 1986 2076 2137 2103; x_wconf 75' lang='lat' dir='ltr'>scolarum</span> <span class='ocrx_word' id='word_1_633' title='bbox 2156 2075 2219 2102; x_wconf 74' lang='lat' dir='ltr'>An-</span> 
     </span>
     <span class='ocr_line' id='line_1_87' title="bbox 1220 2128 2219 2164; baseline -0.003 -6"><span class='ocrx_word' id='word_1_634' title='bbox 1220 2130 1376 2159; x_wconf 78' lang='lat' dir='ltr'>thiocheno</span> <span class='ocrx_word' id='word_1_635' title='bbox 1389 2134 1415 2157; x_wconf 79' lang='lat' dir='ltr'>et</span> <span class='ocrx_word' id='word_1_636' title='bbox 1430 2151 1462 2163; x_wconf 87' lang='lat'>..,</span> <span class='ocrx_word' id='word_1_637' title='bbox 1481 2129 1624 2156; x_wconf 75' lang='lat' dir='ltr'>ministro</span> <span class='ocrx_word' id='word_1_638' title='bbox 1639 2129 1777 2163; x_wconf 73' lang='lat' dir='ltr'>fratrum</span> <span class='ocrx_word' id='word_1_639' title='bbox 1792 2128 1946 2156; x_wconf 65' lang='lat' dir='ltr'>Minorum</span> <span class='ocrx_word' id='word_1_640' title='bbox 1967 2128 2102 2164; x_wconf 70' lang='lat' dir='ltr'>Tyrensi.</span> <span class='ocrx_word' id='word_1_641' title='bbox 2123 2128 2219 2156; x_wconf 84' lang='lat' dir='ltr'>Lecta</span> 
     </span>
    </p>
   </div>
   <div class='ocr_carea' id='block_1_22' title="bbox 1218 2179 2219 2442">
    <p class='ocr_par' dir='ltr' id='par_1_23' title="bbox 1218 2179 2219 2442">
     <span class='ocr_line' id='line_1_88' title="bbox 1220 2179 2219 2217; baseline -0.004 -6"><span class='ocrx_word' id='word_1_642' title='bbox 1220 2182 1314 2212; x_wconf 83' lang='lat' dir='ltr'>nohis</span> <span class='ocrx_word' id='word_1_643' title='bbox 1335 2181 1446 2211; x_wconf 86' lang='lat' dir='ltr'>dilecti</span> <span class='ocrx_word' id='word_1_644' title='bbox 1465 2197 1513 2208; x_wconf 90' lang='lat'>—.</span> <span class='ocrx_word' id='word_1_645' title='bbox 1536 2180 1608 2209; x_wconf 82' lang='lat' dir='ltr'>Dat.</span> <span class='ocrx_word' id='word_1_646' title='bbox 1636 2179 1788 2217; x_wconf 85' lang='lat' dir='ltr'>Neapoli,</span> <span class='ocrx_word' id='word_1_647' title='bbox 1811 2179 1961 2208; x_wconf 80' lang='lat' dir='ltr'>kalendis</span> <span class='ocrx_word' id='word_1_648' title='bbox 1984 2179 2108 2213; x_wconf 87' lang='lat' dir='ltr'>martii,</span> <span class='ocrx_word' id='word_1_649' title='bbox 2134 2186 2219 2207; x_wconf 86' lang='lat' dir='ltr'>anno</span> 
     </span>
     <span class='ocr_line' id='line_1_89' title="bbox 1218 2234 1368 2272; baseline -0.007 -9"><span class='ocrx_word' id='word_1_650' title='bbox 1218 2234 1335 2272; x_wconf 91' lang='lat' dir='ltr'>primo.</span> <span class='ocrx_word' id='word_1_651' title='bbox 1356 2246 1368 2259; x_wconf 82' lang='grc' dir='ltr'>ιι</span> 
     </span>
     <span class='ocr_line' id='line_1_90' title="bbox 1289 2406 2148 2442; baseline -0.008 -3"><span class='ocrx_word' id='word_1_652' title='bbox 1289 2411 1375 2439; x_wconf 62' lang='lat'>31³2</span> <span class='ocrx_word' id='word_1_653' title='bbox 1820 2407 1936 2442; x_wconf 83' lang='lat' dir='ltr'>Naples.</span> <span class='ocrx_word' id='word_1_654' title='bbox 1955 2407 1970 2434; x_wconf 81' lang='lat'>9</span> <span class='ocrx_word' id='word_1_655' title='bbox 1985 2406 2054 2433; x_wconf 87' lang='lat' dir='ltr'>avril</span> <span class='ocrx_word' id='word_1_656' title='bbox 2072 2406 2148 2433; x_wconf 72' lang='lat'><strong>1255.</strong></span> 
     </span>
    </p>
   </div>
   <div class='ocr_carea' id='block_1_23' title="bbox 1219 2467 2222 2651">
    <p class='ocr_par' dir='ltr' id='par_1_24' title="bbox 1219 2467 2222 2651">
     <span class='ocr_line' id='line_1_91' title="bbox 1253 2467 2221 2506; baseline -0.007 -7"><span class='ocrx_word' id='word_1_657' title='bbox 1253 2473 1404 2505; x_wconf 69' lang='lat' dir='ltr'>dacobum,</span> <span class='ocrx_word' id='word_1_658' title='bbox 1426 2472 1593 2506; x_wconf 88' lang='lat' dir='ltr'>episcopum</span> <span class='ocrx_word' id='word_1_659' title='bbox 1617 2469 1839 2503; x_wconf 80' lang='lat' dir='ltr'>virdunensem,</span> <span class='ocrx_word' id='word_1_660' title='bbox 1861 2468 1894 2495; x_wconf 86' lang='lat' dir='ltr'>ad</span> <span class='ocrx_word' id='word_1_661' title='bbox 1917 2468 2013 2494; x_wconf 86' lang='lat' dir='ltr'>sedem</span> <span class='ocrx_word' id='word_1_662' title='bbox 2033 2467 2221 2502; x_wconf 61' lang='lat' dir='ltr'>,let-osolymi-</span> 
     </span>
     <span class='ocr_line' id='line_1_92' title="bbox 1220 2516 2222 2551; baseline -0.007 -4"><span class='ocrx_word' id='word_1_663' title='bbox 1220 2525 1318 2547; x_wconf 86' lang='lat' dir='ltr'>tanum</span> <span class='ocrx_word' id='word_1_664' title='bbox 1334 2520 1477 2551; x_wconf 78' lang='lat' dir='ltr'>transfert,</span> <span class='ocrx_word' id='word_1_665' title='bbox 1496 2527 1550 2545; x_wconf 82' lang='lat' dir='ltr'>non</span> <span class='ocrx_word' id='word_1_666' title='bbox 1568 2518 1723 2544; x_wconf 86' lang='lat' dir='ltr'>admittens</span> <span class='ocrx_word' id='word_1_667' title='bbox 1737 2517 1905 2544; x_wconf 80' lang='lat' dir='ltr'>electionem</span> <span class='ocrx_word' id='word_1_668' title='bbox 1921 2516 1955 2543; x_wconf 88' lang='lat' dir='ltr'>O.</span> <span class='ocrx_word' id='word_1_669' title='bbox 1968 2516 2142 2550; x_wconf 79' lang='lat' dir='ltr'>patriarchae</span> <span class='ocrx_word' id='word_1_670' title='bbox 2158 2516 2222 2541; x_wconf 88' lang='lat' dir='ltr'>An-</span> 
     </span>
     <span class='ocr_line' id='line_1_93' title="bbox 1219 2563 2221 2600; baseline -0.007 -5"><span class='ocrx_word' id='word_1_671' title='bbox 1219 2569 1344 2596; x_wconf 88' lang='lat' dir='ltr'>tiocheni</span> <span class='ocrx_word' id='word_1_672' title='bbox 1367 2577 1382 2594; x_wconf 88' lang='lat' dir='ltr'>a</span> <span class='ocrx_word' id='word_1_673' title='bbox 1398 2567 1491 2594; x_wconf 82' lang='lat' dir='ltr'>tribus</span> <span class='ocrx_word' id='word_1_674' title='bbox 1514 2567 1653 2593; x_wconf 85' lang='lat' dir='ltr'>ecclesiae</span> <span class='ocrx_word' id='word_1_675' title='bbox 1671 2565 1931 2600; x_wconf 80' lang='lat' dir='ltr'>Jerosolymitanae</span> <span class='ocrx_word' id='word_1_676' title='bbox 1948 2563 2093 2591; x_wconf 80' lang='lat' dir='ltr'>canonicis</span> <span class='ocrx_word' id='word_1_677' title='bbox 2110 2564 2221 2594; x_wconf 82' lang='lat' dir='ltr'>factam,</span> 
     </span>
     <span class='ocr_line' id='line_1_94' title="bbox 1220 2611 2220 2651; baseline -0.007 -7"><span class='ocrx_word' id='word_1_678' title='bbox 1220 2627 1235 2644; x_wconf 82' lang='lat' dir='ltr'>a</span> <span class='ocrx_word' id='word_1_679' title='bbox 1251 2618 1368 2651; x_wconf 86' lang='lat' dir='ltr'>reliquis</span> <span class='ocrx_word' id='word_1_680' title='bbox 1380 2619 1475 2642; x_wconf 84' lang='lat' dir='ltr'>autem</span> <span class='ocrx_word' id='word_1_681' title='bbox 1486 2615 1634 2642; x_wconf 78' lang='lat' dir='ltr'>canonicis</span> <span class='ocrx_word' id='word_1_682' title='bbox 1645 2617 1842 2641; x_wconf 80' lang='lat' dir='ltr'>contestatam.</span> <span class='ocrx_word' id='word_1_683' title='bbox 1857 2613 1940 2647; x_wconf 69' lang='lat' dir='ltr'>(Rae.</span> <span class='ocrx_word' id='word_1_684' title='bbox 1952 2613 1995 2643; x_wconf 65' lang='lat'>²24,</span> <span class='ocrx_word' id='word_1_685' title='bbox 2008 2620 2033 2638; x_wconf 85' lang='lat' dir='ltr'>c.</span> <span class='ocrx_word' id='word_1_686' title='bbox 2047 2612 2105 2644; x_wconf 69' lang='lat'>⁵270,</span> <span class='ocrx_word' id='word_1_687' title='bbox 2119 2611 2138 2638; x_wconf 86' lang='lat' dir='ltr'>f.</span> <span class='ocrx_word' id='word_1_688' title='bbox 2153 2611 2220 2643; x_wconf 67' lang='lat'>35¹.)</span> 
     </span>
    </p>
   </div>
   <div class='ocr_carea' id='block_1_24' title="bbox 1221 2711 2221 2908">
    <p class='ocr_par' dir='ltr' id='par_1_25' title="bbox 1221 2711 2221 2908">
     <span class='ocr_line' id='line_1_95' title="bbox 1262 2711 2221 2754; baseline -0.007 -7"><span class='ocrx_word' id='word_1_689' title='bbox 1262 2731 1274 2744; x_wconf 71' lang='grc' dir='ltr'>κ</span> <span class='ocrx_word' id='word_1_690' title='bbox 1307 2718 1422 2752; x_wconf 80' lang='lat' dir='ltr'>Jacobo,</span> <span class='ocrx_word' id='word_1_691' title='bbox 1454 2718 1587 2754; x_wconf 79' lang='lat' dir='ltr'>episcopo</span> <span class='ocrx_word' id='word_1_692' title='bbox 1617 2715 1863 2744; x_wconf 74' lang='lat' dir='ltr'>Jerosolzmitano</span> <span class='ocrx_word' id='word_1_693' title='bbox 1892 2714 1989 2742; x_wconf 77' lang='lat' dir='ltr'>electo.</span> <span class='ocrx_word' id='word_1_694' title='bbox 2016 2712 2065 2741; x_wconf 79' lang='lat' dir='ltr'>Ad</span> <span class='ocrx_word' id='word_1_695' title='bbox 2092 2711 2221 2741; x_wconf 89' lang='lat' dir='ltr'>culmen</span> 
     </span>
     <span class='ocr_line' id='line_1_96' title="bbox 1221 2763 2219 2800; baseline -0.009 0"><span class='ocrx_word' id='word_1_696' title='bbox 1221 2770 1341 2800; x_wconf 89' lang='lat' dir='ltr'>summi</span> <span class='ocrx_word' id='word_1_697' title='bbox 1363 2787 1411 2798; x_wconf 93' lang='lat'>—.</span> <span class='ocrx_word' id='word_1_698' title='bbox 1436 2770 1522 2799; x_wconf 84' lang='lat' dir='ltr'>Sane</span> <span class='ocrx_word' id='word_1_699' title='bbox 1539 2771 1674 2798; x_wconf 79' lang='lat' dir='ltr'>vacante</span> <span class='ocrx_word' id='word_1_700' title='bbox 1693 2766 1771 2796; x_wconf 92' lang='lat' dir='ltr'>olim</span> <span class='ocrx_word' id='word_1_701' title='bbox 1787 2764 2054 2797; x_wconf 81' lang='lat' dir='ltr'>Jerosoliniitana</span> <span class='ocrx_word' id='word_1_702' title='bbox 2072 2763 2219 2797; x_wconf 79' lang='lat' dir='ltr'>eeclesia,</span> 
     </span>
     <span class='ocr_line' id='line_1_97' title="bbox 1221 2817 2221 2860; baseline -0.009 -8"><span class='ocrx_word' id='word_1_703' title='bbox 1221 2827 1286 2852; x_wconf 87' lang='lat' dir='ltr'>tres</span> <span class='ocrx_word' id='word_1_704' title='bbox 1303 2831 1339 2852; x_wconf 87' lang='lat' dir='ltr'>ex</span> <span class='ocrx_word' id='word_1_705' title='bbox 1355 2821 1461 2860; x_wconf 86' lang='lat' dir='ltr'>ipsius</span> <span class='ocrx_word' id='word_1_706' title='bbox 1478 2820 1616 2851; x_wconf 86' lang='lat' dir='ltr'>ecclesie</span> <span class='ocrx_word' id='word_1_707' title='bbox 1633 2819 1818 2853; x_wconf 79' lang='lat' dir='ltr'>canonicis,</span> <span class='ocrx_word' id='word_1_708' title='bbox 1837 2817 1974 2855; x_wconf 83' lang='lat' dir='ltr'>reliquis</span> <span class='ocrx_word' id='word_1_709' title='bbox 1991 2824 2129 2854; x_wconf 88' lang='lat' dir='ltr'>quorum</span> <span class='ocrx_word' id='word_1_710' title='bbox 2145 2823 2221 2844; x_wconf 88' lang='lat' dir='ltr'>con-</span> 
     </span>
     <span class='ocr_line' id='line_1_98' title="bbox 1221 2867 2220 2908; baseline -0.009 -4"><span class='ocrx_word' id='word_1_711' title='bbox 1221 2874 1297 2905; x_wconf 86' lang='lat' dir='ltr'>silio</span> <span class='ocrx_word' id='word_1_712' title='bbox 1323 2878 1353 2904; x_wconf 89' lang='lat' dir='ltr'>et</span> <span class='ocrx_word' id='word_1_713' title='bbox 1380 2881 1544 2903; x_wconf 86' lang='lat' dir='ltr'>consensu</span> <span class='ocrx_word' id='word_1_714' title='bbox 1570 2872 1639 2902; x_wconf 84' lang='lat' dir='ltr'>dies</span> <span class='ocrx_word' id='word_1_715' title='bbox 1668 2871 1708 2901; x_wconf 84' lang='lat' dir='ltr'>ad</span> <span class='ocrx_word' id='word_1_716' title='bbox 1737 2870 1924 2908; x_wconf 81' lang='lat' dir='ltr'>eligendum</span> <span class='ocrx_word' id='word_1_717' title='bbox 1950 2867 2065 2906; x_wconf 78' lang='lat' dir='ltr'>pretigi</span> <span class='ocrx_word' id='word_1_718' title='bbox 2091 2867 2220 2902; x_wconf 85' lang='lat' dir='ltr'>debuit,</span> 
     </span>
    </p>
   </div>
  </div>
 </body>
</html>
