2441 3330
190 200 244 230 142
913 198 1153 230 REGISTRES
1174 197 1482 228 D'ALEXANDRE
1505 198 1560 227 IV.

184 266 358 304 prioribus,
376 265 577 294 Nor-stoicensis
595 265 728 294 diocesis.
747 265 893 304 injuncti
914 270 975 295 etc.
994 283 1043 294 -.
1063 265 1137 294 Dat.
1159 268 1196 294 ut

187 326 297 356 supra.
316 329 330 344 ³›

258 490 342 518 481
791 489 906 524 Naples,
924 490 952 515 lt
973 490 1027 515 mai
1046 488 1122 516 1255.

223 550 421 577 VVernherum
447 551 577 577 abbatem
604 551 768 578 monasterii
795 550 1022 582 Hei-sseldensis,
1049 552 1098 585 qui
1124 551 1194 578 olim

189 599 466 626 administrationem
490 600 655 626 monasterii
671 600 761 626 cessit
782 608 892 626 necnon
909 600 942 626 ad
959 600 1077 626 eandem
1094 608 1110 626 a
1125 608 1194 627 con-

190 651 276 674 ventu
309 652 476 682 resumptus
506 648 573 682 suit,
598 656 743 682 quemque
774 648 804 674 l'.
834 657 859 675 s.
886 648 1004 683 Georgii
1030 648 1064 675 ad
1090 648 1193 675 Velum

188 704 308 723 aureum
333 696 472 723 dlaconus
495 697 658 731 cardinalis,
685 700 754 724 tunc
778 698 806 724 in
831 697 887 723 illis
914 698 1043 732 partibus
1067 698 1192 732 legatus,

189 746 324 772 cessione
352 749 379 771 et
408 746 606 780 resumptione
631 746 664 772 ab
694 746 847 773 abbatibus
873 746 980 773 Montis
1009 754 1032 772 s.
1061 745 1137 773 Petri
1168 749 1196 773 et

190 794 393 822 Herefordensi
409 794 596 828 Maguntinae
612 794 737 821 diocesis
753 795 909 829 inquisitis,
923 795 1113 828 confirmavit,
1125 803 1194 821 con—

188 844 292 871 firmat.
311 842 394 876 (Res.
413 843 457 874 24,
474 852 499 870 e.
517 843 578 877 396,
596 843 616 871 f.
634 844 665 870 57
682 851 728 870 vo:
746 843 926 878 Roob-mmm,
942 848 962 870 t.
978 843 1032 878 ΙΙΙ,
1049 849 1080 870 n⁰
1095 843 1169 876 400.)

233 958 245 972 α
280 946 455 980 ll'ernlzrro,
485 946 586 974 abbati
617 947 796 975 monasterii
827 946 1042 982 Herfeldensis,
1078 946 1198 975 ordinis

189 1000 290 1028 sancti
304 999 466 1033 Benedicti,
485 999 662 1036 illayuiztiize
677 1000 798 1029 decesis.
816 999 899 1030 Cum
916 1008 933 1029 a
950 999 1046 1029 nohis
1057 1016 1106 1028 —.
1121 999 1195 1029 Dat.

190 1051 342 1090 Neapoli,
356 1053 384 1081 V
400 1052 476 1081 idus
491 1052 583 1088 maii,
602 1061 688 1083 anno
704 1052 820 1091 primo.
843 1065 855 1079 »
1061 1043 1066 1047 ”

260 1223 348 1251 482
793 1223 908 1258 Naples‚
928 1224 955 1250 Μ
975 1225 1031 1251 mai
1048 1224 1125 1252 1255.

226 1285 364 1320 Magistro
385 1288 412 1311 et
436 1285 573 1311 fratribus
594 1285 697 1312 domus
714 1285 830 1312 Militiae
845 1286 955 1320 Templi
971 1285 1198 1315 Jerosolimitani

191 1335 321 1369 indulget
338 1338 367 1360 ut
384 1343 434 1368 per
445 1334 640 1367 indulgentias
656 1342 707 1361 seu
724 1335 834 1361 litteras
845 1335 988 1369 quaslibet
999 1344 1013 1361 a
1026 1335 1100 1361 Sede
1115 1344 1198 1371 apos-

190 1384 275 1411 tolica
298 1383 499 1409 concedendas
518 1383 691 1410 mentionem
715 1392 770 1410 non
792 1383 929 1410 facientes
949 1384 983 1410 de
999 1384 1083 1411 domo
1099 1393 1197 1412 eorum

192 1433 299 1460 nullum
316 1432 390 1466 ipsis
402 1431 610 1466 praejudicium
623 1435 786 1466 generetur.
800 1432 883 1465 (Rno.
894 1432 938 1463 24,
951 1442 976 1460 e.
991 1433 1051 1464 397,
1064 1434 1083 1460 f.
1101 1435 1133 1461 57
1146 1437 1195 1467 νο.)

233 1547 246 1562 ι(
268 1558 299 1571 ..,
319 1536 465 1572 massis-tro
480 1540 505 1563 et
517 1535 668 1571 fratribus
683 1535 789 1564 domus
803 1536 912 1565 Militia
929 1537 1044 1575 Templi
1057 1539 1199 1568 Jerosoli-

190 1589 315 1618 mitani.
334 1589 408 1626 Ipsa
425 1596 484 1617 nos
501 1588 587 1625 cogit
602 1587 707 1626 pietas
723 1587 873 1618 honestis
890 1589 1109 1627 petitionibus
1125 1601 1199 1622 ves-

191 1641 251 1671 tris
272 1641 493 1671 exauditionis
511 1641 651 1679 gratiam
667 1650 733 1671 non
751 1650 872 1679 negare
891 1642 1013 1680 quibus
1029 1644 1142 1674 efficax
1161 1653 1199 1675 ex

190 1702 228 1724 eo
239 1693 362 1723 favoris
375 1693 597 1731 patrocinium
611 1693 812 1731 suffragatur
823 1694 910 1732 quod
920 1699 1085 1732 pastorem
1096 1697 1199 1727 alium

188 1750 299 1785 preter
319 1746 504 1775 Romanum
529 1746 718 1783 pontificem
743 1755 809 1776 non
832 1747 993 1778 habentes
1020 1758 1077 1787 pro
1100 1751 1200 1782 Terre

189 1799 309 1829 Sancte
335 1798 454 1833 tutela,
481 1799 534 1828 eui
559 1803 754 1837 perpetuum
774 1799 948 1837 religionis
972 1806 1081 1832 vestre
1108 1803 1199 1834 obse—

189 1851 305 1890 quium
322 1851 500 1881 dedicastis
516 1851 551 1880 in
568 1852 696 1881 fervore
715 1852 865 1882 caritatis
884 1853 1049 1892 intrepide
1066 1855 1127 1884 sub
1143 1855 1199 1885 de-

187 1908 262 1934 vota
290 1904 384 1934 Sedis
411 1903 588 1942 apostolice
613 1904 802 1934 ohedientia
828 1905 1009 1943 prudenter
1035 1908 1199 1945 exponitis

187 1960 301 1986 contra
316 1957 460 1994 impetus
476 1956 663 1987 infidelium
679 1966 732 1987 res
749 1961 779 1987 et
794 1957 908 1987 vitam.
924 1959 993 1988 Hoc
1005 1959 1074 1997 jam
1090 1961 1198 1989 mani-

184 2010 270 2040 feste
286 2009 437 2047 prolmvit
454 2010 612 2048 frequens
631 2010 771 2040 fratrum
790 2014 974 2040 vestrorum
994 2016 1025 2041 et
1043 2012 1199 2043 innume-

185 2072 281 2092 rosus
309 2062 481 2092 occubitur
506 2062 563 2101 qui
589 2062 733 2099 gloriosa
755 2067 785 2092 et
808 2063 842 2092 in
864 2068 1042 2102 conspeetu
1063 2066 1198 2095 Domini

185 2119 289 2145 morte
315 2124 372 2153 per
397 2124 495 2153 quam
519 2115 650 2145 additus
675 2115 741 2145 vite
766 2119 853 2154 patet
880 2116 918 2146 de
945 2117 1053 2147 crucis
1071 2118 1198 2148 Christi

184 2167 337 2197 hostibus
365 2167 525 2197 haetenus
549 2168 777 2206 triumphavit.
808 2169 877 2198 Hoc
905 2178 993 2199 nunc
1018 2169 1137 2200 clamat
1161 2171 1196 2200 in

185 2220 322 2250 auribus
344 2220 491 2250 omnium
516 2220 599 2250 illud
619 2230 677 2259 pro
700 2221 805 2250 dolor!
825 2221 910 2251 sacri
928 2222 1102 2259 sanguinis
1121 2232 1196 2261 pro-

183 2272 321 2302 fluvium
350 2273 537 2311 copiosum,
564 2282 628 2312 quo
653 2274 909 2311 precedentibus
937 2275 1035 2305 annis
1064 2276 1099 2305 in
1126 2276 1195 2307 illis

182 2326 332 2364 partibus
352 2326 503 2356 laverunt
520 2326 558 2356 de
578 2326 745 2356 modernis
763 2327 923 2357 fratribus
939 2328 1059 2358 restris
1078 2338 1195 2367 quam-

183 2378 318 2416 plurimi
347 2379 448 2408 stolas
477 2388 565 2408 suas
595 2380 700 2417 Super
726 2380 848 2418 quilius
874 2380 1034 2410 nimirum
1061 2385 1092 2411 et
1118 2381 1194 2412 aliis

182 2431 308 2461 Christi
333 2431 487 2461 fidelihus
513 2441 594 2470 quos
615 2432 702 2461 idem
728 2441 824 2462 casus
850 2433 959 2463 enexit
985 2434 1025 2463 ad
1051 2434 1195 2472 palmam

181 2492 337 2522 percussa
355 2483 568 2514 vehementer
584 2485 619 2514 in
633 2485 725 2515 vohis
739 2485 849 2524 jaculo
866 2486 982 2516 intime
997 2489 1194 2526 compassio-

181 2536 234 2566 nis
258 2535 449 2566 humanitas
474 2537 622 2575 ingenite
641 2538 814 2575 gravitatis
838 2539 1006 2577 paulisper
1023 2540 1131 2570 laxato
1147 2541 1194 2570 ri-

181 2598 257 2627 gore
275 2598 373 2628 super
390 2590 595 2620 ressluentem
610 2591 776 2629 palpebris
792 2591 937 2622 Eeclesie
955 2594 1102 2623 Romane
1118 2595 1193 2624 fon-

179 2646 245 2673 tem
263 2643 390 2680 aperuit
408 2642 632 2679 lacrimarum,
651 2643 726 2673 licet
744 2644 782 2673 ad
798 2645 1057 2675 consolationem
1074 2646 1192 2677 invitet

180 2695 393 2725 exultationis
413 2696 531 2725 festive
551 2696 708 2733 gaudium
725 2697 810 2735 quod
828 2698 866 2727 de
882 2698 965 2736 ipsis
985 2699 1019 2728 in
1036 2701 1191 2730 extermi-

180 2748 282 2778 nahili
301 2748 414 2786 procul
434 2748 533 2778 dubio
550 2758 628 2787 pace
646 2750 834 2779 fruentibus
852 2760 960 2779 coram
975 2752 1042 2782 Deo
1060 2752 1191 2783 ducitur

178 2801 213 2830 in
230 2801 377 2831 excelsis.
397 2801 526 2831 Vestris
548 2801 650 2839 igitur
667 2802 821 2840 precibus
838 2803 1022 2834 illuto-aliter
1038 2814 1190 2835 annuen-

179 2858 244 2889 tes,
264 2854 302 2883 ad
325 2854 430 2883 instar
445 2854 554 2884 felicis
574 2855 813 2885 reeordationis
835 2857 859 2885 Ι.
877 2866 959 2894 pape
978 2858 1190 2895 predecesso-

1278 262 1325 293 ris
1342 263 1458 298 nostri,
1477 263 1644 294 devotioni
1663 267 1772 294 vestre
1792 263 1988 294 auctoritate
2007 264 2213 302 presentium
2234 264 2289 294 in-

1279 315 1469 353 dulgemus,
1487 320 1522 346 ut
1543 324 1602 354 per
1624 316 1748 354 gratias
1771 320 1802 346 et
1823 315 2050 353 indulgentias
2076 324 2135 346 seu
2158 315 2289 347 litteras

1279 368 1443 407 quaslibet
1460 368 1726 408 quibuscumque
1743 368 1893 399 ecelesiis
1909 372 1965 398 aut
1983 368 2219 399 ecclesiasticis
2234 377 2289 400 se-

1279 420 1490 451 cularibusve
1508 422 1660 460 personis
1681 422 1743 452 sub
1759 430 1967 460 quacumque
1984 422 2090 451 forma
2112 421 2289 452 verborum

1279 483 1297 504 a
1313 474 1396 504 Sede
1410 474 1589 512 apostolica
1607 474 1844 510 concedendas,
1862 474 2065 505 mentionem
2082 483 2146 504 non
2167 475 2289 505 facien·

1279 532 1326 557 tes
1343 527 1381 556 de
1398 527 1493 557 domo
1510 532 1618 557 vestra
1634 527 1859 567 subjectisque
1876 527 1941 557 sibi
1957 527 2109 557 domibus
2125 531 2156 557 et
2174 528 2291 557 fratri-

1278 580 1339 609 bus
1356 579 1546 610 earumdem
1565 589 1602 610 ac
1618 580 1733 610 ordine
1749 584 1858 610 vestro
1874 579 1968 610 vohis
1984 579 2036 609 vel
2053 580 2135 618 ipsis
2158 579 2289 610 nullum

1277 632 1498 672 prejudicium
1511 637 1687 670 generetur
1701 641 1761 663 nec
1772 633 1888 671 gratie,
1904 632 2111 670 indulgentie
2128 641 2165 662 ac
2178 632 2288 663 littere

1278 685 1469 725 hujusmodi
1487 686 1526 715 ad
1547 686 1709 716 dictarum
1730 686 1901 716 domorum
1924 690 1954 716 et
1977 686 2125 724 ipsorum
2147 686 2289 716 fratrum

1279 738 1490 776 dispendium
1511 738 1723 777 aliquatenus
1746 738 1950 769 extendatur.
1976 738 2194 769 Presentibus
2216 742 2290 777 post

1280 791 1549 830 quinquennium
1569 796 1630 822 etc.
1648 791 1741 822 Nulli
1762 795 1823 822 etc.
1845 796 1957 822 nostre
1979 791 2206 822 concessionis
2225 794 2288 822 etc.

1279 845 1351 874 Dat.
1372 848 1408 874 ut
1426 854 1534 884 supra.
1559 857 1572 872 η

1350 1022 1439 1051 483
1879 1022 1996 1058 Naples,
2016 1022 2048 1050 13
2065 1022 2120 1049 mai
2140 1022 2219 1051 1255.

1316 1085 1406 1120 Lupo,
1424 1085 1561 1120 episcopo
1579 1084 1800 1117 Marrochitano,
1814 1073 1916 1112 scribit
1932 1092 2028 1119 regem
2041 1083 2180 1111 Castellae
2190 1092 2225 1112 ac
2235 1083 2292 1111 Le-

1281 1134 1378 1169 gionis
1390 1134 1539 1160 intendere
1550 1142 1615 1160 cum
1630 1134 1798 1160 bellatorum
1811 1134 1994 1160 multitudine
2005 1137 2105 1160 eontra
2115 1133 2292 1160 Sarracenos

1281 1182 1316 1209 de
1332 1183 1431 1209 Africa
1447 1183 1580 1209 inimicos
1596 1183 1692 1208 crucis
1712 1181 1820 1209 Christi
1836 1183 2036 1216 transfretare,
2055 1182 2139 1216 eique
2158 1181 2294 1208 concedit

1282 1232 1445 1258 facultatem
1463 1231 1645 1266 praedicandi
1660 1231 1687 1257 in
1706 1230 1845 1266 Hispania
1861 1234 1889 1258 et
1905 1230 2049 1258 vasconia
2062 1231 2180 1258 verbum
2194 1230 2292 1258 crucis

1282 1284 1310 1306 et
1325 1279 1464 1314 largiendi
1481 1288 1542 1306 eam
1561 1281 1587 1306 in
1605 1279 1769 1306 subsidium
1785 1281 1878 1315 ipsius
1896 1281 1973 1314 regis
1993 1283 2092 1306 contra
2111 1279 2206 1307 dictos
2222 1279 2290 1306 Sar-

1282 1337 1403 1356 racenos
1419 1329 1546 1363 recipere
1563 1328 1728 1355 volentibus
1739 1328 1815 1355 illam
1831 1336 1951 1355 suorum
1968 1332 2151 1362 peccatorum
2165 1328 2290 1359 veniam.

1281 1386 1355 1413 quae
1367 1378 1608 1404 succurrentibus
1619 1377 1723 1404 Terrae
1735 1381 1851 1404 sanctae
1864 1377 1891 1403 in
1904 1378 2030 1412 generali
2045 1377 2167 1404 concilio
2182 1377 2293 1404 indulta

1282 1429 1330 1455 sit.
1346 1427 1430 1461 (Reo.
1447 1427 1489 1458 24,
1507 1435 1534 1454 c.
1551 1427 1624 1460 3972,
1641 1427 1660 1453 f.
1678 1427 1710 1454 57
1728 1433 1773 1458 v⁰;
1792 1426 1910 1458 Po‘r'ru„
1930 1426 2034 1458 15855.)

1324 1542 1337 1556 «
1355 1530 1436 1567 Lupo
1451 1530 1584 1567 episcopo
1595 1529 1832 1564 Marrochitano,
1851 1529 2009 1567 apostolice
2023 1528 2108 1558 Sedis
2121 1529 2227 1567 leyato.
2241 1528 2294 1559 Ad

1281 1582 1432 1620 regimen
1456 1581 1658 1612 universalis
1681 1599 1729 1610 —.
1754 1581 1827 1611 Dat.
1852 1580 2011 1620 Neapoli,
2031 1582 2082 1611 III
2098 1581 2174 1611 idus
2191 1581 2290 1617 maii,

1282 1644 1369 1666 anno
1383 1635 1502 1674 primo.
1521 1647 1534 1662 n

1353 1807 1442 1835 484
1882 1805 2000 1841 Names,
2021 1806 2049 1833 l‘z
2067 1806 2122 1832 mai
2142 1806 2218 1833 1255.

1321 1869 1411 1896 Priori
1432 1878 1465 1896 ac
1489 1870 1628 1896 fratribus
1650 1869 1760 1896 ordinis
1784 1868 2017 1896 Praedicatorum
2038 1868 2073 1895 de
2091 1868 2189 1895 Balma
2206 1870 2292 1904 juxta

1283 1918 1464 1950 Sistaricum,
1480 1918 1672 1953 Vapincensis
1688 1918 1825 1953 diocesis,
1838 1919 1978 1952 indulget.
1992 1922 2022 1945 ut
2032 1918 2067 1944 ab
2079 1918 2216 1952 episcopo
2228 1917 2290 1944 Sis-

1282 1968 1417 1994 taricensi
1435 1967 1561 1994 minores
1578 1971 1606 1993 et
1623 1975 1723 1994 sacros
1745 1967 1862 1993 ordines
1885 1967 1912 1993 in
1928 1967 2012 1993 domo
2028 1974 2081 1993 sua
2096 1967 2140 2002 igel
2155 1966 2222 1993 alibi
2237 1966 2295 1993 rite

1282 2017 1410 2050 recipere
1427 2017 1549 2051 possint.
1565 2015 1647 2050 (Res.
1664 2016 1708 2050 24,
1725 2024 1751 2042 c.
1768 2015 1828 2046 398,
1847 2016 1866 2042 f.
1879 2016 1910 2042 57
1928 2022 1973 2049 v⁰;
1993 2014 2108 2046 Portu„
2131 2014 2238 2048 15849.)

1323 2130 1335 2145 «
1357 2141 1389 2153 ..,
1406 2119 1510 2156 priori
1527 2123 1552 2147 et
1573 2118 1724 2154 fratribus
1744 2118 1863 2147 ordinis
1884 2118 2114 2147 l'redicatorum
2132 2117 2166 2146 de
2181 2118 2290 2147 Balma

1273 2175 1369 2211 juria
1387 2174 1590 2208 Sisturicum,
1620 2174 1812 2210 Vapincensis
1834 2174 1968 2202 diocesis.
1992 2172 2186 2203 Devotionis
2209 2181 2290 2211 aug-

1279 2230 1427 2256 mentum
1444 2225 1537 2255 vohis
1553 2243 1601 2254 —.
1627 2226 1699 2255 Dat.
1721 2225 1877 2264 Neapoli,
1904 2226 1972 2256 IIII
1987 2225 2063 2255 idus
2085 2225 2182 2261 maii,
2202 2233 2291 2255 anno

1277 2279 1395 2317 primo.
1415 2290 1430 2305 n

1347 2450 1437 2479 485
1895 2449 2013 2484 Names,
2031 2450 2047 2477 8
2064 2451 2119 2477 mai
2136 2450 2214 2478 1255.

1313 2513 1490 2547 Ricalrdum]
1509 2513 1544 2539 de
1561 2512 1651 2544 Clara,
1670 2513 1858 2540 Goucestriae
1875 2516 1904 2539 et
1919 2512 2100 2539 Hertsordiae
2116 2513 2224 2545 comiti,
2241 2513 2287 2540 iu-

1277 2561 1385 2596 dulget‚
1400 2565 1440 2593 ut,
1459 2566 1570 2595 praeter
1585 2562 1736 2588 ecclesiam
1748 2561 1782 2588 de
1792 2561 1887 2588 Callan
1897 2570 1995 2588 curam
2006 2562 2166 2588 animarum
2176 2561 2286 2588 haben-

1275 2613 1332 2636 tem
1349 2618 1433 2644 quam
1450 2610 1559 2636 obtinet
1579 2610 1762 2637 Ossoriensis
1778 2610 1921 2644 diocesis,
1940 2611 1997 2637 duo
2013 2611 2066 2637 alia
2083 2610 2221 2637 beneficia
2237 2618 2286 2637 eo-

1275 2659 1438 2686 clesiastiea
1447 2659 1570 2685 similem
1582 2667 1681 2686 curam
1694 2659 1835 2691 habentia,
1848 2660 1874 2686 si
1885 2659 2042 2694 dignitates
2055 2659 2098 2685 vel
2111 2662 2284 2694 personatus

1275 2709 1414 2741 existant,
1432 2708 1460 2734 in
1485 2716 1574 2742 regno
1598 2708 1722 2742 Angliae
1745 2708 1872 2743 recipere
1889 2709 1991 2735 valeat.
2014 2707 2099 2742 (Reg.
2117 2708 2161 2742 24,
2177 2716 2203 2735 c.
2220 2707 2282 2740 399,

1273 2757 1294 2784 f.
1309 2757 1340 2783 57
1358 2759 1409 2790 νῦ.)

1314 2870 1329 2886 «
1352 2860 1453 2888 Nobili
1477 2860 1541 2888 viro
1565 2860 1665 2888 Rieca.
1693 2860 1725 2888 (le
1749 2859 1854 2892 Clara,
1881 2859 2049 2889 Goncestrie
2071 2864 2096 2888 et
2116 2858 2290 2895 Hests'ordie
