2456 3585
213 331 249 361 22
938 331 1178 362 REGISTRES
1200 330 1507 362 D'ALEXANDRE
1529 333 1583 362 IV.

283 397 337 426 8¹
758 397 876 432 Naples,
894 397 926 424 ‘23
939 398 1053 432 janvier
1070 398 1148 424 1255.

247 458 382 492 Indulget
397 462 427 484 ut
442 458 556 485 vassalli
572 459 737 485 monasterii
749 459 784 485 de
798 459 924 486 Rofrano
943 460 1050 486 nullum
1066 459 1219 495 pedagium

211 507 239 532 in
251 506 367 533 civitate
378 505 583 533 Policastrensi
594 507 706 533 solvere
719 511 879 534 teneantur.
893 507 976 541 (Rau.
987 508 1031 541 24,
1041 516 1067 535 c.
1079 509 1124 541 71,
1134 508 1153 535 f.
1165 509 1219 541 10.)

253 620 265 634 «
287 631 318 642 ..,
337 609 440 645 priori
457 613 483 638 et
502 610 666 638 conventui
681 610 862 638 monasterii
881 609 914 638 de
932 610 1079 646 Itofrano,
1099 610 1219 639 ordinis

209 662 309 690 sancti
332 662 459 696 Basilii,
485 662 715 691 Policastrensis
738 663 872 692 diocesis.
896 663 1113 693 Attendentes
1137 673 1218 702 pure

210 713 394 743 devotionis
421 731 459 734 —
483 724 489 743 z
514 715 633 744 vestris
658 714 957 753 supplicationibus
983 715 1154 751 inclinati,
1183 721 1218 746 ut

209 765 344 795 vassalli
371 766 473 796 vestri
495 767 689 797 monasterii
712 767 799 797 Ville
823 768 861 797 de
883 768 1046 803 Rofrano,
1071 768 1218 799 Policas-

210 819 331 849 trensis
352 819 510 855 diocesis,
533 820 589 858 qui
607 821 691 850 sieut
709 821 859 850 asseritis
875 830 980 859 usque
999 821 1039 850 ad
1059 821 1119 851 lico
1136 826 1218 852 teni-

208 880 287 910 pora
314 872 347 901 in
371 872 503 903 civitate
526 873 760 903 Policastrensi
784 874 945 903 haetenus
962 874 1138 912 pedagium
1156 874 1218 903 ati-

209 925 295 963 quod
320 934 386 955 non
411 925 595 961 solverunt,
621 926 705 955 nulli
725 926 875 956 decetero
897 926 930 955 in
949 926 1061 956 eadem
1084 926 1217 956 civitate

206 987 266 1016 pro
279 987 487 1017 quacumque
503 988 538 1009 re
552 983 660 1017 empta
676 979 726 1008 vel
742 979 874 1009 vendita
892 978 941 1008 vet
958 988 995 1008 ex
1009 988 1217 1017 quacumque

208 1030 274 1061 alia
289 1040 389 1061 causa
406 1031 581 1069 pedagium
598 1032 724 1062 solvere
743 1036 929 1066 teneantur,
949 1033 1144 1062 aiu-toritate
1161 1042 1217 1062 vo-

207 1083 259 1114 bis
280 1084 486 1122 presentium
506 1084 729 1121 indulgemus.
752 1084 844 1114 Nulli
869 1089 930 1114 ete.
950 1089 1060 1115 nostre
1082 1094 1217 1116 conces-

207 1136 313 1167 sionis
343 1141 403 1167 etc.
430 1138 503 1167 Dat.
528 1137 684 1176 Neapoli,
702 1138 733 1167 X
748 1137 907 1167 kalendas
925 1137 1106 1182 februarii,
1129 1147 1216 1168 anno

206 1198 323 1229 prll‘sso.
343 1202 356 1216 »

277 1362 335 1390 82
755 1362 873 1397 Naples,
892 1363 921 1390 13
934 1365 1048 1398 janvier
1064 1364 1143 1392 1255.

240 1424 472 1459 Archiepiscopo
502 1424 677 1451 Ebot-acensi
705 1425 831 1459 mandat,
858 1429 888 1451 ut
908 1426 1026 1460 recipiat
1051 1427 1214 1453 cessionem

205 1473 348 1507 prioratus
369 1472 403 1499 de
424 1472 642 1507 Bridelingtone
667 1482 683 1499 a
705 1473 836 1499 Johanne
853 1473 947 1508 priore
967 1477 1083 1508 propter
1098 1474 1215 1501 insana-

206 1521 290 1547 bilem
307 1521 437 1556 corporis
452 1521 661 1556 aegritudinem
679 1521 792 1548 factam.
808 1522 892 1555 (Rso.
904 1521 947 1554 ⁴24,
961 1530 986 1549 e.
999 1522 1042 1556 72,
1061 1523 1079 1549 f.
1094 1523 1146 1555 10.)

246 1636 259 1649 «
278 1646 310 1658 ..,
330 1624 554 1661 archiepiscopo
577 1624 766 1653 Eboraeensi.
790 1624 837 1653 Ex
856 1627 948 1662 parte
972 1628 1027 1654 tua
1050 1628 1080 1654 et
1101 1624 1213 1654 dilecti

204 1675 265 1704 filii
284 1675 448 1705 ‚Iohannis
473 1676 593 1714 prioris
611 1676 649 1705 de
668 1676 936 1713 Bridelingtone‚
957 1677 1084 1707 ordinis
1107 1678 1214 1707 sancti

202 1729 399 1765 Augustini,
424 1729 642 1758 Elioracensis
665 1729 825 1759 diocesis.
843 1729 907 1759 suit
928 1730 1023 1759 nobis
1042 1730 1214 1761 humiliter

205 1781 435 1819 supplicauun,
450 1786 496 1816 ut,
515 1791 588 1811 euni
606 1782 675 1820 ipse
693 1787 823 1820 propter
837 1783 1058 1813 insanabilem
1073 1784 1125 1813 sui
1141 1793 1213 1813 cor-

203 1834 292 1872 poris
313 1834 535 1871 egritudinem
558 1834 749 1873 hujusmodi
772 1835 932 1872 prioratui
950 1836 1010 1864 libi
1037 1840 1068 1865 ut
1092 1837 1213 1866 dieitur

202 1886 392 1916 immediate
410 1887 556 1925 subjecto
570 1887 684 1917 cedere
704 1888 824 1925 cupiat,
843 1889 1027 1918 cessionem
1042 1889 1149 1927 ipsius
1165 1899 1212 1919 re-

203 1939 268 1977 cipi
289 1939 552 1975 dehenienssate
570 1940 664 1970 Sedis
681 1940 859 1978 apostolice
882 1941 1126 1971 mandaremus.
1144 1943 1212 1972 Nos

202 1992 314 2030 itaque
337 1992 443 2030 ipsius
468 1993 621 2030 precihus
641 1993 814 2027 inclinati,
838 1994 1033 2023 mandamus
1054 1995 1212 2032 quatinus
1256 2017 1258 2022 Α

202 2044 393 2083 1]ιι]”ιι5ῃίοι11
419 2045 603 2074 cessionem
623 2045 764 2083 recipias
784 2050 813 2075 et
835 2046 941 2075 eideni
962 2047 1063 2084 priori
1083 2047 1121 2076 de
1139 2058 1212 2085 pro-

202 2160 317 2189 gruani
336 2151 559 2189 provisionem
573 2152 741 2187 assignes.
760 2152 798 2181 de
815 2161 879 2189 qua
896 2152 972 2181 duni
989 2152 1105 2181 vixerit
1124 2162 1213 2182 com—

202 2204 296 2234 mode
317 2204 423 2233 valeat
446 2204 637 2233 sustentari.
662 2204 940 2234 Contradietores.
967 2206 1040 2234 Non
1060 2206 1212 2235 obstante

202 2257 231 2286 si
268 2256 372 2295 aliqui
404 2274 452 2285 -.
486 2257 559 2286 Dat.
592 2257 731 2296 Neapoli
748 2280 753 2292 ,
784 2257 896 2287 idibus
924 2258 1091 2297 januarii,
1126 2268 1212 2289 anno

200 2310 317 2347 primo.
338 2322 350 2335 »

272 2481 330 2508 83
749 2481 866 2515 Naples,
886 2482 917 2508 li>
930 2483 1044 2516 janvier
1062 2483 1139 2510 1255.

238 2541 379 2576 Hem-ico,
401 2542 537 2577 episcopo
558 2542 771 2578 Lincolniensi,
789 2544 928 2578 indulget,
951 2548 981 2570 ut
1000 2544 1098 2571 decem
1115 2545 1211 2571 clerici

201 2589 294 2624 ipsius
310 2590 359 2623 qui
381 2590 475 2624 ipsius
499 2591 648 2624 obsequiis
664 2591 829 2617 insistunt«
847 2592 881 2618 ad
904 2592 1041 2618 beneficia
1057 2593 1211 2619 ecelesias-

201 2638 256 2664 tica
272 2646 287 2663 a
299 2638 375 2664 veris
392 2638 519 2672 pau-ouis
535 2639 665 2672 ipsorum
682 2640 820 2665 canonice
837 2640 993 2674 presentati
1009 2641 1036 2666 in
1049 2641 1210 2667 assecutio-

203 2687 287 2714 nibus
299 2687 466 2713 eorumdem
483 2687 686 2714 beneficiorum
705 2696 755 2722 per
769 2689 882 2722 aliquos
892 2693 1064 2716 executores
1076 2697 1127 2716 seu
1145 2699 1206 2724 pro-

202 2736 312 2762 visores
339 2743 427 2770 super
453 2736 668 2770 provisionibus
695 2737 889 2770 quorumlibet
909 2745 925 2763 a
954 2736 1028 2763 Sede
1053 2739 1210 2772 apostolica

201 2783 354 2818 deputatos
371 2786 469 2810 contra
482 2784 624 2818 justitiam
646 2784 779 2819 impediri
804 2793 859 2810 non
886 2785 1007 2812 valeant.
1030 2797 1042 2810 ι)
1059 2785 1143 2819 (Rau.
1160 2787 1208 2821 24,

200 2840 226 2859 c.
243 2832 286 2866 73,
304 2831 322 2858 f.
340 2832 405 2861 10'.)

242 2946 255 2961 «
285 2935 432 2970 Henrico,
464 2935 598 2972 episcopo
626 2936 842 2964 Lincolnicnsi.
874 2936 942 2965 Tue
974 2934 1209 2974 tranquillitati

201 2996 237 3017 ac
252 3004 301 3016 -—.
319 2987 393 3017 Dat.
410 2987 561 3026 Neapoli,
579 2988 611 3017 II
628 2987 704 3017 idus
716 2988 875 3027 januarii,
893 2997 980 3018 anno
995 2988 1114 3026 primo.
1134 3000 1146 3015 »

1374 397 1432 426 84
1850 398 1967 434 Naples.
1985 398 2018 426 28
2030 400 2144 434 janvier
2160 399 2238 428 1255.

1337 457 1486 485 Theodino
1501 459 1692 491 subdiacono,
1711 459 1806 486 abbati
1822 460 1987 487 monasterii
2003 468 2028 487 s.
2045 459 2151 486 Mariae
2171 460 2206 487 de
2221 459 2310 488 Bom-

1303 506 1420 540 binaco,
1439 506 1592 534 Valvensis
1607 507 1747 539 diocesis,
1763 516 1849 543 quem
1866 508 1988 535 honesta
2001 508 2183 536 conversatio
2198 512 2228 536 et
2248 516 2311 536 mo-

1303 564 1365 582 rum
1382 556 1510 590 probitas
1525 556 1648 584 reddunt
1661 556 1781 591 dignum
1791 579 1797 588 .
1815 557 1963 592 dispensat
1980 561 2009 584 ut
2019 579 2026 588 ,
2042 565 2098 584 non
2113 557 2246 584 obstante
2259 557 2311 584 de-

1302 603 1378 630 fectu
1395 604 1530 631 natalium
1545 613 1630 639 quem
1648 606 1754 640 patitur
1769 605 1803 631 de
1818 606 1974 640 conjugato
1987 606 2104 640 genitus
2119 609 2148 632 et
2163 606 2267 639 soluta,
2281 606 2308 632 in

1301 653 1447 687 susceptis
1463 653 1625 680 ministrare
1641 653 1792 680 ordinibus
1807 657 1836 680 et
1855 654 1888 680 ad
1911 655 2078 688 superiores
2092 655 2176 681 etiam
2194 662 2310 690 promo-

1302 702 1360 727 veri
1377 709 1410 728 ac
1430 702 1570 729 abbatiam
1588 703 1680 737 ipsam
1696 703 1818 729 retinere
1835 702 1915 729 licite
1932 702 2032 729 valeat.
2050 702 2134 735 (Rea.
2149 702 2198 736 2⁴,
2215 710 2241 729 c.
2257 703 2307 736 74,

1301 750 1320 776 s.
1338 750 1406 782 10¹.)

1343 863 1356 878 «
1384 852 1532 881 Theodino
1554 853 1752 888 subdiacono,
1773 853 1874 882 abbati
1896 854 2077 882 monasterii
2095 858 2196 882 sancte
2213 853 2309 882 Maria

1300 905 1334 933 de
1348 905 1544 940 Bembinaco,
1563 906 1682 935 ordinis
1699 907 1798 935 sancti
1813 906 1981 941 Benedicti,
2005 907 2158 935 l'alvensis
2172 906 2308 936 diocesis.

1300 957 1347 986 De
1370 961 1527 987 consueta
1552 957 1730 995 apostolice
1748 976 1796 987 —.
1823 959 1897 988 Dat.
1919 958 2076 997 Neapoli.
2099 959 2129 989 V
2149 958 2309 989 kalendas

1300 1010 1478 1044 februarii,
1497 1018 1583 1040 anno
1598 1011 1715 1049 primo.
1736 1023 1748 1037 »

1370 1188 1429 1216 85
1847 1187 1965 1223 Naples,
1983 1188 2015 1215 ¹8
2027 1189 2142 1222 jauvier
2158 1188 2236 1216 ¹255.

1334 1249 1478 1284 Episcopo
1501 1249 1690 1276 Dunelmensi
1710 1250 1838 1284 mandat,
1856 1254 1886 1276 ut
1907 1250 2060 1277 nonnullos
2075 1254 2202 1277 rectores
2216 1255 2245 1278 et
2260 1259 2309 1278 ca-

1299 1298 1420 1324 nonicos
1439 1297 1564 1324 diocesis
1585 1297 1619 1324 ad
1645 1298 1828 1324 residentiam
1852 1298 2031 1332 personalem
2053 1303 2081 1325 et
2101 1298 2136 1324 ad
2159 1306 2307 1326 sacrorum

1298 1347 1430 1373 ordinum
1447 1347 1640 1381 receptionem
1654 1347 1816 1382 compellat.
1835 1347 1918 1380 (Rue.
1935 1348 1980 1378 24.
1997 1355 2023 1374 c.
2040 1347 2090 1381 75,
2105 1347 2125 1374 f.
2146 1347 2212 1382 10¹¹.)

1339 1461 1351 1474 «
1371 1471 1405 1483 ..,
1427 1449 1561 1486 episcopo
1583 1449 1790 1477 Dunelmenst'.
1807 1449 1875 1478 Tua
1896 1448 1992 1478 nobis
2012 1449 2204 1479 fraternitas
2226 1449 2308 1479 inti-

1297 1501 1416 1535 mavit,
1435 1500 1521 1539 quod
1538 1500 1690 1537 nonnulli
1707 1505 1850 1531 rectores
1873 1506 1904 1531 et
1923 1502 2075 1531 canonici
2091 1501 2308 1532 ecclesiarum

1297 1558 1351 1583 tue
1373 1554 1518 1583 civitatis
1535 1557 1565 1583 et
1588 1554 1729 1584 diocesis
1746 1554 1786 1583 ad
1802 1563 1912 1584 sacros
1929 1554 2107 1584 ascendere
2127 1554 2261 1586 ordines
2276 1559 2309 1586 et

1297 1606 1331 1635 in
1348 1606 1418 1635 suis
1437 1606 1587 1636 ecelesiis
1609 1606 1826 1636 residentiam
1845 1608 1953 1637 facere
1969 1607 2194 1645 personalem,
2212 1611 2309 1646 prout

1296 1659 1445 1696 ipsarum
1471 1668 1549 1688 cura
1576 1659 1714 1697 requirit
1736 1668 1792 1697 pro
1809 1669 1867 1689 sue
1883 1659 2064 1690 voluntatis
2079 1660 2218 1691 arbitrio
2232 1669 2308 1699 pre-

1299 1712 1484 1741 termittant
1503 1722 1508 1740 :
1527 1717 1658 1749 propter
1674 1712 1761 1750 quod
1776 1712 1889 1742 eedem
1913 1712 2050 1742 ecclesie
2071 1712 2192 1743 debitis
2211 1713 2308 1744 obse-

1297 1764 1385 1803 quiis
1402 1764 1652 1793 defraudantur.
1671 1766 1776 1802 Super
1791 1774 1855 1803 quo
1871 1765 2037 1803 provideri
2051 1774 2069 1795 a
2085 1765 2181 1795 nohis
2196 1765 2308 1795 humi-

1296 1816 1372 1846 liter
1389 1816 1594 1854 supplicasti.
1612 1817 1772 1853 Quocirca
1783 1817 1979 1847 mandamus
1994 1818 2151 1856 quatinus
2163 1822 2307 1848 rectores

1297 1874 1327 1898 et
1348 1869 1524 1899 canonicos
1546 1869 1736 1908 hujusmodi
1759 1874 1793 1899 ut
1817 1879 1926 1899 saeros
1947 1870 2080 1900 ordines
2101 1871 2304 1909 suscipiant,

1297 1931 1371 1951 eum
1388 1931 1405 1950 a
1427 1925 1455 1951 te
1472 1921 1597 1951 luerint
1614 1922 1779 1960 requisiti,
1797 1926 1827 1951 et
1844 1922 1877 1951 in
1899 1923 1969 1952 suis
1985 1922 2135 1953 ecclesiis
2148 1931 2307 1961 persona-

1298 1974 1372 2003 liter
1394 1974 1562 2004 resideant
1582 1979 1614 2003 ut
1641 1979 1794 2004 tenentur
1814 1975 1996 2005 monitione
2018 1976 2225 2014 presentium
2247 1985 2306 2014 per

1296 2028 1557 2057 subtractionem
1569 2033 1788 2066 proventuum
1803 2029 2018 2058 ecelesiarum
2032 2029 2179 2067 ipsarum
2193 2034 2223 2059 et
2236 2038 2306 2068 pre-

202 2098 356 2127 Wnfflffls
370 2098 536 2135 mmmmm
553 2098 701 2135 eiusdom
713 2099 804 2137 juxta
823 2098 997 2128 savuhuhfs
1014 2100 1120 2137 ipsum
1135 2110 1212 2129 ffln-
1256 2086 1258 2125 ς
1296 2081 1478 2110 ΙιριιιΙειῃιΠ]
1495 2082 1658 2111 dictorum
1673 2082 1919 2117 canonicorum,
1935 2082 2154 2120 appellatione
2168 2086 2304 2118 remota,

569 2131 573 2136 '
1296 2135 1455 2172 premissa
1484 2135 1682 2170 monitione,
1711 2135 1900 2173 compellas.
1925 2136 1998 2164 Non
2021 2135 2172 2165 obstante
2202 2135 2230 2166 si
2257 2136 2306 2166 eis
2331 2172 2334 2174 v

1296 2186 1345 2216 vel
1369 2196 1481 2216 eorum
1506 2187 1674 2225 aliquibus
1695 2198 1712 2216 a
1739 2188 1821 2217 Sede
1844 2187 2023 2226 apostolica
2041 2188 2083 2217 sit
2099 2196 2304 2224 concessum,

1296 2239 1382 2277 quod
1399 2240 1438 2269 ad
1455 2240 1703 2278 suscipiendum
1723 2240 1856 2270 ordines
1877 2240 1927 2270 vel
1950 2241 2163 2271 residendum
2184 2241 2219 2270 in
2235 2241 2307 2271 suis

1296 2292 1446 2322 eeclesiis
1463 2298 1629 2331 nequeant
1645 2302 1662 2323 a
1679 2302 1738 2323 suo
1755 2293 1930 2324 diocesano
1946 2293 2109 2332 compelli.
2126 2294 2200 2324 Dat.
2217 2293 2307 2324 Nea-

1294 2345 1372 2383 poli,
1388 2346 1448 2375 XV
1465 2346 1624 2375 kalendas
1640 2346 1813 2381 februarii,
1831 2355 1918 2376 anno
1933 2346 2050 2384 primo.
2071 2358 2084 2372 »

1364 2525 1421 2552 813
1688 2531 1694 2536 ⁴
1858 2523 1980 2558 Naples,
1998 2525 2013 2549 9
2025 2523 2139 2556 janvicr
2157 2522 2232 2550 1255.

1329 2585 1462 2619 indulget
1481 2594 1514 2611 ne
1529 2586 1704 2620 apostolicae
1720 2585 1805 2611 Sedis
1827 2585 1912 2619 legati
1934 2586 2152 2620 procurationes
2165 2593 2305 2620 procura-

1293 2635 1382 2661 torias
1394 2644 1408 2661 a
1421 2635 1603 2660 monasteriis
1615 2634 1817 2660 Cisterciensis
1829 2634 1938 2660 ordinis
1950 2635 2076 2668 exigant,
2089 2633 2138 2660 sed
2151 2633 2186 2660 ad
2201 2633 2303 2660 domos

1293 2683 1386 2717 ipsius
1416 2683 1524 2708 ordinis
1554 2683 1724 2709 accedentes
1757 2683 1830 2709 cibis
1862 2683 2043 2717 regularibus
2076 2682 2135 2708 siut
2162 2682 2301 2709 conteuti.

1296 2730 1377 2764 (Rea.
1393 2731 1439 2761 24,
1456 2739 1482 2758 c.
1500 2731 1544 2763 76,
1564 2732 1582 2758 f.
1606 2732 1673 2764 lov.)

1334 2844 1347 2858 ι(
1375 2833 1530 2861 Unirersis
1551 2833 1708 2862 abbatibus
1729 2838 1754 2862 el
1775 2833 1971 2862 conventibus
1991 2833 2198 2862 cislerciensis
2216 2831 2303 2861 ordi-

1291 2886 1352 2914 πίε.
1383 2884 1467 2915 Cum
1496 2889 1626 2923 propter
1654 2894 1832 2923 pauperem
1859 2885 1984 2915 victum
2013 2888 2160 2915 vestrum
2189 2883 2302 2914 omnia

1291 2937 1377 2967 bona
1399 2941 1508 2967 vestra
1528 2937 1747 2976 hospitalitati
1770 2942 1800 2969 et
1823 2938 1899 2968 aliis
1919 2938 1984 2976 piis
2004 2937 2158 2976 operibus
2177 2935 2302 2967 officio-

1293 2990 1425 3020 sissime
1447 2990 1514 3020 sint
1534 2991 1695 3028 exposita,
1718 2991 1799 3021 satis
1819 2990 2002 3021 inhumane
2019 2989 2094 3020 aliis
2110 2989 2235 3020 auferri
2250 2988 2302 3018 vi-

1774 3057 1790 3067 s

2448 883 2456 920 --ι
2445 827 2456 870 ..aa
2435 771 2456 815 -Ῐ-
2446 701 2456 749 -4-
2451 655 2456 676 .⁴
