2441 3330
962 226 1185 263 PREMIERE
1206 227 1367 264 ANNEE.

186 302 274 330 345

149 362 361 389 Arehidiacono
379 361 566 395 Lugdunensi
583 361 713 393 mandat,
730 364 760 387 ut
776 365 935 387 conventus
954 362 1120 387 monasterii

114 411 150 437 de
171 411 363 437 Erubui-niaco
385 410 419 436 de
439 414 504 437 octo
521 411 632 436 saumis
649 409 784 435 frumeuti
801 413 830 434 et
845 409 963 435 totidem
982 410 1038 435 vini
1059 409 1120 444 puri

112 459 230 494 Hugoui
246 459 281 485 de
298 458 488 485 Emburuiaeo
506 458 665 493 provideat.
682 457 767 490 (Rae.
784 458 828 489 ⁶34,
847 466 871 484 c.
889 458 950 488 289,
970 459 985 484 t'.
1005 457 1073 491 4³3v.)

710 299 826 334 Naples,
845 300 859 326 5
877 308 951 326 mars
972 299 1047 325 1255.

157 566 170 580 «
197 576 230 588 ..,
251 553 470 582 archidiacono
488 553 694 590 Luqdzmensi.
717 552 909 590 Paupertati
930 552 1041 581 dilecti
1062 552 1123 580 filii

114 606 267 643 Hugonis
286 606 325 635 de
348 605 568 635 Emburniaeo
590 605 685 639 laici,
708 605 777 634 nati
799 605 950 642 Hugonis
973 605 1123 634 Matisco-

115 659 245 693 nensiS,
270 658 448 687 familiaris
470 657 581 688 dilecti
604 657 665 686 filii
685 656 836 694 magistri
862 656 967 685 Arloti
990 656 1125 686 subdia-

115 711 191 741 coni
206 715 237 741 et
259 710 380 740 notarii
398 710 517 745 nostri,
537 710 595 749 qui
610 709 735 739 diutius
756 718 814 747 pro
836 709 1053 747 impetrandis
1070 718 1126 738 su-

114 773 173 802 per
195 763 437 794 sustentatione
459 772 519 793 sua
544 762 712 801 aliquibus
734 762 855 791 litteris
879 761 1067 799 apostolicis
1090 762 1126 790 in

115 818 266 847 Romana
281 817 381 847 Curia
398 816 570 851 laboravit,
586 819 722 854 paterno
739 815 977 853 compatientes
994 815 1124 847 affectu,

114 869 310 898 mandamns
332 859 489 907 quatinus
507 869 614 898 eidem
633 868 718 898 laico
735 877 753 897 a
769 867 899 897 dilectis
919 867 998 896 filiis
1016 890 1050 902 ..,
1069 867 1126 896 ab-

115 920 189 950 bate
206 924 237 950 et
253 925 417 951 conventu
430 921 624 951 monasterii
639 921 677 950 de
692 920 913 950 Embruniaco
929 920 1126 957 Lugdunen-

115 973 162 1003 sis
182 973 338 1008 diocesis,
366 973 493 1003 ordinis
516 973 622 1003 sancti
642 972 832 1006 Benedicti,
857 972 891 1001 in
910 976 981 1001 octo
1001 972 1126 1001 saumis

114 1026 274 1056 frumenti
305 1030 335 1056 et
364 1026 501 1056 totidem
528 1026 598 1056 vini
628 1025 703 1063 puri
729 1029 759 1055 et
795 1025 1036 1055 sustentatione
1067 1034 1127 1054 sua

115 1079 275 1118 quamdiu
290 1079 409 1109 vixerit
423 1089 481 1117 per
496 1083 527 1109 te
540 1078 593 1109 vel
609 1078 711 1108 alium
726 1078 829 1108 facias
845 1077 1022 1116 provideri.
1040 1078 1126 1107 Con-

115 1131 322 1162 tradictores.
340 1133 413 1161 Non
436 1132 587 1161 obstante
603 1131 632 1160 si
651 1131 752 1161 iidem
775 1131 876 1160 abbas
897 1134 928 1160 et
946 1134 1127 1160 conventus

116 1184 329 1224 apostolicam
350 1184 594 1222 indulgentiam
621 1184 765 1214 habeant
791 1183 877 1222 qnod
901 1183 1126 1213 exeommuni-

117 1238 185 1268 cari
199 1256 249 1267 —.
271 1239 344 1268 Dat.
362 1237 512 1277 Neapoli,
530 1239 580 1268 ΙΙΙ
597 1246 702 1267 nonas
721 1237 848 1271 martii,
871 1246 958 1266 anno
974 1237 1090 1275 primo.
1112 1249 1124 1263 n

189 1391 276 1419 34ss
695 1389 812 1424 Naples,
832 1389 864 1414 15
881 1396 958 1415 mars
975 1388 1053 1414 ΗΒΕ).

153 1452 265 1478 Statuta
286 1451 532 1478 confi-aternitatis
553 1451 716 1477 Italicorum
739 1450 769 1476 S.
790 1450 915 1484 Spiritus
934 1449 1123 1480 Acconensis,

118 1501 164 1527 die
189 1500 371 1527 pentecostis
394 1499 544 1526 MCCXVI
567 1500 640 1526 faeta
661 1505 689 1526 et
709 1508 724 1525 a
746 1499 854 1526 Jacobo
873 1499 1011 1533 episcopo
1032 1499 1127 1525 Aeco-

118 1551 201 1576 nensi
222 1558 296 1575 anuo
318 1549 456 1575 MCCXX
477 1549 608 1575 roborata
628 1549 792 1580 confirmat,
810 1556 843 1574 ea
858 1548 893 1574 de
910 1548 996 1574 verbo
1012 1548 1045 1574 ad
1063 1556 1126 1574 vei·-

117 1598 186 1625 bum
202 1598 367 1625 inserendo.
386 1598 465 1631 (Ruso.
484 1599 528 1628 ⁵24,
547 1606 562 1624 c
587 1597 650 1628 ⁶290,
666 1598 685 1624 f.
702 1597 772 1630 lrzv.)

157 1706 170 1721 ι(
194 1694 366 1723 Rectoribus
389 1699 415 1723 et
437 1694 587 1729 fratribus
613 1694 781 1729 confratrie
812 1693 999 1721 l'talicorum
1020 1692 1126 1721 Sancti

114 1747 250 1785 Spiritus
266 1747 455 1776 Acconensis.
476 1746 597 1776 Petitio
613 1749 723 1775 vestra
741 1745 836 1774 nobis
853 1745 1000 1774 exhibita
1022 1744 1128 1773 001111-

115 1799 214 1830 nebat
226 1799 313 1838 quod
324 1808 381 1829 vos
393 1799 472 1829 olim
483 1808 541 1837 pro
553 1799 651 1828 Terre
667 1798 785 1828 Sancte
797 1798 947 1828 subsidio
961 1797 1048 1826 inter
1062 1796 1127 1826 alia

115 1851 226 1882 taliter
251 1851 448 1886 ordinastis,
472 1855 509 1881 ut
530 1851 671 1890 quilibet
695 1855 843 1880 vestrum
867 1859 1001 1880 suorum
1022 1854 1129 1879 recto-

115 1913 191 1934 rum
213 1905 270 1943 qui
297 1913 354 1942 pro
377 1908 522 1942 tempore
546 1903 672 1933 fuerint
696 1903 847 1932 honestis
870 1902 1035 1932 mandatis
1056 1902 1129 1932 obe-

117 1957 227 1992 diens,
259 1961 411 1987 teneat-ur
442 1956 559 1986 diebus
589 1955 732 1993 singulis
763 1956 872 1985 dicere
897 1955 1019 1993 septies
1043 1960 1130 1992 pater

117 2015 228 2040 noster.
247 2011 413 2044 Preterea,
432 2009 461 2039 si
477 2008 623 2048 aliquem
639 2008 678 2038 de
693 2008 787 2038 vobis
802 2008 967 2037 infirmari
983 2007 1131 2045 eontige-

118 2063 173 2097 rit,
191 2062 311 2092 habeat
329 2062 399 2100 ipse
416 2062 506 2091 omni
529 2062 581 2092 die
598 2065 724 2091 certum
741 2061 821 2099 quid
833 2061 871 2090 de
891 2060 1057 2090 communi
1074 2060 1130 2089 do-

119 2125 180 2146 nec
195 2115 297 2145 fuerit
312 2115 484 2145 liberatus.
504 2115 539 2145 Si
557 2124 634 2144 vero
653 2114 693 2144 ab
715 2114 863 2143 inimicis
882 2117 996 2152 captus
1015 2113 1132 2143 extite—

120 2169 180 2200 rit.
207 2173 274 2199 tam
299 2178 356 2207 pro
384 2168 609 2206 redemptione
636 2167 743 2206 ipsius
768 2176 785 2196 a
807 2167 988 2196 confratria
1005 2170 1129 2201 vestra,

121 2231 219 2261 quarn
235 2225 308 2259 post
322 2220 554 2251 liberationem
574 2229 669 2250 suam
685 2229 703 2249 a
721 2219 864 2258 singulis
886 2219 1045 2249 fratribus
1061 2228 1132 2248 001-

120 2279 187 2305 tam
204 2275 327 2304 habere
344 2274 439 2304 debet
455 2274 594 2312 pecunie
613 2273 850 2312 quantitatem;
869 2272 968 2311 idque
987 2275 1132 2310 postmo-

120 2328 198 2358 dum
226 2327 310 2357 bone
333 2327 491 2357 memorie
523 2350 540 2355 ..
569 2326 796 2361 Tusculanus,
826 2330 904 2355 111110
929 2323 1132 2354 Aceonensis

120 2381 305 2419 episcopus,
324 2380 499 2410 accedente
513 2388 678 2409 consensu
692 2379 799 2416 ipsius
813 2377 961 2416 capituli.
977 2376 1132 2414 approba-

119 2433 177 2469 vit,
195 2437 290 2472 prout
309 2433 343 2462 in
359 2433 481 2463 litteris
497 2433 574 2462 inde
591 2432 751 2462 confectis
768 2431 890 2460 dicitur
909 2430 1040 2468 plenius
1059 2438 1132 2458 eon-

120 2486 232 2516 tineri.
258 2486 326 2515 Nos
353 2485 456 2523 igitur
482 2485 602 2515 vestris
633 2483 933 2522 supplicationibus
962 2481 1130 2516 inclinati,

121 2539 208 2578 quod
226 2548 324 2577 super
344 2538 410 2568 hiis
431 2547 449 2567 a
468 2537 560 2567 vobis
580 2537 633 2575 pie
655 2546 692 2566 ac
708 2536 842 2574 provide
860 2536 983 2564 sactum
1000 2538 1059 2569 est,
1084 2543 1132 2562 ra-

120 2595 190 2621 tum
213 2591 373 2621 habentes
397 2594 427 2620 et
450 2594 595 2627 gratum,
624 2588 707 2618 illud
734 2587 929 2617 auctoritate
955 2585 1133 2624 apostolica

122 2644 356 2673 confirmamus
371 2647 431 2672 etc.
451 2651 554 2680 usque
571 2651 577 2670 :
595 2641 851 2671 communimus.
868 2641 1029 2669 'sanorem
1045 2637 1134 2667 litte-

122 2705 235 2726 rarum
252 2696 399 2733 ipsarum
420 2694 458 2724 de
477 2694 575 2724 verbo
592 2693 632 2722 ad
648 2693 784 2722 verbum
803 2691 1013 2730 presentibus
1030 2689 1134 2719 inseri

122 2749 296 2783 facientes,
314 2747 371 2786 qui
390 2746 465 2776 talis
482 2750 531 2776 est
549 2756 554 2774 :

539 2824 709 2851 Satnt-Joan
727 2825 843 2858 d’Acre,
860 2824 894 2850 29
911 2824 965 2849 mai
985 2821 1063 2848 1216.

169 2905 181 2919 ι(
202 2893 238 2921 Ι11
258 2891 388 2921 nomin*-
406 2890 509 2920 eto-rui
532 2889 591 2918 Dei
610 2887 866 2926 Onmipotentis,
891 2886 1008 2922 Patris,
1028 2890 1057 2914 et
1082 2884 1136 2913 Fi-

1206 310 1219 325 ))

1204 362 1217 377 ))

1205 415 1218 429 ))

1206 468 1218 482 J)

1207 520 1220 535 ›)

1208 572 1220 586 ))

1208 624 1221 638 ))

1209 677 1221 691 D

1209 729 1222 744 ))

1210 782 1223 796 ))

1211 835 1223 848 ))

1211 887 1223 901 ))

1211 939 1223 954 ))

1211 992 1224 1006 ))

1212 1044 1224 1059 ))

1212 1098 1224 1111 ))

1212 1203 1224 1217 ))

1211 1256 1224 1269 ))

1212 1309 1224 1323 ))

1211 1362 1224 1375 ))

1211 1415 1223 1428 ὶ)

1211 1522 1223 1536 ))

1211 1627 1224 1642 ))

1211 1680 1224 1694 ))

1212 1733 1224 1747 ))

1213 1786 1225 1800 ))

1213 1839 1226 1854 ))

1214 1893 1226 1907 ))

1214 1945 1227 1959 ))

1214 1998 1227 2012 ὶ)

1215 2051 1228 2065 ))

1215 2103 1228 2117 ))

1217 2156 1229 2170 ))

1217 2208 1229 2223 ))

1217 2261 1229 2275 J)

1217 2368 1229 2381 ))

1218 2420 1230 2433 >)

1218 2472 1230 2486 ))

1218 2525 1230 2539 ))

1217 2577 1230 2591 ))

1218 2630 1231 2643 Ἰ)

1219 2734 1231 2748 ))

1220 2788 1232 2801 ))

1220 2840 1232 2853 ))

1221 2893 1233 2906 ὶ)

2152 237 2208 267 103

1244 299 1293 335 111,
1314 304 1344 329 01
1367 301 1510 338 Spiritus
1527 302 1650 337 saneti,
1670 302 1786 331 Amen.
1809 302 1859 331 Ad
1876 301 2035 332 honorem
2049 302 2207 332 Crucifixi

1242 355 1274 381 et
1290 353 1360 391 ejus
1372 353 1610 389 gloriosissime
1622 354 1737 383 Matris
1748 354 1897 391 Virginis
1914 355 2027 390 Marie,
2045 355 2207 385 omnium-

1244 413 1306 442 que
1324 408 1512 434 sanctorum
1529 410 1625 444 atque
1642 410 1829 435 sanctarum
1851 406 1922 440 Dei,
1941 411 1971 436 et
1994 407 2033 436 ad
2048 407 2208 437 honorem

1244 460 1275 486 et
1302 457 1484 494 profectum
1508 458 1608 487 totius
1631 458 1893 488 Christianitatis
1916 463 1946 487 et
1971 458 2116 488 Ecclesie
2140 460 2207 488 Ro-

1244 518 1341 538 mane
1358 513 1388 538 et
1407 510 1649 547 patriarchatus
1666 514 1696 539 et
1713 519 1829 539 corone
1852 510 1945 546 regni
1965 511 2060 548 Syrie
2084 514 2113 539 et
2134 519 2207 548 spe-

1245 560 1374 590 cialiter
1389 562 1424 590 in
1441 571 1600 591 succursu
1616 566 1647 591 et
1665 561 1813 591 subsidio
1826 563 1923 591 Terre
1943 563 2059 591 Sancte
2075 564 2207 592 «101050-

1245 612 1407 647 limitane,
1426 622 1484 642 nos
1500 613 1666 651 peregrini
1686 613 1794 642 Ytalie
1816 622 1889 641 eum
1910 613 1969 642 Dei
1987 613 2108 642 auxilio
2123 614 2208 643 hanc

1246 666 1387 695 facimus
1411 666 1716 695 confraternitatem
1739 665 1791 694 die
1814 666 2040 700 pentecostes,
2066 665 2209 695 dictante

1248 717 1374 755 Spiritu
1397 718 1530 748 Sam-10,
1554 727 1610 755 pro
1634 717 1829 747 remissione
1850 721 2055 754 peecatorum
2082 721 2210 746 nostro-

1248 780 1322 799 rum
1338 774 1434 809 atque
1452 775 1624 808 parentum
1640 770 1853 808 omniumque
1873 769 2020 798 fidelium
2038 774 2068 799 et
2086 770 2209 799 intuitu

1248 823 1380 860 pietatis
1413 827 1443 851 et
1470 823 1695 852 misericordie
1725 822 1765 851 ad
1795 822 1937 851 invicem
1963 822 2207 859 promittentes,

1249 875 1336 914 quod
1350 875 1448 904 istam
1469 875 1738 904 conservabimus
1759 874 1947 903 societatem
1968 874 2053 903 bona
2077 874 2138 903 tide
2159 883 2210 904 se-

1249 928 1393 957 cundum
1414 932 1562 957 nostrum
1584 936 1679 965 posse
1698 931 1729 956 et
1749 927 1819 965 ejus
1841 926 1994 964 capitula,
2019 927 2104 956 sicut
2126 926 2211 956 infe-

1248 980 1319 1009 rius
1338 980 1571 1011 continebitur,
1591 983 1621 1009 et
1638 979 1723 1017 quod
1734 979 1897 1008 mandatis
1914 983 2076 1008 rectorum
2090 982 2212 1008 nostro—

1249 1042 1333 1067 rum,
1352 1036 1418 1061 tam
1433 1032 1637 1070 presentium
1653 1041 1751 1070 quam
1767 1032 1953 1061 futurorum
1971 1041 2027 1069 pro
2044 1031 2166 1061 honore
2182 1035 2213 1061 et

1249 1085 1392 1115 utilitate
1410 1085 1577 1114 societatis
1596 1085 1690 1114 nobis
1710 1085 1807 1113 saetis
1823 1084 2013 1113 obediemus
2033 1093 2089 1122 pro
2106 1093 2210 1122 posse.

1253 1151 1264 1163 >⁷
1292 1139 1387 1169 Unde
1415 1138 1566 1167 volumus
1596 1137 1681 1175 quod
1704 1137 1903 1175 quicumque
1930 1137 2014 1166 hanc
2041 1136 2213 1166 intraverit

1250 1191 1553 1221 confraternitatem
1586 1191 1674 1219 omni
1704 1190 1754 1219 die
1783 1190 1890 1219 dicere
1918 1193 2068 1219 1000111111
2092 1189 2212 1227 septies

1246 1249 1334 1281 pater
1358 1248 1456 1272 noster
1477 1243 1517 1271 ad
1541 1242 1699 1271 honorem
1725 1242 1836 1272 Sancti
1863 1242 2005 1279 Spiritus
2026 1242 2119 1280 cujus
2144 1242 2213 1271 ins-

1249 1297 1354 1326 tinctu
1373 1296 1562 1333 congregati
1577 1296 1701 1325 fuimus
1716 1295 1767 1323 <tte
1784 1296 1994 1324 Pentecostes
2012 1299 2041 1324 et
2058 1304 2113 1332 pr»
2130 1294 2212 1323 vivis

1250 1355 1280 1380 et
1298 1349 1448 1383 mortuis,
1470 1349 1498 1378 si
1514 1348 1704 1377 reemwlatus
1720 1348 1836 1383 fuerit,
1856 1352 1883 1376 et
1907 1352 1939 1376 ut
1958 1347 2116 1376 Dominus
2133 1356 2213 1383 aug—

1248 1406 1372 1432 mentet
1385 1406 1415 1431 et
1432 1405 1602 1431 conservet
1618 1401 1702 1429 hane.
1718 1400 1918 1429 societatem.

1250 1466 1263 1481 ›>
1282 1455 1375 1489 Item,
1390 1454 1476 1493 quod
1492 1463 1577 1483 unus
1594 1453 1695 1483 alium
1710 1453 1863 1491 adjuvare
1881 1457 2029 1482 teneatur
2045 1461 2101 1489 pro
2114 1460 2209 1489 posse

1249 1510 1289 1539 ad
1302 1509 1474 1544 rationem,
1494 1513 1560 1538 tam
1575 1509 1610 1537 in
1626 1508 1773 1537 adversis
1790 1516 1888 1546 quam
1903 1507 1937 1535 in
1953 1507 2129 1544 prosperis.

1251 1575 1263 1589 υ
1282 1564 1366 1592 Item
1379 1562 1530 1591 volumus
1547 1561 1648 1599 quod,
1674 1561 1702 1589 si
1718 1560 1792 1598 quis
1809 1560 1847 1589 de
1863 1559 2132 1589 confraternitate
2148 1559 2212 1588 ista

1249 1615 1436 1644 infirmatus
1466 1615 1584 1649 suerit,
1618 1613 1738 1643 habeat
1772 1612 1810 1641 de
1845 1611 2010 1641 communi
2046 1611 2212 1641 societatis

1248 1668 1338 1697 omni
1359 1667 1411 1697 die
1432 1676 1487 1696 sex
1508 1666 1661 1696 denarios
1678 1665 1779 1694 donec
1794 1665 1963 1699 liberetur,
1987 1664 2014 1693 si
2032 1673 2095 1692 non
2115 1663 2213 1693 habet

1250 1721 1336 1750 unde
1359 1720 1462 1758 possit
1487 1718 1677 1749 sustentari.
1705 1718 1740 1747 Si
1765 1726 1841 1747 vero
1864 1716 2042 1746 decesserit
2067 1725 2131 1745 11011
2154 1715 2213 1745 ha-

1250 1774 1331 1803 bens
1350 1773 1437 1803 unde
1453 1772 1556 1810 possit
1577 1770 1721 1809 sepeliri,
1741 1769 1920 1808 sepeliatur
1936 1769 1973 1798 de
1988 1768 2168 1803 communi,
2184 1772 2215 1797 et

1252 1827 1391 1865 quilibet
1406 1827 1545 1855 fratrum
1561 1825 1595 1853 in
1612 1824 1713 1853 missa
1727 1822 1875 1853 defuncti
1891 1822 2059 1851 candelam
2073 1826 2103 1851 et
2119 1821 2214 1851 dena-

1251 1880 1338 1909 rium
1357 1880 1474 1909 offerre
1499 1881 1649 1908 teneatur
1668 1877 1695 1906 si
1712 1876 1759 1905 ibi
1778 1875 1896 1910 fuerit3
1915 1879 1945 1904 et
1968 1875 1996 1904 si
2017 1884 2081 1904 non
2103 1874 2213 1909 fuerit,

1252 1932 1405 1963 denarios
1422 1931 1502 1960 duos
1523 1930 1705 1960 rectoribus
1727 1929 1835 1957 mittat
1857 1927 1909 1957 vel
1931 1936 2043 1957 eorum
2064 1927 2216 1956 mandato

1253 1990 1283 2016 et
1297 1994 1411 2015 omnes
1428 1984 1610 2013 confratres
1628 1983 1663 2011 111
1680 1981 1793 2011 eodem
1814 1981 1883 2010 loco
1898 1983 2083 2017 presentes,
2105 1979 2162 2017 qui
2177 1979 2215 2009 de

1253 2038 1323 2077 ejus
1340 2041 1443 2066 morte
1467 2035 1611 2070 sciverit,
1632 2037 1807 2063 teneantur
1826 2033 1873 2062 ire
1894 2032 1934 2062 ad
1955 2032 2127 2061 ecclesiam
2143 2040 2218 2060 eum

1253 2094 1382 2120 mortuo
1399 2094 1429 2119 et
1448 2089 1493 2117 ibi
1511 2098 1582 2118 esse
1603 2087 1704 2117 donec
1721 2085 1909 2124 sepeliatur,
1931 2084 1997 2114 nisi
2009 2085 2097 2123 justo
2113 2083 2217 2121 impe-

1254 2144 1399 2173 dimento
1426 2142 1474 2171 vel
1499 2140 1654 2179 parabola
1678 2143 1841 2169 rectorum
1864 2136 2083 2167 remanserint
2108 2140 2139 2165 et
2160 2144 2217 2174 pro

1255 2197 1325 2236 ejus
1353 2196 1463 2227 anima
1492 2193 1705 2230 omniumque
1727 2191 1929 2221 confratrum
1947 2193 2044 2227 atque
2070 2188 2218 2218 fidelium

1254 2249 1485 2278 defunctorum
1503 2248 1676 2275 teneantur
1692 2247 1823 2273 cantare
1838 2243 1902 2271 XII
1917 2246 2004 2279 paler
2018 2246 2127 2269 noster.

1257 2315 1269 2328 ι)
1288 2303 1371 2331 Item
1387 2300 1549 2333 volumus,
1575 2297 1660 2336 quod
1683 2305 1796 2325 omnes
1817 2295 1855 2324 de
1877 2294 2033 2324 societate
2055 2293 2113 2331 qui
2128 2295 2218 2330 pote-

1254 2358 1332 2384 runt
1351 2354 1457 2392 prima
1473 2351 1638 2381 dominica
1657 2349 1833 2388 cujuslibet
1852 2347 1976 2377 mensis
1995 2349 2168 2376 teneantur
2183 2345 2217 2374 in

1255 2416 1320 2437 uno
1343 2405 1518 2435 convenire
1542 2404 1629 2437 loco,
1656 2402 1741 2432 510111
1759 2401 1807 2431 eis
1823 2400 2053 2430 denuntiatum
2076 2397 2177 2428 suerit
2201 2406 2219 2426 a

1255 2459 1438 2489 rectoribus
1462 2457 1512 2487 vel
1535 2465 1647 2486 eorum
1675 2454 1806 2489 nuntio,
1827 2453 1867 2482 all
1889 2452 2024 2481 missam
2043 2451 2076 2480 111
2096 2451 2219 2480 11011010

1255 2511 1369 2542 Sancti
1392 2510 1535 2548 Spiritus
1559 2507 1768 2542 audiendam,
1791 2506 1825 2534 in
1849 2514 1913 2543 qua
1937 2503 2060 2540 singuli
2087 2510 2220 2541 presen-

1257 2565 1340 2593 tium
1364 2563 1537 2592 denarium
1565 2569 1667 2590 unuin
1693 2560 1809 2587 offerre
1837 2560 2010 2586 teneantur
2035 2566 2040 2584 :
2068 2555 2219 2584 absentes

1256 2626 1332 2646 vero
1349 2615 1531 2645 rectoribus
1549 2612 1599 2642 vel
1617 2622 1675 2641 suo
1691 2611 1843 2639 iiutmlato
1860 2609 2001 2638 mittant.

1259 2681 1272 2695 »
1296 2670 1379 2698 Item
1400 2667 1429 2697 si
1450 2666 1524 2705 quis
1547 2666 1585 2694 (le
1609 2664 1763 2694 societate
1783 2662 1940 2699 rapiatur,
1959 2660 2044 2698 quod
2062 2659 2219 2689 Dominus

1257 2725 1393 2755 avertat,
1409 2729 1466 2757 pro
1478 2728 1537 2748 sua
1552 2716 1775 2753 redemptione
1792 2714 1909 2743 halwat
1921 2722 1936 2742 a
1954 2712 2099 2750 quotilwt
2115 2711 2151 2740 tle
2169 2720 2220 2739 so-

1257 2774 1374 2804 cietate
1394 2771 1546 2801 denarios
1567 2779 1632 2803 sex,
1651 2769 1678 2797 si
1699 2767 1800 2797 11101111
1822 2765 1922 2795 suerit
1940 2765 1973 2793 in
1991 2763 2171 2798 ronnnuni;
2193 2762 2221 2792 si

1258 2836 1333 2856 vero
1357 2824 1482 2862 aliquid
1499 2822 1595 2851 fuerit
1614 2821 1646 2849 in
1665 2819 1842 2852 communi,
1861 2818 1978 2846 habeat
1998 2816 2035 2844 (10
2056 2814 2220 2843 communi

1258 2879 1369 2909 decem
1395 2876 1553 2905 bizantios
1580 2881 1789 2906 sarracenos,
1815 2875 1845 2900 et
1868 2873 1939 2907 post
1961 2869 2030 2905 ejus
2053 2866 2221 2896 liberatio-
