2441 3330
198 238 236 267 78

199 311 236 332 ex
261 302 310 332 eis
337 301 388 331 vel
415 301 456 331 ob
480 301 570 339 ipsas
599 311 809 342 nequaquam
839 303 990 334 obstante
1013 303 1208 334 auctoritate

199 354 377 392 apostolica
397 354 632 384 confirmamus
655 360 715 385 etc.
738 365 843 395 usque
864 357 1125 392 communimus,
1152 356 1209 386 de-

197 410 372 437 cernentes
389 406 628 437 nichilominus
644 408 776 438 iri-itum
791 413 821 439 et
837 409 938 440 inane
954 410 983 440 si
999 409 1080 448 qnid
1095 413 1209 439 contra

197 459 259 489 hoc
275 468 293 489 a
307 468 474 498 quoquam
490 461 667 498 contigerit
683 462 884 500 attemptari.
902 463 995 493 Nulli
1014 467 1074 493 etc.
1097 466 1208 492 nostre

198 512 460 542 confirmationis
477 517 507 542 et
521 514 769 547 constitutionis
781 519 842 545 etc.
860 516 933 545 Dat.
946 515 1097 554 Neapoli,
1111 515 1208 545 nonis

198 564 320 600 martii,
339 574 425 595 anno
440 565 558 604 primo.
578 578 591 593 n

271 750 358 778 28³2

234 811 333 838 Eidem
355 813 505 840 confirmat
526 814 600 841 idem
619 823 668 849 pro
685 815 748 841 aliis
764 815 908 842 ecclesiis.
925 814 1008 848 (Rso.
1025 815 1057 842 24
1069 836 1075 848 ,
1091 823 1117 842 c.
1132 815 1206 846 2412,

198 859 218 887 f.
236 859 291 892 32.)

797 753 915 787 Naples,
933 754 947 779 7
964 761 1040 779 mars
1058 754 1136 780 1255.

242 974 254 988 (ι
274 962 402 991 Eisdem.
424 963 506 994 Cum
528 973 545 993 a
560 964 655 994 nobis
675 964 798 1002 petitur
814 969 874 995 etc.
892 974 998 1004 usque
1017 975 1023 994 ε
1041 965 1207 995 effectum.

199 1013 282 1044 Cum
298 1014 410 1051 igitur,
430 1015 515 1045 sicut
531 1015 676 1046 exhibita
696 1017 792 1047 nobis
808 1021 917 1047 vestra
930 1017 1047 1056 petitio
1063 1017 1209 1048 contine-

198 1065 264 1101 bat,
283 1066 366 1096 bone
383 1069 540 1099 memorie
561 1070 674 1107 Ilugo,
699 1070 945 1101 Lincolniensis
965 1070 1152 1109 episcopus,
1174 1071 1208 1101 in

199 1119 238 1149 de
272 1120 526 1157 Ravcncsdene,
562 1122 601 1151 tle
630 1123 809 1159 VVilitone,
841 1124 879 1153 dc
912 1123 1082 1154 Saleforde
1109 1128 1140 1154 et
1169 1125 1207 1155 de

199 1171 395 1203 Goldvitone
412 1174 579 1210 ecclesiis,
602 1175 847 1206 Lincolniensis
870 1176 1029 1211 diocesis,
1052 1186 1134 1216 quas
1151 1187 1208 1208 vos

200 1223 245 1262 (uc
269 1226 300 1253 in
319 1226 383 1254 alia
405 1227 508 1265 usque)
529 1244 568 1248 —
587 1227 711 1257 suerint
734 1228 925 1267 hujusmodi
948 1230 1114 1260 taxatione
1131 1239 1209 1260 con-

198 1276 298 1312 tenti,
320 1286 379 1306 1105
396 1279 515 1308 vestris
537 1280 836 1318 supplicationibus
853 1281 1022 1318 inclinati,
1045 1282 1132 1321 quod
1151 1292 1209 1321 per

198 1329 340 1359 eundem
357 1330 546 1369 episcopum
563 1341 662 1370 super
678 1333 737 1363 hoc
753 1334 886 1371 provide
900 1335 1024 1364 factum
1039 1339 1087 1365 est
1100 1339 1208 1365 ratum

197 1380 360 1412 habentes
381 1387 411 1412 et
437 1387 583 1421 gratum,
605 1385 639 1414 id
663 1394 728 1415 non
749 1386 959 1416 obstantibus
981 1386 1104 1417 litteris
1126 1397 1208 1426 quas

198 1436 401 1465 venerabilis
423 1436 526 1467 frater
554 1443 665 1468 noster
685 1462 720 1474 ..‚
745 1439 991 1470 Lincolniensis
1014 1441 1206 1479 episcopus,

199 1496 298 1525 super
319 1489 471 1519 taxandis
492 1489 626 1520 vicariis
648 1491 687 1521 de
709 1500 793 1521 novo
815 1496 846 1522 et
865 1493 1119 1530 augmentandis
1140 1494 1207 1533 jam

198 1541 318 1570 taxatis
342 1541 377 1570 in
405 1541 555 1573 ecclesiis
578 1543 813 1581 religiosorum
836 1545 981 1576 civitatis
1009 1551 1040 1576 et
1066 1547 1208 1578 diocesis

198 1593 445 1624 Lincolniensis
459 1604 477 1624 a
494 1596 576 1626 Sede
593 1597 772 1634 apostolica
788 1602 823 1627 ut
839 1598 960 1628 dicitur
974 1599 1164 1638 impetravit
1177 1604 1207 1631 et

195 1646 353 1685 quicquid
370 1652 519 1678 secutum
540 1658 577 1678 ex
595 1650 642 1679 eis
659 1651 759 1680 suerit
776 1651 828 1681 vel
843 1651 883 1681 011
903 1651 992 1690 ipsas
1011 1653 1208 1684 auctoritate

199 1699 378 1736 apostolica
394 1702 627 1731 confirmamus
645 1706 705 1732 etc.
723 1712 828 1741 usque
848 1714 853 1732 ε
870 1705 1124 1736 communimus.
1142 1707 1208 1736 De-

199 1756 372 1783 cernentes
390 1753 629 1784 nichilominus
643 1756 774 1785 irritum
787 1760 817 1786 et
831 1757 942 1791 inane,
958 1758 986 1787 si
1001 1759 1081 1797 quid
1093 1764 1208 1789 contra

197 1804 259 1834 hoc
276 1814 293 1834 a
310 1814 475 1845 quoquam
492 1808 667 1845 contigerit
684 1810 883 1847 attemptari.
903 1810 996 1840 Nulli
1012 1816 1073 1841 etc.
1096 1817 1206 1843 nostre

197 1858 459 1889 confirmationis
474 1863 505 1889 et
521 1861 769 1891 constitutionis
786 1867 844 1891 etc.
864 1864 938 1893 Dat.
956 1868 991 1894 ut
1008 1874 1118 1903 supra.
1140 1878 1153 1892 n

269 2044 357 2072 288

231 2104 341 2131 Jacobo
357 2105 533 2139 Nepuleonis
548 2106 690 2134 Joltannis
706 2107 847 2142 Gaietani‚
863 2109 918 2135 civi
935 2118 1060 2142 romano,
1079 2117 1204 2139 castrum

198 2152 228 2179 S.
256 2152 357 2180 Donati
378 2154 404 2179 in
428 2162 517 2188 regno
543 2154 657 2182 Siciliae
679 2156 707 2182 in
730 2157 847 2183 seudum
870 2158 1030 2185 confirmat.
1058 2159 1140 2192 (Rau.
1160 2161 1205 2196 24,

196 2209 222 2227 c.
238 2201 302 2235 24²2,
318 2202 336 2227 f.
352 2202 406 2235 327..)

780 2046 896 2081 Naples,
913 2048 945 2074 ‘27
963 2056 1039 2075 mars
1058 2050 1134 2076 1Q55.

238 2315 251 2329 «
269 2304 369 2332 Nobili
384 2305 452 2333 viro
467 2306 573 2334 Jacobo
592 2306 772 2343 Neptcleonis
792 2309 943 2338 ,Iohannis
968 2310 1125 2345 Gaietam',
1145 2313 1206 2341 civi

195 2365 335 2385 romano.
353 2357 420 2386 Tne
443 2357 628 2388 dovotionis
651 2359 826 2390 sinceritas
848 2379 896 2390 —.
916 2362 1001 2392 Sane
1016 2363 1132 2401 petitio
1151 2368 1204 2394 tua

196 2408 292 2438 nobis
305 2408 451 2438 exhibita
465 2410 665 2446 continebat,
679 2413 765 2450 quod
779 2422 852 2442 cum
866 2418 968 2452 prote
985 2415 1055 2453 ipso
1073 2417 1205 2456 tuisque

195 2460 355 2498 legitimis
372 2463 620 2492 successorilms
642 2464 675 2492 in
697 2466 865 2502 presentia
881 2466 989 2497 felicis
1005 2469 1206 2500 recordatio-

196 2513 250 2543 nis
265 2514 290 2542 I.
304 2522 385 2550 pape
402 2514 645 2551 predecessoris
660 2517 763 2546 nostri
777 2517 950 2549 humiliter
961 2523 1203 2558 recognoveris,

196 2569 341 2595 castrum
365 2567 470 2596 sancti
485 2568 603 2597 Donati
623 2569 657 2597 in
675 2579 775 2605 reg-no
795 2571 909 2601 Sicilie
925 2574 1067 2610 positum
1085 2575 1125 2604 ab
1143 2576 1204 2606 Ec-

195 2617 297 2648 clesia
313 2619 461 2648 Romana
479 2624 589 2649 tenere
606 2621 640 2649 in
661 2622 797 2651 seudum
816 2623 969 2663 idemque
993 2626 1205 2663 predecessor

196 2674 226 2700 te
251 2674 389 2708 tuosque
410 2671 575 2708 legitimos
597 2682 804 2704 successores
830 2676 1017 2707 investierit
1039 2679 1077 2709 de.
1096 2684 1203 2710 castro

195 2723 342 2761 predicto
357 2723 440 2753 illud
456 2724 553 2754 etiam
570 2725 630 2755 tibi
642 2727 680 2755 tle
695 2736 778 2758 novo
792 2730 986 2766 concedens,
998 2737 1127 2770 recepto
1141 2743 1159 2763 a
1172 2737 1202 2763 te

194 2775 366 2805 fidelitatis
389 2776 497 2806 debite
515 2777 718 2816 juramento,
744 2790 802 2811 nos
822 2782 887 2811 tuis
904 2783 1202 2821 supplicationibus

195 2827 366 2863 inclinati,
385 2829 471 2867 quod
488 2839 506 2859 a
525 2830 611 2859 (licto
631 2832 863 2868 predecessore
884 2844 982 2873 super
1002 2836 1063 2865 hoc
1079 2838 1201 2867 factum

195 2884 243 2909 est
260 2885 367 2910 ratum
386 2880 547 2912 habentes
567 2886 597 2912 et
616 2888 756 2921 gratum,
776 2896 811 2915 ac
828 2890 858 2916 tc
878 2891 1014 2926 tuosque
1031 2898 1201 2920 successo-

1240 2288 1250 2936 1

922 237 1162 269 REGISTRES
1184 237 1492 269 D'ALEXANDRE
1516 240 1569 269 IV.

1290 312 1344 333 res
1355 303 1522 341 legitimos
1535 305 1574 336 de
1588 309 1696 336 castro
1709 306 1781 345 ipso
1794 306 2012 338 investientes
2024 307 2063 338 de
2074 316 2168 342 novo,
2180 307 2214 338 id
2226 316 2300 338 auc-

1291 355 1423 386 toritate
1442 357 1621 395 apostolica
1637 359 1872 389 confirmamus
1887 362 1948 389 etc.
1966 368 2071 398 usque
2089 370 2096 389 z
2115 360 2300 390 communi-

1291 417 1365 438 mus
1381 418 1417 439 ac
1437 409 1524 440 idem
1543 415 1688 441 castrum
1709 411 1749 442 ad
1768 412 1875 442 instar
1892 412 2136 450 predecessoris
2151 412 2300 452 ejusdem

1291 461 1352 491 11111
1367 462 1520 493 duximus
1537 464 1794 495 concedendurn.
1810 465 1903 495 Nulli
1919 469 1980 495 etc.
1997 460 2109 496 'nostre
2125 464 2300 496 confirma·
2325 499 2328 502 ,

1291 515 1393 545 1101115
1415 520 1447 545 01
1471 517 1696 547 concessionis
1719 522 1778 548 etc.
1799 518 1873 548 Dat.
1897 518 2054 556 Neapoli,
2075 519 2121 548 VI
2140 517 2300 549 kalendas

1292 568 1419 606 aprilis,
1435 578 1522 599 anno
1539 569 1654 608 primo.
1676 583 1689 597 »

1362 753 1448 783 289

1327 814 1374 847 0.,
1391 815 1567 850 patriarchae
1582 816 1788 850 Antiochensi,
1806 817 1853 843 cui
1868 815 2057 843 Innocentius
2073 825 2144 852 papa
2160 816 2199 843 lv
2217 817 2300 852 plene

1292 863 1319 889 in
1339 864 1529 898 patriarchatu
1545 864 1695 899 legationis
1712 864 1835 891 officium
1849 865 1932 892 duxit
1947 865 2174 900 concedendum,
2186 865 2214 892 id
2229 873 2300 892 con-

1291 911 1394 938 firmat.
1413 911 1496 944 (Rae.
1514 912 1558 943 Ἡ,
1575 921 1600 938 c.
1618 912 1680 945 243,
1698 912 1717 939 f.
1734 912 1788 944 32.)

1876 754 1994 790 NapleS‚
2006 754 2040 781 ‘23
2057 763 2132 781 mars
2148 755 2226 782 ¹255.

1334 1025 1347 1040 «
1367 1014 1411 1048 0.,
1428 1015 1607 1051 patriarche
1623 1013 1882 1053 Ant(h)iochensi‚
1910 1015 2070 1053 apostolice
2086 1014 2170 1044 Sedis
2192 1015 2298 1052 Ιεραιο.

1292 1067 1524 1097 Fraternitatis
1544 1072 1597 1098 tue
1612 1067 1750 1106 probata
1767 1085 1813 1097 -—.
1834 1068 1905 1098 Dat.
1927 1067 2078 1106 Neapoli,
2095 1068 2127 1098 X
2140 1067 2300 1098 kalendas

1292 1119 1418 1159 aprilis,
1439 1129 1526 1150 anno
1539 1120 1654 1159 primo.
1677 1133 1689 1147 »

1362 1304 1452 1334 290

1328 1366 1557 1400 Bartholoman,
1585 1367 1722 1401 episcopo
1750 1366 1935 1400 Nimotiensi,
1965 1366 2098 1393 concedit
2128 1369 2299 1400 potestatem

1291 1415 1479 1442 contrahendi
1496 1418 1626 1442 mutuum
1645 1423 1735 1449 usque
1750 1415 1783 1441 ad
1800 1423 1943 1441 summam
1962 1418 2079 1441 centum
2099 1414 2234 1442 librarum
2251 1418 2298 1442 tu-

1290 1464 1469 1491 ronensium.
1486 1463 1570 1497 (Rae.
1586 1464 1631 1495 24,
1649 1472 1674 1490 c.
1692 1464 1753 1495 244,
1771 1464 1790 1490 f.
1807 1464 1876 1496 32¹.)

1870 1304 1987 1339 Naples,
2008 1305 2037 1331 14
2055 1312 2132 1331 mars
2150 1303 2228 1332 1255.

1333 1578 1345 1592 «
1363 1566 1582 1600 Bartholomeo,
1600 1566 1733 1603 episeopo
1745 1566 1938 1595 Nimotiensi.
1953 1565 1991 1595 In
2008 1568 2121 1595 nostra
2131 1565 2301 1604 presentia

1291 1618 1492 1648 constitutus
1519 1617 1614 1647 nobis
1641 1617 1814 1648 humiliter
1840 1617 2051 1656 supplicasti,
2073 1621 2120 1654 ut,
2143 1626 2218 1648 cum
2240 1626 2300 1656 pro
2347 1655 2351 1657 .

1291 1670 1503 1710 expediendis
1520 1670 1659 1700 ecclesie
1676 1670 1736 1700 tibi
1751 1670 1927 1701 commisse
1947 1670 2095 1708 negociis
2113 1670 2155 1700 ad
2169 1674 2301 1709 aposto-

1290 1724 1389 1754 licam
1414 1723 1533 1754 Sedem
1559 1723 1719 1753 accedens
1743 1723 1869 1753 ibidem
1892 1732 2019 1754 moram
2047 1732 2113 1754 non
2136 1723 2300 1754 modicam

1290 1776 1430 1806 traxeris
1444 1780 1541 1814 etper
1552 1776 1613 1805 hoc
1627 1780 1657 1805 10
1672 1775 1785 1806 subire
1796 1779 1943 1814 oporteat
1954 1785 2055 1806 onera
2067 1785 2297 1814 expensarum,

1289 1829 1462 1867 providere
1484 1838 1583 1867 super
1604 1828 1665 1858 1100
1686 1833 1824 1866 paterna
1843 1828 2068 1859 sollicitudine
2093 1837 2297 1860 curaremus.

1288 1882 1357 1912 Nos
1376 1882 1488 1920 itaque
1505 1881 1570 1911 tuis
1585 1881 1884 1920 supplicationibus
1899 1881 2063 1918 inclinati,
2082 1881 2300 1912 contrahendi

1288 1940 1441 1966 mutuum
1456 1944 1560 1973 usqne
1575 1934 1615 1964 ad
1631 1943 1793 1964 summam
1812 1938 1945 1965 centum
1962 1934 2124 1965 librarum
2139 1939 2300 1966 turonen-

1289 1989 1377 2019 sium
1404 1993 1435 2019 et
1462 1988 1631 2026 obligandi
1658 1992 1790 2026 propter
1815 1988 1877 2018 hoc
1903 1989 2041 2018 eandem
2066 1988 2242 2019 ecclesiam
2267 1992 2300 2020 et

1289 2042 1400 2072 onmia
1418 2042 1503 2071 bona
1521 2041 1639 2079 ipsius,
1657 2041 1788 2080 plenam
1803 2041 1865 2071 tibi
1881 2042 2076 2071 auctoritate
2091 2041 2298 2080 presentium

1289 2095 1501 2126 concedimus
1516 2098 1726 2132 potestatem,
1742 2094 1890 2124 volentes
1909 2099 1944 2124 ut
1961 2095 2087 2133 prefata
2101 2094 2242 2125 ecclesia
2257 2093 2299 2124 ad

1288 2147 1540 2186 persolvendam
1556 2147 1746 2186 hujusmodi
1763 2147 1936 2185 pecuniam
1959 2152 2111 2178 teneatur
2126 2151 2157 2178 et
2171 2147 2222 2177 illi
2239 2147 2298 2187 qui

1290 2209 1362 2230 eam
1378 2200 1438 2229 tibi
1455 2199 1678 2230 mutuaverint
1696 2199 1782 2238 quod
1797 2199 1832 2228 in
1848 2199 2026 2230 utilitatem
2038 2200 2145 2239 ipsius
2158 2201 2298 2232 ecclesie

1289 2253 1332 2283 sit
1357 2261 1516 2283 conversa
1537 2256 1686 2291 pretextu
1708 2252 1850 2291 alicujus
1870 2253 2119 2295 constitutionis
2138 2255 2297 2286 canonice

1289 2305 1341 2336 vel
1369 2305 1478 2335 civilis
1507 2305 1667 2344 probandi
1699 2305 1880 2335 necessitas
1913 2314 1977 2335 non
2005 2306 2187 2337 incumbat.
2220 2307 2294 2337 Dat.

1287 2358 1439 2396 Neapoli,
1456 2359 1489 2388 Π
1501 2358 1577 2388 idus
1592 2358 1715 2393 martii,
1733 2367 1819 2388 anno
1837 2358 1954 2397 primo.
1972 2370 1985 2385 >a

1358 2543 1440 2572 291

1323 2604 1414 2631 Ρ1-101·1
1435 2605 1552 2630 fratrum
1575 2603 1806 2630 Prae-dicatorum
1830 2603 2037 2630 parisiensium
2051 2604 2079 2630 in
2095 2603 2292 2638 inquisitionis

1287 2654 1401 2688 negotio
1421 2652 1552 2680 concedit
1574 2653 1736 2679 facultatem
1759 2652 1948 2687 compellendi
1968 2660 2017 2687 per
2036 2660 2176 2679 censuras
2196 2652 2292 2679 eccle-

1285 2701 1418 2729 siasticas
1433 2701 1620 2736 appellatione
1638 2705 1746 2727 remota
1759 2709 1862 2728 ornnes
1877 2701 2037 2727 haereticos
2053 2708 2210 2735 eorumque
2226 2701 2290 2727 fau·

1284 2753 1370 2780 tores,
1388 2750 1554 2776 absolvendi
1572 2758 1588 2775 a
1598 2750 1740 2776 sententia
1756 2749 2062 2776 excommunicationis
2079 2749 2240 2776 haereticos
2255 2747 2291 2775 ad

1283 2798 1368 2824 fidem
1392 2798 1560 2824 catholicam
1577 2798 1746 2831 redeuntes,
1769 2797 1946 2824 convocandi
1969 2797 2076 2823 clerum
2102 2799 2130 2823 et
2152 2796 2290 2832 populum

1284 2846 1322 2872 ita
1338 2850 1368 2872 ut
1383 2846 1521 2872 assistant
1536 2847 1687 2873 sententiis
1703 2846 1873 2880 inferendis,
1890 2845 2032 2880 dandique
2051 2845 2186 2872 omnibus
2204 2852 2289 2872 acce-

1283 2894 1419 2921 dentibus
1437 2895 1471 2920 ad
1492 2895 1726 2921 convocationem
1749 2893 1916 2929 hujusmodi
1935 2893 1987 2920 XL
2006 2893 2116 2920 dierum
2137 2893 2290 2928 indulgen-

1866 2542 1983 2577 Naples,
2002 2542 2034 2569 10
2050 2550 2126 2569 mars
2143 2543 2221 2570 1255.
