2441 3330
196 213 233 244 34
921 213 1160 243 REGISTRES
1183 212 1491 245 D'ALEXANDRE
1515 216 1570 247 IV.

193 279 250 318 qui
277 278 459 308 secundum
485 279 591 308 Deum
618 282 648 308 et
675 277 763 307 beati
790 278 962 308 Benedicti
991 277 1139 317 regulam
1166 278 1201 307 in

192 331 305 361 eodem
322 330 523 360 monasterio
541 330 715 359 institutus
732 339 804 360 esse
820 331 1015 361 dinoscitur.
1034 331 1201 370 perpetuis

192 382 316 412 ibidem
333 381 534 419 temporibus
551 381 790 412 inviolal'tiliter
806 382 1010 413 observetur.

231 436 385 465 preterea
396 443 622 473 quascumque
632 435 871 473 possessiones,
886 445 1093 475 quecumque
1103 437 1199 472 hona,

191 487 261 517 sive
284 496 321 517 ex
343 487 428 517 dono
450 487 533 517 bone
551 488 708 517 memorie
725 488 898 518 Godefridi
914 488 1019 524 ducis,
1037 489 1106 519 sive
1124 489 1201 519 Bal-

189 540 284 569 duini
313 540 401 577 regis
428 540 691 571 Jerosolimitani
722 540 772 570 vel
798 540 939 570 aliorum
965 542 1025 571 Dei
1052 542 1200 571 fidelium

188 591 276 621 idem
304 592 542 621 monasterium
565 592 857 630 impresentiarum
877 593 966 631 juste
993 602 1029 623 ac
1051 593 1200 631 legitime

190 645 334 683 possidet
353 649 408 674 aut
424 645 458 674 in
473 645 622 674 futurum
639 646 852 676 concessione
869 647 1079 684 pontificum,
1098 647 1200 683 largi-

189 697 278 727 tione
295 707 409 735 regum
423 698 473 727 vel
490 699 688 737 principum,
705 699 870 729 oblatione
886 700 1032 729 fidelium
1050 710 1108 730 seu
1124 700 1199 731 aliis

185 751 286 789 justis
308 751 413 780 modis
437 756 605 789 prestante
632 752 773 782 Domino
796 753 916 791 poterit
941 753 1081 791 adipisci
1104 755 1199 783 1111113

187 803 281 832 vohis
298 803 484 841 vestrisque
508 805 756 834 successorihus
776 809 806 835 ct
822 805 949 834 illibata
968 810 1197 843 [161-111336331.

228 856 265 885 111
290 855 411 893 quibus
435 855 495 885 hec
519 857 662 894 propriis
687 857 842 887 duximus
867 858 1080 896 exprimenda
1103 868 1199 889 voca-

187 907 276 937 bulis
299 918 305 936 :
328 908 481 938 videlicet
505 908 544 938 de
569 909 665 938 donis
686 910 950 947 patriarcharum
975 911 1009 940 in
1032 911 1198 941 territorio

185 960 457 991 Jerosolimitano
479 966 588 998 partes
611 962 692 991 duas
714 962 840 993 decime
857 963 895 992 de
911 963 1013 993 casali
1030 964 1195 999 Bcthsan,

186 1013 331 1043 decimas
358 1018 505 1043 ortorum
531 1014 864 1054 molendinorumque
887 1016 1003 1054 Syme,
1034 1021 1197 1047 terrarum

187 1075 317 1104 quoque
339 1071 369 1095 et
389 1067 563 1096 vinearum
585 1067 691 1097 eidem
716 1068 854 1098 ecclesie
876 1069 1117 1107 pertinent-ium
1133 1079 1197 1109 que

186 1123 263 1148 sunt
282 1118 315 1147 in
335 1119 449 1148 codem
465 1120 643 1149 territorio.

226 1172 381 1201 Pretcrea
403 1172 548 1201 decimas
571 1172 711 1202 duarum
732 1182 955 1209 carrucarum,
973 1184 1114 1214 quarum
1130 1185 1197 1206 una

184 1224 249 1254 fuit
265 1224 428 1254 Guidonis
447 1225 486 1254 de
504 1225 647 1261 itliliaco,
669 1226 773 1256 altera
790 1227 939 1257 Baleani.

224 1278 263 1306 In
290 1277 456 1307 territorio
484 1278 714 1316 Neapolitano,
740 1279 886 1310 decimas
912 1281 1012 1311 trium
1035 1282 1196 1312 casalium

183 1329 297 1363 Ascar,
317 1329 426 1367 Bytiri
443 1333 475 1359 ct
491 1330 623 1368 Saphet.

225 1382 262 1410 13
293 1381 460 1411 1611110110
485 1383 592 1418 Α6011,
622 1383 784 1413 (166113331
810 1385 930 1416 6353115
956 1387 1043 1425 quod
1073 1387 1196 1417 dicitur

183 1435 324 1465 Cassera
344 1439 375 1464 et
400 1439 540 1473 quatuor
562 1444 775 1466 carrucarum
797 1442 883 1467 terre
905 1438 1135 1479 olivarumque
1155 1441 1196 1470 ad

183 1496 239 1517 eas
258 1487 497 1525 pertinentium
513 1488 599 1526 apud
612 1489 720 1519 casale
739 1490 857 1520 Uberti
873 1491 911 1520 de
928 1492 1049 1527 Pazeo;
1069 1493 1195 1524 medie-

183 1543 285 1570 tatem
308 1549 438 1578 quoque
461 1540 587 1570 decime
612 1541 751 1571 Baleani
774 1542 814 1572 de
836 1543 946 1581 Bytiri
969 1548 1000 1574 et
1022 1548 1108 1576 terre
1130 1546 1194 1576 Be-

182 1592 286 1621 roaldi
310 1602 373 1631 que
399 1593 462 1622 sita
481 1599 529 1623 est
549 1593 585 1622 in
605 1598 715 1624 monte
737 1599 767 1624 et
791 1599 891 1625 totam
914 1596 1076 1627 decimam
1093 1598 1195 1628 trium

182 1644 343 1674 casalium
371 1644 528 1674 Balduini
558 1646 771 1676 Ramatensis
803 1657 943 1686 quorum
972 1650 1108 1680 nomina
1134 1650 1195 1681 hec

181 1701 260 1727 sunt
279 1707 284 1725 :
303 1697 443 1731 Gemail,
460 1698 568 1733 Serra,
583 1699 732 1734 Bezezin,
752 1708 880 1730 necnon
896 1705 928 1730 et
943 1701 1105 1732 decimam
1118 1703 1194 1733 duo-

181 1759 255 1780 rum
274 1750 434 1780 casalium
450 1750 556 1781 Cavee
579 1755 610 1781 et
627 1752 785 1790 Tarphim
803 1762 866 1792 que
883 1754 1020 1785 fuerunt
1037 1756 1194 1786 Gunfridi

181 1802 221 1832 de
237 1803 346 1832 Turri.

222 1856 260 1884 In
278 1856 397 1893 Joppe‚
413 1864 514 1885 unam
532 1856 707 1887 ecclesiam
723 1862 754 1887 61
771 1858 933 1888 decimam
949 1863 1035 1890 terre
1051 1870 1114 1900 que
1131 1862 1194 1892 fuit

180 1908 385 1945 Fraymerici
411 1917 539 1938 necnon
567 1913 598 1938 et
623 1909 788 1939 decimam
812 1911 952 1941 duarum
981 1922 1193 1943 carrucarum

179 1963 265 1989 terre
291 1969 390 1998 quam
417 1961 544 1999 primus
570 1971 626 1991 rex
654 1962 843 1993 Balduinus
872 1964 1011 1995 ecclesie
1032 1966 1193 2005 Josaphat

179 2013 355 2042 concessit.

220 2067 257 2095 In
292 2066 459 2096 territorio
484 2067 605 2102 Ebron,
640 2068 802 2098 decimam
835 2069 955 2100 casalis
985 2071 1039 2100 cui
1070 2080 1191 2102 nomen

179 2119 384 2149 Jamarvara.

219 2172 265 2200 De
293 2172 507 2202 concessione
535 2173 657 2211 prioris
694 2177 725 2203 et
761 2174 996 2204 canonicorum
1025 2177 1192 2207 Dominici

180 2223 361 2262 sepulchri,
380 2224 515 2254 furnum
531 2234 637 2255 unum
652 2226 687 2255 in
703 2227 907 2263 Jerusalem,
923 2228 1085 2258 decimam
1105 2234 1192 2261 terre

180 2276 274 2306 Plate
309 2278 405 2307 Petre
430 2281 460 2307 61
488 2278 651 2308 decimam
683 2279 803 2310 casalis
833 2280 920 2318 quod
946 2285 1081 2311 vocatur
1107 2283 1191 2313 Dar-

179 2328 344 2359 chiboam.

219 2382 265 2411 Dc
293 2381 389 2411 bonis
416 2391 546 2421 quoque
575 2383 804 2422 episcoporum
832 2385 867 2414 in
894 2386 1062 2417 territorio
1089 2387 1191 2418 Cesa-

178 2434 298 2469 riensi,
317 2434 479 2463 decimam
495 2435 615 2465 casalis
632 2436 718 2474 quod
737 2441 872 2467 vocatur
889 2438 1041 2469 Bethalla
1055 2445 1085 2470 et
1101 2440 1191 2470 deci-

178 2495 266 2515 mam
283 2496 345 2525 que
362 2487 400 2516 de
416 2488 548 2526 proprio
564 2487 675 2519 labore
690 2490 927 2520 monachorum
944 2491 996 2521 vel
1013 2492 1060 2522 eis
1075 2493 1190 2523 subdi-

177 2542 286 2568 torum
302 2539 465 2576 procedet,
481 2540 515 2569 in
528 2541 695 2571 territorio
709 2542 856 2581 cayphe,
870 2543 989 2574 casalis
1003 2545 1056 2574 cui
1070 2554 1190 2576 nomen

178 2590 327 2629 Galgala.

218 2643 256 2672 In
273 2643 412 2680 Galilea‚
433 2644 610 2675 ecclesiam
626 2646 776 2684 Ligionis
793 2656 867 2677 cum
885 2649 1061 2687 parrochia
1077 2655 1107 2681 et
1124 2659 1189 2681 om-

177 2704 254 2726 nem
283 2696 537 2727 decimationem
569 2699 675 2737 ipsius
707 2704 738 2729 et
768 2700 1022 2733 decimationem
1051 2703 1189 2735 alterius

177 2748 298 2778 casalis
321 2749 407 2788 quod
428 2750 550 2780 dicitur
569 2751 711 2787 Thanis,
732 2752 910 2783 ecclesiam
927 2755 1039 2785 Sancti
1055 2756 1190 2795 Georgii

177 2810 241 2840 que
258 2811 357 2839 super
372 2802 592 2840 Tyberiadem
613 2804 677 2833 sita
694 2808 742 2834 est
765 2809 796 2835 61
818 2805 981 2837 decimam
996 2807 1117 2839 casalis
1136 2809 1189 2840 cui

177 2861 297 2884 nomen
311 2854 504 2886 Casrielme.

1325 279 1363 308 In
1387 280 1555 311 territorio
1575 283 1788 318 Ramatensi‚
1813 283 1922 314 casale
1946 292 2050 314 unum
2075 284 2209 315 nomine
2231 285 2296 316 Ca-

1284 332 1405 371 phyria
1423 337 1453 363 et
1470 334 1614 364 mediam
1629 339 1757 374 partem
1772 335 2004 366 decimationis
2020 336 2143 375 ipsius,
2161 342 2192 367 et
2207 337 2298 367 infra

1285 389 1431 415 castrum
1453 387 1567 417 Sancti
1591 388 1742 426 Georgii,
1761 388 1894 419 domum
1909 398 2011 419 unam
2026 394 2057 419 et
2079 389 2168 420 infra
2182 398 2296 420 muros

1285 438 1508 469 machomerie
1539 440 1639 470 aliam
1666 445 1696 470 et
1724 446 1866 480 quatuor
1893 446 2081 472 carrucatas
2105 446 2192 473 terre
2219 446 2296 473 ante

1284 491 1394 529 ipsum
1415 496 1575 528 castrum,
1599 502 1727 523 necnon
1751 498 1782 524 et
1803 494 1965 524 decimam
1983 494 2125 524 duarum
2142 503 2297 524 carruca-

1284 553 1357 573 rum
1374 548 1459 574 terre
1477 554 1576 584 quam
1592 545 1778 576 Balduinus
1796 546 1835 576 de
1853 547 1967 576 Ramis
1984 546 2123 577 ecclesie
2135 545 2297 585 Josaphat

1284 597 1448 627 attribuit.

1326 650 1363 679 13
1379 649 1595 685 Ptolomaida,
1613 660 1714 681 unam
1728 651 1914 682 ecclesiam.

1325 702 1362 731 In
1379 702 1526 740 Caypha.
1541 702 1652 732 aliam.

1324 755 1361 784 In
1385 755 1483 792 Tyro,
1509 755 1608 784 aliam
1627 760 1658 786 et
1676 756 1838 786 decimam
1859 756 1999 787 duorum
2015 756 2176 787 casalium
2192 755 2296 787 Beth-

1283 806 1361 837 sella
1378 811 1409 837 61
1426 808 1607 844 5311131135,
1627 812 1655 839 61
1670 809 1763 848 juxta
1780 809 1946 848 Sydonem
1964 809 2064 839 aliam
2086 813 2118 839 et
2133 809 2296 839 decimam

1283 860 1435 889 viridarii
1464 865 1693 900 terrarumque
1719 861 1784 891 sihi
1811 861 2051 900 pertinentium
2077 866 2108 891 et
2132 861 2296 892 decimam

1282 912 1402 942 casalis
1422 913 1475 942 cui
1495 923 1614 943 nomen
1633 914 1841 953 Sapharahra
1855 924 1982 945 necnon
1998 919 2028 945 et
2044 915 2207 945 decimam
2221 918 2294 945 octo

1283 975 1495 995 carrucarum
1513 971 1598 996 terre
1614 967 1649 996 in
1666 968 1833 997 montanis
1850 968 1997 1006 Sarepte.

1321 1020 1360 1048 In
1384 1019 1550 1049 territorio
1578 1020 1710 1049 Baruch
1737 1020 1898 1050 decimam
1920 1020 2073 1050 viridarii
2095 1025 2127 1051 et
2151 1019 2295 1051 duarum

1280 1081 1491 1102 carrucarum
1509 1076 1606 1102 terre.

1320 1126 1358 1155 In
1375 1129 1483 1155 castro
1496 1125 1648 1164 Tymini,
1667 1125 1767 1156 aliam
1785 1125 1960 1156 ecclesiam
1976 1135 2050 1156 cum
2067 1125 2245 1164 parrochia
2259 1128 2293 1156 et

1279 1178 1455 1208 cimiterio.

1319 1231 1358 1260 In
1375 1230 1477 1260 casali
1493 1230 1656 1266 Bethalla,
1674 1239 1776 1261 unam
1792 1231 1984 1269 cappellam.

1320 1284 1358 1313 In
1376 1282 1553 1321 Saphyria,
1571 1282 1682 1313 aliam.

1319 1337 1367 1366 De
1383 1335 1479 1365 donis
1498 1335 1677 1365 Godefredi
1695 1340 1726 1366 et
1741 1344 1857 1374 regum
1872 1335 2059 1367 Jerusalem
2075 1335 2291 1375 ejusdemque

1279 1391 1366 1418 terre
1387 1387 1567 1423 baronum,
1586 1388 1675 1418 infra
1695 1397 1807 1418 muros
1823 1388 2010 1419 Jerusalem
2029 1389 2167 1418 furnum
2185 1396 2292 1419 unum

1280 1445 1311 1471 et
1324 1440 1524 1475 molendina,
1543 1440 1656 1470 domos
1672 1443 1703 1470 et
1719 1444 1824 1476 ortos;
1843 1444 1934 1470 extra
1949 1449 2038 1475 vero,
2054 1440 2090 1470 in
2106 1441 2178 1480 eJus
2192 1440 2292 1471 terri-

1279 1493 1380 1529 torio,
1396 1497 1517 1528 terras,
1536 1493 1668 1529 vineas,
1686 1493 1812 1523 fontem
1828 1492 1927 1531 Syloe
1947 1496 1979 1523 et
1998 1492 2205 1528 molendina,
2221 1492 2292 1523 fos-

1280 1554 1351 1576 sam
1367 1550 1398 1575 et
1414 1550 1502 1575 01105
1519 1550 1550 1575 61
1564 1545 1645 1575 (11135
1663 1549 1773 1584 partes
1790 1545 1829 1576 de
1845 1545 1947 1576 casali
1967 1545 2116 1576 Bethsan
2133 1549 2166 1576 61
2181 1543 2291 1576 casale

1279 1598 1366 1637 quod
1380 1592 1506 1628 ⁴dicitur
1524 1597 1756 1628 Darchiboam.

1319 1652 1358 1681 In
1387 1651 1556 1681 territorio
1585 1650 1758 1689 Neapolis,
1790 1650 1899 1681 casale
1921 1659 2027 1680 unum
2056 1650 2144 1689 quod
2169 1650 2292 1681 dicitur

1278 1705 1382 1734 Ascar
1395 1708 1427 1734 et
1443 1703 1534 1733 aliud
1550 1703 1636 1742 quod
1649 1703 1771 1733 dicitur
1787 1703 1897 1742 Bytiri
1913 1707 1945 1734 et
1960 1702 2052 1733 aliud
2067 1702 2155 1742 quod
2169 1702 2292 1734 dicitur

1279 1757 1411 1795 Saphet.

1318 1810 1356 1839 In
1374 1809 1540 1839 territorio
1556 1810 1576 1840 J
1579 1818 1676 1847 oppe,
1693 1808 1775 1839 duas
1798 1811 1987 1838 carrucatas
2005 1811 2092 1838 terre
2116 1810 2148 1838 et
2165 1810 2290 1838 terram

1278 1871 1342 1900 que
1358 1861 1421 1891 fuit
1439 1861 1656 1900 Fraymerici.

1317 1916 1357 1945 In
1386 1914 1554 1944 territorio
1589 1913 1740 1953 Cayphe,
1774 1913 1882 1943 casale
1914 1921 2020 1943 unum
2051 1912 2140 1952 quod
2167 1912 2290 1943 dicitur

1277 1968 1430 2006 Tyniin13
1459 1967 1494 1997 in
1522 1967 1637 1997 eodem
1664 1970 1770 1997 castro
1796 1966 1932 1996 nomine
1958 1965 2130 2005 Cayphas‚
2161 1965 2286 2001 domos,

1275 2020 1413 2050 furnum
1430 2024 1461 2050 et
1479 2024 1585 2050 terras
1603 2019 1694 2049 intus
1711 2023 1742 2050 61
1757 2022 1859 2049 extra.

1316 2074 1354 2103 In
1372 2073 1538 2102 territorio
1555 2072 1676 2107 Ebron,
1691 2071 1799 2102 casale
1815 2080 1919 2101 unum
1934 2071 2070 2102 nomine
2079 2072 2286 2102 Jamarvara.

1314 2128 1414 2158 Juxta
1437 2125 1616 2164 Sydonem‚
1636 2124 1745 2155 casale
1764 2133 1868 2154 unum
1888 2124 2023 2154 nomine
2043 2123 2239 2162 Capharaba
2255 2127 2288 2154 et

1275 2179 1473 2209 viridarium
1490 2182 1521 2208 et
1537 2182 1654 2208 terras.

1315 2233 1354 2261 In
1369 2231 1538 2261 montanis
1554 2231 1702 2268 Sarepte‚
1718 2233 1790 2259 octo
1805 2232 1994 2259 carrucatas
2010 2232 2109 2259 terre.

1315 2285 1354 2314 In
1365 2283 1509 2319 Baruch,
1523 2283 1647 2318 domos,
1660 2283 1808 2317 furnum,
1818 2281 2059 2317 molendinum,
2070 2280 2284 2316 viridarium;

1275 2341 1307 2367 61
1323 2341 1424 2371 extra,
1443 2336 1525 2366 duas
1541 2339 1730 2366 carrucatas
1746 2338 1844 2364 terre.

1315 2391 1354 2420 In
1377 2388 1599 2423 Ptolomaida,
1628 2388 1740 2418 domos
1762 2387 1844 2418 duas
1869 2390 1901 2417 et
1924 2386 1960 2416 in
1984 2386 2152 2417 montanis
2177 2385 2286 2417 casale

1275 2451 1381 2473 unum
1399 2442 1533 2472 nomine
1549 2441 1662 2472 Casra.

1315 2496 1355 2525 In
1381 2494 1546 2525 territorio
1571 2493 1778 2529 Cesariensi,
1802 2492 1911 2523 casale
1934 2501 2041 2523 unum
2063 2492 2200 2523 nomine
2221 2491 2286 2523 Be·-

1274 2546 1392 2582 1113113,
1411 2550 1443 2576 61
1464 2546 1553 2576 infra
1571 2545 1739 2575 civitatem
1757 2544 1890 2574 domum
1910 2553 2028 2580 unam,
2046 2547 2078 2574 61
2089 2543 2184 2583 juxta
2197 2543 2286 2574 viam

1275 2608 1339 2638 que
1361 2599 1452 2629 ducit
1474 2598 1515 2628 ad
1537 2597 1660 2628 flumen
1685 2596 1792 2627 casale
1816 2605 1921 2627 unum
1945 2596 2034 2635 quod
2053 2595 2176 2626 dicitur
2196 2595 2286 2626 Mes-

1275 2651 1403 2687 chium,
1430 2655 1462 2681 et
1483 2654 1575 2681 trans
1602 2650 1725 2681 flumen
1750 2650 1907 2681 Jordanis
1932 2648 2041 2680 casale
2066 2657 2172 2680 unum
2197 2648 2287 2688 quod

1273 2704 1395 2734 dicitur
1408 2704 1584 2734 Bethsura.

1313 2758 1351 2787 In
1367 2761 1455 2787 terra
1470 2756 1637 2795 Ligionis,
1656 2759 1797 2795 quatuor
1812 2758 2000 2786 carrucatas
2016 2758 2103 2785 terre
2119 2757 2151 2784 et
2168 2753 2283 2784 domos

1272 2809 1308 2839 in
1324 2808 1438 2839 casali.

1311 2863 1351 2892 In
1369 2862 1537 2893 territorio
1552 2861 1684 2898 Toroni‚
1703 2861 1812 2892 casale
1826 2869 1932 2891 unum
1946 2860 2081 2891 nomine
2095 2859 2230 2892 Corath.
