2441 3330
195 228 234 257 90
923 225 1164 257 REGISTRES
1186 225 1493 258 D'ALEXANDRE
1515 228 1572 258 1v.

196 304 209 318 n
235 296 284 321 tro
310 291 350 321 ad
375 291 465 329 pacis
488 296 518 321 et
541 291 714 322 concordie
737 291 860 322 bonurn
887 292 1052 331 predictos
1077 291 1204 330 priores

196 356 208 370 »
234 344 479 373 induceremus.
519 345 595 374 Post
629 344 750 374 multas
788 344 899 384 itaque
929 345 1204 375 commonitiones

196 410 208 423 υ
234 401 363 426 nostras
387 396 420 425 in
443 396 503 427 hoc
525 397 656 427 tandem
683 398 890 427 concorditer
909 403 1151 433 convenerunt,
1171 402 1205 428 ut

196 461 208 475 »
234 448 371 478 arbitrio
399 453 510 478 nostro
538 458 572 479 se
598 450 859 485 committerent3
885 459 950 480 non
975 455 1084 481 tamen
1110 451 1205 487 igno-

195 513 207 528 »
234 506 345 531 rantes
373 502 453 540 quid
478 502 565 532 inter
589 512 644 533 eos
668 503 861 533 arbitraturi
883 513 1044 534 essemus.
1062 505 1108 534 De
1126 513 1204 534 con-

195 566 207 581 ν»
233 554 373 584 scientia
401 555 512 594 itaque
541 559 571 585 ct
601 556 768 586 voluntate
798 557 972 595 utriusque
1000 557 1120 595 prioris
1147 566 1204 595 pro

194 619 207 633 »
233 607 317 636 bono
333 608 423 645 pacis
439 608 484 637 ita
502 609 654 638 arbitrati
673 618 800 644 sumus,
819 614 854 638 ut
870 610 989 640 fratres
1007 610 1205 640 Mortarien-

194 672 207 686 »
233 670 285 689 ses
303 661 500 691 renuntient·
513 660 591 691 huic
608 661 670 692 liti.
690 666 720 692 et
733 662 761 691 si
776 662 952 701 quidjuris
970 663 1057 692 circa
1074 671 1205 701 posses-

195 725 207 739 »
233 713 326 743 sione
350 713 494 751 predicte
523 714 661 743 ecclesie
687 724 722 744 se
749 715 871 745 habere
894 715 1043 751 credunt,
1064 716 1151 755 quod
1174 720 1204 745 ct

194 778 206 791 »
233 766 393 800 socernnn
410 766 528 796 fratres
546 776 622 797 vero
639 768 751 797 Sancti
766 768 853 797 Ruffi
870 777 1113 808 quamcumque
1130 778 1204 807 pos-

193 830 205 844 »
231 818 415 847 sessionem
443 818 482 847 ad
504 828 641 856 presens
667 819 790 849 hahent
811 820 849 849 (le
871 824 979 851 cetero
1001 824 1154 857 tencant;
1173 826 1204 851 et
1232 819 1234 821 ’

193 882 205 896 »
231 870 320 908 prior
334 870 482 910 ejusdem
496 871 635 901 ecclesie
652 872 758 902 sancti
771 872 901 903 Nicolai
916 873 972 912 qui
987 882 1044 912 pro
1058 877 1203 912 tempore

193 935 205 949 ι)
231 923 277 952 ibi
295 924 407 953 fucrit.
422 924 582 953 fratribus
597 925 874 956 Mortariensibus
889 926 939 956 vel
955 927 1073 957 nuntio
1089 936 1203 957 eorum

192 987 205 1002 >›
232 976 261 1006 X
285 976 407 1006 solidos
430 977 653 1007 Janucnsiuni
678 978 713 1007 in
736 979 918 1009 festivitate
942 980 1048 1009 sancti
1072 979 1202 1010 Nicolai

193 1041 205 1054 r»
231 1029 356 1059 intuitu
377 1029 567 1068 hujusmodi
585 1030 771 1061 amicabilis
789 1032 1039 1067 transactionis,
1059 1033 1202 1071 singulis

192 1094 205 1107 n
231 1082 328 1111 annis
352 1082 435 1120 apud
459 1083 633 1113 ecclesiam
657 1084 762 1113 sancti
783 1084 948 1115 Johannis
971 1086 1009 1115 de
1032 1087 1202 1116 Pavet-ano

193 1147 204 1160 n
232 1134 365 1164 numine
382 1144 502 1165 census
524 1136 700 1173 persolvat.
724 1138 819 1167 Facta
838 1142 887 1167 est
903 1138 963 1168 hec
979 1139 1154 1169 concordia
1172 1143 1203 1169 et

192 1199 205 1213 υ
231 1187 418 1217 amicabilis
441 1189 634 1226 compositio
659 1195 689 1219 ct
712 1199 729 1219 a
752 1190 902 1228 partibus
925 1191 1109 1221 collaudata
1132 1196 1161 1221 ct
1185 1201 1203 1221 a

193 1253 204 1266 »
230 1241 363 1269 domino
386 1250 467 1279 papa
489 1244 680 1271 confirmata
702 1243 881 1273 Tusculani
905 1244 1068 1275 dominice
1092 1245 1202 1274 incar-

191 1306 203 1319 »
230 1294 374 1323 nationis
399 1304 485 1323 auno
510 1295 752 1330 §10C0LXXHQ
777 1297 989 1334 pontificatus
1012 1302 1122 1327 autem
1145 1298 1202 1327 do-

192 1358 203 1371 »
229 1346 310 1374 mini
334 1346 585 1377 Alexandri-lli
606 1357 688 1385 pape
713 1358 799 1378 annu
816 1350 932 1381 XIIII,
950 1350 1032 1380 VIII
1048 1350 1122 1380 idus
1145 1351 1202 1380 de-

191 1411 203 1425 »
229 1399 386 1429 cembris.
403 1404 433 1429 et
451 1409 508 1437 per
524 1409 642 1429 manus
659 1401 881 1439 predictorum
904 1402 1125 1432 cardinalium
1142 1403 1201 1433 hec

190 1464 196 1477 i

196 1464 203 1478 v

229 1452 403 1482 concordia
418 1453 453 1482 in
471 1453 667 1491 scripturum
683 1454 813 1484 redacta
829 1459 921 1485 estet
936 1455 1057 1493 sigillis
1074 1455 1200 1485 utrius-

189 1516 202 1531 »
227 1514 290 1544 que
307 1506 501 1535 confirmata
518 1511 548 1536 et
564 1507 716 1544 partibus
735 1507 862 1537 reddita
880 1508 1034 1538 feliciter.
1055 1521 1067 1535 »

227 1558 320 1588 Nulli
340 1563 401 1588 etc.
420 1564 530 1589 nostre
550 1560 814 1591 confirmationis
832 1565 892 1591 etc.
911 1562 984 1591 Dat.
1003 1558 1155 1600 Neapoli,¹
1172 1564 1200 1592 V

188 1611 262 1641 idus
279 1612 406 1650 aprilis.
425 1621 512 1641 anno
532 1613 649 1651 primo.
671 1625 683 1639 ι)

257 1776 347 1804 :324

224 1837 265 1863 l)e
289 1838 387 1864 deceni
412 1843 460 1865 ant
485 1839 609 1873 :implius
633 1840 757 1874 receptis
779 1841 805 1866 in
832 1842 954 1868 occlcsin
979 1842 1141 1869 Acconensi
1169 1844 1196 1870 in

776 1777 894 1812 Naples,
915 1780 939 1805 tl
959 1781 1028 1806 avril
1051 1781 1125 1806 1255.

186 1886 288 1912 fratres
303 1891 331 1913 ct
347 1887 513 1919 canotiicOS,
531 1887 653 1917 ordinat,
673 1892 702 1914 ut
717 1889 774 1914 duo
789 1889 938 1916 dumtaxat
953 1892 1085 1918 canonici
1103 1900 1197 1918 rema-

187 1940 271 1960 ncant
286 1936 334 1968 qui
351 1935 408 1961 sint
425 1936 546 1970 tempori
564 1937 689 1971 potiores
721 1937 802 1969 (stau.
821 1938 866 1972 24,
882 1946 908 1964 c.
925 1939 987 1971 ῬΤ-4,
1003 1939 1022 1966 f.
1040 1940 1095 1973 37.)

228 2048 239 2061 κ
263 2059 295 2070 ..,
318 2037 451 2074 episcopo
471 2042 496 2066 et
512 2039 646 2074 capitulo
662 2040 893 2068 Aeconcnsibus.
911 2039 996 2070 Ceca
1016 2041 1124 2071 cordis
1140 2050 1198 2072 cu—

185 2088 306 2126 piditas
327 2093 357 2118 et
374 2089 571 2119 ambitiosus
586 2091 706 2121 mentis
726 2092 863 2121 affectus
883 2093 930 2122 sic
947 2102 1046 2132 super
1061 2095 1198 2124 canoni-

185 2145 318 2170 catuum
346 2145 377 2171 et
400 2141 639 2172 beneficiorum
660 2143 962 2175 ecclesiasticorum
989 2147 1198 2178 assecutione

184 2194 421 2224 nonnullorum
441 2200 569 2225 mentes
590 2196 799 2228 insatiabiles
823 2198 1003 2231 effecerunt
1026 2201 1114 2239 quod
1140 2210 1198 2239 per

184 2247 367 2285 improbam
394 2248 504 2285 potius
531 2249 814 2286 propulsationem
843 2251 991 2289 ipsorum
1028 2253 1198 2283 assiduam

185 2300 380 2330 auctoritate
397 2300 492 2330 Sedis
509 2302 686 2339 apostolice
710 2307 740 2332 et
756 2302 940 2341 legatorum
961 2305 1067 2343 ipsius
1085 2306 1198 2336 decem

184 2356 213 2381 et
237 2352 379 2390 amplius
399 2353 432 2381 in
454 2357 564 2383 vestra
593 2354 734 2384 ccclesia
755 2355 790 2384 in
822 2356 941 2386 fratres
963 2361 994 2387 et
1020 2359 1197 2390 canonicos

184 2409 262 2434 sunt
280 2405 414 2442 recepti,
434 2405 525 2434 nulla
546 2406 579 2435 in
597 2416 635 2436 ea
650 2412 788 2437 vacante
803 2408 982 2446 prebenda.
999 2411 1068 2441 Nos
1084 2411 1197 2450 itaque

184 2456 392 2487 attendentes
411 2458 497 2496 quod
513 2458 547 2487 in
564 2458 705 2489 ccclesia
720 2460 791 2498 ipsa
814 2465 849 2490 ut
868 2462 1030 2492 asseritur
1046 2472 1112 2493 non
1128 2465 1196 2494 nisi

183 2509 374 2539 octonarius
384 2509 526 2539 habetur
539 2520 698 2541 numerus
715 2513 957 2550 prebendarum
970 2519 1001 2545 et
1014 2517 1196 2554 expectatio

183 2566 228 2592 tot
257 2567 463 2600 receptorum
486 2563 518 2592 in
546 2564 617 2602 ipsa
641 2565 812 2596 nonnullis
839 2567 925 2604 parit
947 2568 1140 2598 scandalum
1165 2574 1196 2600 et

182 2614 354 2644 horrorem
372 2615 499 2645 inducit
516 2626 551 2646 ac
570 2617 605 2646 in
622 2617 768 2655 ipsorum
786 2619 904 2649 salut-is
920 2620 1131 2659 dispendium
1147 2622 1196 2652 la-

182 2671 307 2697 tcntcm
332 2667 502 2698 letiferum
525 2669 676 2699 morbum
706 2671 867 2707 continet,
895 2672 973 2702 dum
1000 2673 1048 2703 hii
1071 2675 1196 2713 Jugiter

183 2719 259 2749 aliis
283 2720 471 2750 desiderant
496 2722 672 2752 succedere
696 2723 730 2752 in
751 2724 929 2762 prebendis
953 2730 989 2755 ut
1011 2726 1059 2756 sic
1080 2736 1196 2766 expec-

182 2772 326 2802 tantium
343 2778 476 2811 propter
495 2774 738 2812 prebendarum
761 2777 1006 2808 assecutionem
1029 2780 1195 2817 proxima-

181 2833 255 2853 rum
277 2825 450 2855 interitum
474 2827 667 2857 consulatur
692 2828 793 2858 saluti
814 2829 974 2870 vobisque
997 2836 1028 2862 et
1055 2832 1194 2863 ecclesie

181 2882 290 2906 vestre
304 2887 367 2916 que
387 2887 485 2916 super
503 2879 650 2917 ipsorum
664 2882 852 2920 receptione
867 2882 1048 2921 plurimum
1063 2889 1100 2914 ut
1115 2885 1193 2916 dici-

477 2986 489 2996 ι

1289 295 1342 322 tur
1355 296 1404 322 est
1420 298 1566 331 gravata,
1582 295 1674 333 pacis
1691 299 1722 325 et
1736 295 1991 335 tranquillitatis
2007 297 2216 328 commodum
2230 305 2290 336 pro

1287 348 1431 379 curetur,
1450 345 1503 383 pia
1517 347 1783 378 consideratione
1797 347 1951 379 duximus
1966 348 2189 379 ordinandum
2201 349 2301 388 quod,

1288 397 1327 426 de
1345 397 1394 427 sic
1415 398 1555 436 receptis
1577 399 1642 429 duo
1660 399 1829 430 dumtaxat
1851 400 1886 429 in
1907 399 2049 430 ecclesia
2067 405 2179 431 vestra
2201 409 2302 432 cano-

1288 450 1355 480 nici
1377 456 1573 482 remaneant
1599 453 1657 491 qui
1678 453 1745 483 sint
1767 457 1913 492 tempore
1931 453 2092 492 potiores,
2120 453 2167 483 ita
2189 458 2302 485 tamen

1288 503 1375 542 quod
1399 513 1512 534 eorum
1535 505 1618 535 alter
1640 506 1786 544 predicte
1813 505 1908 536 Sedis
1931 506 2126 536 auctoritate
2148 510 2302 546 receptus

1287 556 1322 585 in
1339 558 1549 588 assecutione
1569 558 1734 596 prebende
1753 558 1810 589 alii
1832 559 2030 597 preferatur.
2051 559 2086 590 Si
2111 568 2188 590 vero
2209 563 2302 590 uter-

1289 619 1352 648 que
1375 610 1523 649 ejusdem
1546 611 1641 641 Sedis
1663 611 1859 642 auctoritate
1882 611 1925 641 sit
1953 611 2134 646 admissus,
2163 612 2202 642 de
2226 620 2302 651 pre-

1288 662 1405 692 bendis
1426 664 1638 702 provideatur
1658 665 1799 700 eisdem,
1822 669 1919 703 prout
1939 665 1974 694 in
1993 665 2069 704 jure
2093 665 2218 695 suerint
2242 673 2304 704 po-

1289 716 1400 746 tiores.
1426 717 1645 755 Receptiones
1667 722 1777 748 autem
1793 718 1897 748 factas
1917 718 1956 748 de
1973 718 2113 758 reliquis
2130 718 2164 748 in
2187 718 2304 749 eadem

1288 769 1428 799 ecclesia
1443 769 1577 807 penitus
1591 769 1774 800 irritamus.
1794 771 2019 800 Decernentes
2036 780 2093 800 vos
2109 770 2151 800 ad
2167 779 2251 810 quos
2265 771 2303 802 in

1288 821 1360 859 ipsa
1376 821 1516 851 ecclesia
1532 821 1776 860 prebendarum
1792 826 1915 861 spectat
1933 822 2065 853 collatio
2080 824 2122 853 ad
2138 823 2303 862 provisio-

1289 883 1364 904 nem
1383 874 1588 913 reliquorum
1604 875 1816 914 aliquatenus
1834 885 1899 906 non
1919 876 2037 906 teneri.
2055 877 2128 906 Dat.
2146 876 2300 916 Neapoli,

1288 927 1338 957 III
1354 927 1429 957 idus
1446 927 1573 966 aprilis,
1593 937 1679 957 anno
1692 928 1810 967 primo.
1831 941 1843 955 ι

2377 449 2388 461 d

1359 1099 1447 1129 325

1325 1160 1451 1195 Rogerio
1472 1161 1548 1196 Capa
1567 1165 1666 1188 sancta
1681 1161 1716 1187 de
1732 1161 1853 1188 Amalfin
1869 1162 2019 1189 confirmat
2035 1163 2253 1190 concessionem
2270 1164 2301 1192 iu
2342 1178 2349 1182 -

1287 1210 1402 1237 seudum
1427 1211 1461 1236 ab
1485 1210 1519 1238 Ο,
1540 1219 1565 1238 s.
1586 1210 1690 1237 Mariae
1706 1212 1734 1238 in
1752 1211 1805 1236 Vin
1827 1211 1881 1238 lata
1897 1212 2017 1238 diacono
2033 1212 2175 1239 cardinale
2194 1212 2300 1240 factam

1287 1265 1378 1285 terrae
1404 1267 1477 1293 quae
1502 1259 1616 1292 dicitur,
1627 1258 1754 1294 Campus
1780 1259 1970 1294 Donipnicus,
1995 1261 2135 1287 castaneti
2157 1260 2300 1298 contigui,

1287 1308 1384 1342 pcciac
1396 1312 1488 1334 terrae
1500 1308 1534 1334 de
1547 1307 1662 1339 Caneto,
1676 1308 1834 1334 molendini
1845 1308 1880 1335 de
1898 1308 2008 1339 Pecu-a,
2021 1310 2160 1337 castaneti
2175 1309 2211 1336 de
2228 1309 2299 1337 Lau.

1289 1356 1552 1389 (namanes-15,
1570 1356 1661 1389 fet.)

1893 1100 2009 1135 Naplcs,
2027 1102 2042 1128 9
2061 1101 2131 1128 avril
2150 1101 2227 1129 ¹255.

1327 1470 1339 1483 «
1360 1459 1483 1495 noym-io
1499 1458 1579 1495 Capa
1597 1463 1705 1487 sancta
1727 1458 1760 1487 cle
1777 1459 1920 1496 Amalfia,
1940 1458 2024 1495 fideli
2046 1464 2158 1489 nostro.
2175 1459 2260 1491 Cum
2279 1468 2300 1491 a

1285 1510 1381 1540 nobis
1392 1510 1516 1549 petitur
1528 1515 1588 1540 etc.
1607 1520 1712 1549 usque
1726 1520 1732 1539 :
1749 1511 1914 1541 effectum.
1928 1511 2014 1542 Sane
2030 1516 2087 1542 tua
2099 1512 2196 1542 nobis
2205 1520 2301 1552 expo-

1285 1564 1346 1594 sita
1367 1563 1484 1602 petitio
1506 1564 1697 1594 continebat
1722 1564 1809 1603 quod
1836 1564 1977 1595 dilectus
2000 1564 2090 1595 filius
2121 1568 2235 1596 noster
2257 1565 2297 1598 Ο.

1284 1621 1397 1647 sancte
1412 1616 1516 1646 Marie
1529 1616 1563 1646 in
1574 1617 1639 1646 Via
1654 1616 1719 1646 lata
1736 1617 1896 1647 diaconus
1913 1617 2104 1654 cardinalis,
2120 1617 2299 1657 apostolice
2325 1646 2343 1660 -.

1283 1670 1378 1700 Sedis
1401 1669 1545 1707 legatus,
1575 1670 1749 1700 attendens
1774 1670 1872 1700 fidem
1896 1679 2014 1708 puram
2038 1674 2069 1700 et
2089 1670 2300 1702 devotionem

1283 1723 1448 1753 sinceram
1467 1731 1565 1761 quam
1585 1722 1626 1751 ad
1643 1728 1707 1752 ‘nos
1730 1727 1761 1752 et
1779 1724 1964 1753 Romanam
1989 1723 2171 1754 Ecclesiam
2191 1723 2299 1754 domi-

1283 1785 1359 1805 nam
1378 1780 1467 1805 tuam
1485 1775 1609 1805 habere
1627 1775 1822 1810 dinosceris,
1850 1776 2066 1806 considerans
2087 1776 2189 1807 etiam
2209 1775 2298 1816 quod

1282 1829 1346 1867 ipsi
1363 1828 1502 1859 ecclesie
1514 1828 1547 1857 in
1566 1828 1714 1865 negociis
1727 1828 1798 1867 ejus
1812 1837 1870 1866 per
1885 1832 1977 1866 grata
1994 1832 2025 1859 et
2041 1833 2175 1868 accepta
2189 1829 2298 1860 servi·
2328 1852 2343 1875 ⁷.

1282 1883 1327 1912 tia
1344 1882 1467 1920 poteris
1484 1881 1625 1911 existere
1643 1882 1845 1916 fructuosus,
1864 1881 1905 1911 ad
1920 1881 2198 1925 supplicationem
2213 1891 2298 1922 quo-

1282 1944 1346 1974 que
1368 1935 1481 1965 dilecti
1500 1934 1561 1964 filii
1586 1934 1708 1964 nobilis
1730 1935 1794 1964 viri
1815 1935 1853 1964 B.
1883 1934 2088 1965 marchionis
2110 1935 2150 1966 de
2172 1935 2296 1966 Houm-
2340 1938 2344 1949 '

1281 1988 1386 2018 burch
1402 1987 1533 2018 comitis
1549 1987 1672 2017 Montis
1688 1987 1838 2021 Caveosi‚
1856 1995 2036 2025 regnorum
2055 1987 2243 2019 Jerusalem
2263 1991 2296 2020 ot
2327 1980 2331 1982 ⁸

1283 2041 1408 2080 Sycilie
1429 2040 1626 2076 senescalci,
1651 2041 1799 2079 ejusdem
1819 2040 1967 2070 Ecclesie
1991 2040 2100 2071 fidelis
2119 2045 2151 2071 et
2175 2041 2294 2078 nostri,
2343 2031 2348 2035 ⁴

1282 2098 1406 2124 terram
1430 2103 1493 2132 que
1519 2093 1640 2124 dicitur
1671 2093 1814 2132 Campus
1838 2094 2058 2132 Dompnicus‚
2087 2098 2296 2128 castanetum

1282 2147 1476 2185 contiguum
1496 2146 1561 2184 ipsi
1585 2155 1713 2184 campo,
1733 2146 1899 2185 quandam
1921 2146 2044 2184 petiam
2064 2150 2152 2176 terre
2171 2146 2212 2177 de
2231 2145 2296 2178 Ca·-
2332 2183 2336 2186 ,

1283 2204 1359 2230 neto
1379 2203 1409 2229 et
1424 2199 1587 2238 quoddam
1606 2198 1834 2229 molendinum
1859 2207 1934 2228 cum
1948 2199 2055 2229 veteri
2075 2198 2204 2229 fabrica
2217 2198 2296 2230 nul-

1281 2252 1351 2282 lum
1367 2252 1494 2282 habens
1511 2256 1704 2290 apparatum
1726 2252 1813 2290 quod
1829 2251 1941 2281 nullus
1955 2251 2071 2282 recolit
2085 2255 2122 2282 ut
2136 2251 2294 2291 proponis
2326 2251 2334 2275 ’-

1282 2305 1394 2344 aliquo
1408 2314 1557 2344 unquam
1575 2309 1720 2343 tempore
1736 2305 1906 2340 moluisse,
1925 2314 1989 2344 que
2007 2305 2119 2335 omnia
2134 2305 2200 2336 sita
2215 2308 2295 2336 sunt
2334 2299 2342 2303 ’

1281 2358 1317 2388 in
1336 2358 1550 2397 pertinentiis
1574 2358 1749 2388 tramontis
1771 2358 1806 2387 in
1835 2358 1906 2388 loco
1933 2357 1991 2396 qui
2017 2357 2140 2388 dicitur
2161 2358 2292 2390 Petara.

1281 2420 1357 2441 cum
1378 2410 1521 2449 quodam
1539 2414 1709 2440 castaneto
1733 2411 1772 2440 de
1796 2410 2010 2449 pertinentiis
2037 2409 2124 2441 dicte
2150 2414 2238 2440 terre
2257 2410 2330 2455 isa-4

1280 2463 1351 2494 loco
1368 2463 1425 2503 qui
1440 2463 1561 2493 dicitur
1574 2464 1655 2498 Lau,
1668 2463 1867 2493 Amalfitane
1880 2463 2034 2498 diocesis,
2049 2471 2125 2493 cum
2138 2462 2293 2494 omnihus
2303 2454 2334 2461 ἱ

1277 2516 1420 2556 justitiis
1443 2520 1474 2546 et
1489 2516 1702 2554 pertinentiis
1723 2516 1928 2552 eorumdem,
1947 2523 2089 2555 quarum
2112 2518 2293 2554 proventus

1279 2569 1425 2600 valorem
1443 2577 1591 2599 annuum
1607 2569 1708 2599 unius
1724 2569 1823 2599 uncie
1839 2569 1912 2599 auri
1927 2572 1964 2599 ut
1982 2568 2106 2599 asseris
2121 2576 2188 2598 non
2203 2575 2293 2598 exce-

1280 2623 1374 2658 dunt,
1394 2622 1456 2652 tibi
1481 2627 1512 2652 et
1527 2622 1707 2653 heredibus
1724 2623 1791 2653 tuis
1813 2623 1875 2653 sub
1899 2627 1989 2653 certa
2013 2622 2121 2652 forma
2141 2624 2173 2652 et
2190 2629 2327 2653 census·¹

1280 2685 1390 2707 annuo
1412 2676 1514 2706 unius
1539 2676 1648 2706 tareni
1671 2676 1744 2706 auri
1766 2675 1940 2706 annuatim
1967 2676 2116 2706 Romane
2144 2673 2293 2716 Ecclesie

1278 2728 1489 2768 persolvendi
1506 2728 1684 2766 legationis
1700 2738 1759 2759 sue
1780 2728 1975 2759 auctoritate
1991 2724 2172 2763 concessit,
2195 2728 2295 2765 prout
2313 2720 2328 2772 ὀ

1278 2781 1314 2810 in
1329 2781 1451 2819 prefati
1463 2780 1643 2811 cardinalis
1658 2781 1780 2811 litteris
1797 2790 1896 2819 super
1910 2780 1973 2810 hoc
1985 2779 2146 2836 confectis
2157 2778 2291 2818 plenius
2300 2796 2302 2801 ν
2312 2802 2326 2818 Ἴ.

1279 2834 1401 2864 dicitur
1427 2834 1602 2864 contineri.
1631 2835 1700 2864 Nos
1726 2835 1829 2873 igitur
1848 2834 1916 2864 tuis
1937 2833 2093 2873 precibus
2116 2831 2289 2868 inclinati,
2312 2840 2326 2863 ς

1278 2886 1366 2925 quod
1381 2886 1422 2916 ab
1445 2887 1559 2917 eodem
1578 2886 1747 2917 cardinale
1768 2887 1893 2917 sactum
1908 2890 1958 2916 est
1979 2894 2079 2924 super
2098 2884 2162 2915 hoc
2180 2887 2292 2918 ratum
2319 2900 2323 2909 ο
