2498 3325
0 1632 7 1759 ,κ-νν-ν
0 1590 5 1615 -.
0 1291 12 1578 Ἠ-ν--ψπῄ
0 1182 7 1280 ---—.

1035 259 1265 295 DEUXIEME
1287 258 1444 296 ANNEE.
2234 267 2291 297 413

239 342 252 356 »
284 331 438 360 Preterea
474 331 682 360 ordinamus.
718 331 941 368 providemus.
974 331 1199 366 decernimus,

238 384 415 414 statuimus
442 388 471 414 et
498 385 597 414 etiam
621 384 803 413 diffinimus
826 384 1013 414 Coloricum
1039 393 1113 413 011111
1137 388 1202 413 ter—

236 437 338 467 minis
363 441 394 466 et
416 437 627 475 pertinentiis
651 437 721 466 suis
742 436 854 471 villas,
876 445 938 474 que
960 436 1116 466 dicuntur
1138 437 1201 465 Mi—

236 489 362 524 1616110,
375 490 462 520 Vitis
475 490 636 519 demente
649 494 679 519 et
692 489 814 519 Prados
829 498 901 518 cum
916 489 1067 518 terminis
1081 498 1201 519 earun-

237 542 320 578 dem,
340 551 478 580 quarum
497 542 558 571 due
574 541 690 571 ultime
705 541 742 571 de
759 541 971 579 pertinentiis
986 542 1152 576 Lamores,
1172 546 1202 571 et

235 595 353 633 prima,
372 595 497 625 scilicet
515 594 694 625 Miserella,
712 594 833 632 partim
853 594 891 623 de
907 594 1119 632 pertinentiis
1140 595 1201 625 Ce-

235 648 330 678 lorici
347 653 377 678 et
398 649 518 686 partim
543 649 581 678 de
606 648 818 686 pertinentiis
844 648 980 678 Linares
997 657 1068 678 esse
1085 648 1202 678 ‹licun-

238 707 300 737 tur,
324 703 393 732 sore
418 706 575 740 perpetuo
602 702 640 731 (16
665 701 873 739 Egitaniensi
896 701 1034 737 diocesi,
1060 706 1090 731 et
1116 702 1202 740 quod

237 754 410 792 episcopus
436 759 467 784 et
488 754 628 784 ecclesia
648 754 882 791 Egitanienses
907 753 1107 792 episcopalia
1126 754 1203 793 jura

237 816 388 837 exercere
410 807 513 837 libere
531 807 661 837 valeant
683 807 718 836 in
741 807 865 837 eisdem
890 811 1048 845 tanquam
1064 807 1099 836 in
1120 806 1201 836 locis

237 869 295 890 sue
312 860 453 890 diocesis
476 866 506 890 et
528 861 564 889 in
587 870 646 890 sua
663 861 786 890 diocesi
806 860 1008 890 constitutis.
1032 860 1136 898 Super
1153 860 1201 890 eis

235 913 425 951 episcopum
442 917 472 942 et
490 917 735 951 procuratorem
759 912 896 950 capituli
918 912 1145 950 Egitaniensis
1161 912 1201 942 ab

235 965 442 1004 impetitione
476 965 719 1004 sepedictorum
746 965 890 1003 episcopi
918 969 949 995 et
977 965 1201 1003 procuratoris

236 1017 372 1056 capituli
388 1017 683 1048 Colimbriensium
700 1017 921 1053 absolventes,
937 1018 1062 1047 eisdem
1078 1017 1202 1048 Colim-

235 1071 426 1101 briensibus
452 1080 551 1109 super
581 1071 648 1101 11115
675 1075 870 1109 perpetuum
899 1071 1071 1100 silentium
1096 1071 1203 1109 impo-

236 1124 355 1154 nendo.

237 1189 250 1204 n
274 1177 488 1207 Absolvimus
509 1177 646 1216 insuper
668 1178 800 1207 eosdem
826 1178 1016 1216 episcopum
1037 1183 1068 1207 et
1089 1187 1202 1216 procu-

235 1236 378 1261 ratorem
400 1230 537 1268 capituli
561 1231 788 1268 Egitaniensis
809 1230 848 1260 ab
869 1231 1077 1269 impetitione
1100 1231 1204 1260 dicto-

235 1292 310 1313 rum
330 1283 476 1321 episcopi
497 1287 527 1313 et
548 1283 771 1321 procuratoris
788 1283 924 1321 capituli
949 1283 1203 1314 Colimbriensis

237 1345 335 1375 super
350 1337 425 1376 jure
444 1340 639 1375 patronatus
658 1336 797 1367 ecclesie
819 1337 938 1367 Sancte
956 1337 1060 1367 Marie
1079 1337 1117 1367 de
1141 1337 1204 1367 Co-

236 1389 398 1425 velliana,
419 1394 449 1419 et
472 1390 555 1428 ipsis
572 1389 874 1420 Colimbriensibus
895 1389 1066 1419 silentium
1088 1399 1204 1428 perpe-

237 1447 330 1472 tuum
347 1442 549 1480 imponimus
566 1451 664 1480 super
681 1451 729 1472 eo.

238 1508 251 1522 n
271 1497 401 1526 Rursus
420 1495 645 1534 providemus,
664 1495 872 1530 ordinamus,
891 1495 1116 1531 decernimus,
1135 1500 1203 1526 sta-

236 1548 362 1578 tuimus
379 1557 415 1578 ac
434 1548 534 1578 etiam
555 1548 738 1578 diffinimus
758 1552 794 1577 ut
809 1549 1037 1586 possessiones
1054 1549 1200 1585 laicales,

233 1602 269 1632 in
286 1601 492 1637 Covelliana,
518 1601 666 1632 Celorico
689 1610 869 1640 eorumque
894 1602 1047 1632 terminis
1068 1611 1104 1632 ac
1120 1602 1202 1632 10015

236 1654 312 1684 aliis
329 1663 411 1693 quas
423 1653 640 1684 determinate
652 1658 682 1684 et
694 1653 848 1683 distincte
860 1662 936 1692 pars
947 1654 1201 1685 Colimbrieusis

236 1707 276 1737 ab
290 1706 498 1745 Egitaniensi
511 1711 669 1745 tanquam
681 1706 909 1736 detentoribus
920 1707 1015 1745 petiit
1028 1708 1062 1736 in
1076 1707 1200 1743 libello,

237 1759 305 1790 sint
323 1759 409 1798 juris
433 1763 464 1789 et
485 1759 697 1797 proprietatis
721 1762 879 1797 perpetuo
901 1759 1128 1797 Egitaniensis
1149 1770 1202 1791 ec-

237 1813 352 1847 clesie,
375 1817 406 1842 et
426 1812 571 1851 prefatos
593 1812 843 1849 Egitaniensem
863 1812 1054 1851 episcopum
1075 1818 1106 1843 et
1127 1823 1202 1852 pro-

236 1869 421 1896 curatorem
444 1864 581 1903 capituli
605 1865 674 1900 sui,
699 1873 798 1903 super
820 1865 902 1900 hiis,
930 1865 969 1895 ab
994 1866 1202 1904 impetitione

235 1917 381 1956 episcopi
417 1921 449 1947 et
482 1917 706 1955 procuratoris
739 1917 876 1955 capituli
907 1917 1203 1948 Colimbriensium

236 1970 463 2007 absolventes,
486 1974 515 2000 et
536 1970 660 2000 eisdem
685 1969 987 2000 Colimbriensibus
1007 1975 1203 2010 perpetuum

236 2023 408 2054 silentium
423 2023 626 2061 imponimus
644 2031 742 2061 super
759 2023 819 2053 eis.

239 2089 251 2103 »
284 2076 436 2114 Amplius
465 2075 693 2114 providemus,
729 2075 939 2111 ordinamus,
973 2076 1200 2113 decernimus,

236 2129 414 2160 statuimus
429 2138 465 2159 ac
477 2128 576 2158 etiam
592 2128 775 2158 diffinimus
789 2129 876 2168 quod
892 2129 1030 2160 Linares
1047 2140 1121 2160 cum
1137 2136 1204 2161 ter-

236 2183 337 2212 minis
361 2186 391 2211 et
416 2181 628 2220 pertinentiis
651 2181 736 2218 suis,
763 2181 870 2211 tribus
894 2182 983 2212 villis
1010 2184 1200 2221 pretaxatis,

239 2235 391 2265 videlicet
411 2234 590 2270 Miserella,
609 2234 686 2265 Vite
702 2235 740 2264 de
758 2239 885 2271 monte,
911 2240 941 2265 et
967 2237 1102 2271 Prados,
1129 2246 1203 2267 cum

237 2288 450 2328 pertinentiis
473 2288 543 2317 suis
564 2287 731 2317 dumtaxat
749 2289 908 2326 exceptis,
928 2298 988 2319 nec
1006 2299 1070 2319 non
1087 2290 1204 2329 Felgo-

238 2343 366 2377 sinum,
385 2341 550 2376 Gaudela,
569 2341 656 2371 Sena
676 2350 749 2371 cum
772 2342 923 2372 terminis
941 2346 971 2372 61
991 2343 1204 2381 pertinentiis

239 2395 429 2430 earundem,
448 2394 560 2432 Cogia,
578 2395 678 2429 Avoo,
694 2394 843 2431 Arganil,
862 2395 1003 2425 Sanctus
1020 2397 1201 2432 Romanus,

240 2450 396 2482 Laui-osa,
426 2447 590 2482 Midoncs,
625 2447 828 2484 Pedi-agono,
860 2448 982 2486 Arega,
1016 2449 1202 2487 Figueiroo,

239 2500 443 2539 Aquishellis
465 2509 541 2529 cum
562 2499 714 2529 terminis
736 2504 766 2529 et
783 2501 995 2538 pertinentiis
1013 2503 1202 2532 earundem.

237 2562 418 2591 omnesque
445 2552 584 2582 ecclesie
616 2552 679 2581 alie
709 2556 739 2581 et
767 2552 837 2582 loca
859 2562 917 2591 per
938 2559 1064 2592 partem
1094 2556 1205 2593 Egita-

240 2607 388 2637 niensem
419 2616 436 2635 a
464 2605 700 2636 Colimbriensi
729 2605 868 2635 ecclesia
893 2606 926 2635 111
954 2607 1066 2637 11110110
1091 2609 1202 2646 petita,

240 2670 303 2699 que
328 2664 414 2690 tenet
440 2659 553 2689 cadem
578 2658 832 2689 Colimln·iensis
855 2659 995 2690 ecclesia
1021 2661 1059 2690 ab
1085 2662 1205 2691 Asina-

240 2714 339 2742 brava
364 2717 394 2742 et
416 2721 433 2741 a
455 2712 553 2741 lluvio
577 2712 633 2750 qui
655 2711 777 2740 dicitur
796 2712 829 2740 in
853 2712 938 2742 (11010
958 2713 1070 2743 libello
1094 2715 1206 2751 Egita-

241 2765 350 2795 niensi
372 2764 506 2798 Naban,
531 2764 587 2802 qui
609 2764 701 2801 juxta
724 2767 868 2792 castrum
892 2764 930 2794 de
950 2765 1092 2795 Thomar
1110 2767 1205 2796 Tem-

240 2818 421 2856 plariorum
437 2817 507 2845 111111
525 2816 607 2845 citra
622 2824 737 2845 versus
752 2816 949 2853 Egitaniarri,
966 2818 1032 2847 sint
1048 2823 1205 2857 perpetuo

241 2871 278 2900 (10
295 2869 530 2900 (101111111111-1151
549 2869 683 2904 diocesi,
704 2873 734 2897 ct
751 2869 923 2907 episcopus
944 2874 974 2900 et
991 2871 1129 2901 ccclesia
1149 2872 1206 2902 Co-

241 2923 451 2952 limlurienscs
471 2921 754 2960 1·piscopaliaj111'a
770 2922 801 2950 in
821 2921 900 2951 locis
913 2923 1037 2953 eisdem
1055 2933 1205 2955 exercere

1287 344 1300 357 ))

1288 398 1299 411 i)

1287 450 1299 463 i)

1287 501 1298 515 J)

1286 554 1298 568 ))

1286 608 1298 621 ))

1286 713 1298 727 ))

1286 766 1298 780 ))

1286 819 1299 833 ))

1286 872 1298 886 ))

1286 925 1299 939 ))

1287 1031 1299 1045 ))

1287 1084 1300 1098 ))

1288 1137 1300 1151 ))

1289 1191 1301 1205 ))

1288 1244 1301 1257 ))

1288 1298 1300 1311 ))

1289 1351 1301 1364 ))

1289 1403 1301 1417 ))

1288 1456 1301 1470 ))

1289 1509 1301 1522 ))

1287 1613 1300 1628 )>

1287 1667 1300 1681 )>

1287 1719 1300 1734 ))

1287 1772 1300 1787 ))

1286 1826 1299 1841 ))

1287 1880 1300 1894 ))

1288 1932 1300 1946 ))

1287 1985 1300 1999 i)

1288 2039 1300 2053 ))

1288 2092 1299 2105 ὶ)

1287 2145 1300 2159 ))

1288 2251 1300 2265 J)

1289 2303 1301 2316 ))

1289 2355 1301 2369 ))

1290 2409 1301 2423 ))

1290 2462 1301 2475 )2

1290 2515 1302 2528 2)

1290 2568 1302 2581 3)

1291 2620 1303 2633 i)

1292 2726 1304 2739 )›

1292 2778 1303 2791 >1

1292 2831 1303 2845 ³)

1292 2884 1304 2897 1)

1325 332 1427 361 libere
1452 333 1592 370 possint,
1614 333 1703 363 velut
1724 333 1757 362 in
1776 333 1858 363 locis
1881 343 1939 364 sue
1958 335 2098 364 diocesis
2123 339 2153 364 et
2175 335 2210 364 in
2230 344 2290 365 sua

1325 385 1447 415 diocesi
1465 387 1669 416 constitutis.
1690 396 1787 425 super
1805 388 1852 417 eis
1870 388 2059 426 episcopum
2082 393 2112 418 et
2134 398 2290 426 procura-

1326 442 1427 467 torem
1450 440 1585 477 capituli
1609 440 1863 470 Colimbriensis
1885 441 1925 470 ab
1943 441 2150 479 impetitione
2174 451 2291 480 supra-

1325 490 1487 520 dictorum
1502 492 1647 530 episcopi
1662 496 1691 522 et
1710 494 1931 530 procuratoris
1947 494 2083 531 capituli
2100 494 2290 532 Egitanien-

1325 543 1411 572 sium
1431 544 1650 579 absolventes,
1672 545 1797 574 eisdem
1816 546 2088 583 Egitaniensibus
2106 556 2205 585 super
2223 547 2290 577 hiis

1323 601 1517 634 perpetuum
1535 597 1706 627 silentium
1722 598 1932 636 imponendo.

1326 661 1338 674 »
1358 649 1570 679 Δ1115011111105
1594 650 1693 680 6110111
1715 651 1847 680 eosdem
1864 652 2053 690 episcopum
2069 653 2291 683 Colimbrien-

1325 710 1392 731 sem
1410 706 1439 731 et
1457 707 1703 740 procuratorem
1716 703 1853 740 capituli
1867 704 1920 733 sui
1937 705 1976 734 ab
1993 705 2200 743 impetitione
2215 715 2291 745 pre-

1323 755 1467 784 fatorum
1489 756 1633 794 episcopi
1657 756 1884 793 Egitaniensis
1905 761 1935 786 et
1956 760 2179 795 procuratoris
2202 759 2292 798 capi-

1325 807 1385 837 tuli
1407 808 1475 843 sui,
1502 817 1600 846 super
1621 808 1687 838 hiis
1710 817 1773 847 que
1792 813 1949 846 petuntur
1968 810 2007 839 ab
2029 811 2077 840 eis
2100 811 2136 840 in
2157 812 2289 848 Dornis,

1325 861 1450 890 eisdem
1472 861 1744 898 Egitaniensibus
1761 871 1860 900 super
1879 863 1962 900 ipsis
1977 868 2173 901 perpetuum
2190 865 2293 895 silen-

1326 913 1407 942 tium
1423 914 1641 951 imponentes.

1327 977 1339 992 »
1359 966 1575 996 Providemus
1593 976 1739 1005 quoque,
1759 968 1967 1004 ordinamus,
1987 969 2207 1005 decernimus,
2226 974 2294 1000 sta-

1326 1019 1450 1048 tuimus
1467 1028 1504 1048 ac
1521 1019 1620 1049 etiam
1636 1020 1828 1056 diffinimus,
1850 1025 1886 1050 ut
1901 1022 2129 1059 possessiones
2145 1022 2292 1057 laicales,

1326 1081 1407 1110 quas
1435 1076 1525 1102 tenet
1554 1071 1809 1102 Colimbriensis
1839 1073 2012 1112 episcopus
2038 1075 2071 1104 in
2102 1075 2292 1112 Belmonte,

1324 1125 1490 1162 Anguies,
1509 1124 1592 1155 Ollis
1615 1125 1653 1155 de
1675 1125 1841 1161 (londino,
1861 1130 1891 1156 et
1912 1126 1993 1156 locis
2018 1127 2093 1157 aliis
2112 1129 2151 1158 de
2172 1129 2293 1168 quibus

1326 1179 1450 1208 mentio
1469 1179 1503 1207 in
1520 1178 1644 1209 libellis
1666 1179 1843 1218 utriusque
1865 1181 1969 1218 partis
1988 1181 2138 1218 habetur,
2157 1192 2220 1221 que
2242 1192 2294 1214 56-
2325 1200 2336 1211 .

1327 1235 1494 1270 questi-ate
1512 1240 1570 1270 per
1584 1241 1642 1261 nos
1660 1241 1725 1261 non
1741 1232 1887 1268 fuerunt,
1903 1238 2060 1272 perpetuo
2074 1235 2160 1274 juris
2177 1240 2207 1265 61
2222 1245 2294 1274 1110-

1325 1285 1476 1323 prietatis
1504 1285 1647 1314 existant
1671 1285 1924 1316 Colimbriensis
1953 1287 2109 1322 ecclesie,
2138 1288 2294 1327 ipsosque

1327 1338 1517 1376 episcopum
1538 1341 1569 1367 et
1588 1342 1835 1375 procuratorem
1856 1339 1992 1377 capituli
2009 1340 2061 1370 sui
2077 1341 2292 1378 absolvimus,

1325 1390 1433 1429 quoad
1450 1390 1554 1428 ipsos,
1574 1390 1613 1419 ab
1630 1390 1838 1429 impetitione
1854 1391 1999 1430 episcopi
2020 1397 2051 1422 et
2070 1395 2294 1432 procuratoris

1327 1443 1463 1482 capituli
1480 1443 1757 1481 Egitaniensium‚
1776 1443 1852 1479 sibi,
1871 1453 1969 1483 super
1984 1445 2077 1483 ipsis,
2098 1451 2294 1485 perpetuum

1326 1496 1498 1526 silentium
1517 1496 1727 1534 imponendo.

1328 1561 1340 1575 »
1360 1549 1411 1578 Ad
1432 1548 1508 1584 hec,
1529 1557 1570 1578 ne
1589 1548 1627 1578 de
1646 1549 1811 1579 fructibus
1833 1551 1996 1589 perceptis
2016 1560 2052 1581 ex
2070 1551 2152 1583 locis
2169 1558 2201 1594 61
2216 1563 2292 1592 pos-

1325 1601 1532 1631 sessionibus
1552 1602 1769 1639 sequestratis
1784 1611 1843 1640 per
1859 1611 1934 1638 nos,
1953 1612 1971 1632 a
1992 1607 2138 1642 tempore
2155 1615 2293 1646 seques-

1325 1654 1478 1684 trationis
1496 1654 1654 1693 ejusdem,
1674 1655 1821 1684 nondum
1837 1655 1875 1685 de
1893 1656 1979 1686 facto
1997 1659 2183 1689 executioni
2199 1669 2292 1690 man-

1326 1707 1415 1742 date,
1438 1711 1469 1737 et
1491 1716 1572 1745 quos
1594 1707 1629 1736 in
1655 1711 1752 1737 antea
1773 1708 1898 1746 percipi
1922 1710 2098 1748 contigerit
2120 1721 2226 1751 usque
2253 1714 2294 1743 ad

1325 1761 1406 1790 duos
1428 1768 1577 1795 menses,
1596 1760 1685 1790 infra
1706 1769 1788 1799 quos
1809 1761 1850 1791 ad
1869 1766 1980 1800 partes
1995 1763 2085 1802 ipsas
2101 1764 2294 1804 hujusmodi

1325 1817 1436 1843 nostre
1452 1813 1663 1843 diffinitionis
1679 1822 1738 1844 seu
1754 1814 1933 1845 decisionis
1950 1816 2069 1847 notitia
2086 1819 2206 1856 poterit
2218 1829 2295 1858 per-

1325 1867 1455 1901 venire,
1483 1866 1572 1896 inter
1598 1870 1708 1904 partes
1731 1867 1917 1905 questionis
1947 1870 2123 1908 scrupulus
2150 1872 2292 1909 oriatur,

1325 1920 1518 1949 ordinamus
1536 1923 1567 1949 et
1583 1919 1682 1949 ctiam
1698 1920 1925 1958 providemus,
1942 1923 2029 1960 quod
2045 1923 2147 1953 iidem
2165 1926 2293 1957 fructus

1325 1972 1429 2012 partis
1452 1972 1519 2001 sint
1543 1976 1573 2002 et
1594 1972 1780 2002 efficiantur
1801 1973 1894 2003 illius
1913 1975 1986 2013 qui,
2005 1980 2080 2006 ante
2097 1981 2225 2016 tempus
2242 1988 2295 2010 se-

1326 2025 1564 2065 questrationis
1583 2025 1789 2064 hujusmodi,
1814 2031 1883 2056 erat
1905 2027 1940 2056 in
1958 2030 2169 2066 possessione
2187 2032 2295 2069 perci-

1323 2079 1438 2118 piendi
1469 2087 1523 2108 eos
1552 2087 1588 2108 ex
1614 2078 1695 2108 locis
1722 2083 1753 2108 et
1777 2080 2047 2116 possessionibus
2077 2085 2295 2121 sequestratis

1326 2133 1365 2162 ab
1385 2142 1434 2162 ea.

1328 2198 1340 2211 )›
1374 2187 1544 2215 Postremo
1572 2184 1726 2219 dicimus,
1754 2185 1955 2223 precipimus
1983 2191 2012 2216 et
2038 2189 2233 2220 mandamus
2260 2195 2296 2221 ut

1326 2238 1465 2277 predicti
1480 2237 1624 2275 episcopi
1637 2241 1667 2267 01
1684 2246 1796 2267 eorum
1811 2238 1961 2274 ecclesie,
1975 2239 2055 2270 Iocis
2072 2250 2108 2270 ac
2122 2242 2221 2272 rebus
2237 2253 2296 2281 per

1327 2299 1386 2319 nos
1407 2289 1471 2319 sibi
1491 2289 1644 2327 superius
1662 2289 1845 2327 designatis
1862 2294 1893 2319 et
1911 2291 2106 2329 assignatis,
2125 2302 2161 2323 ac
2177 2294 2296 2334 hujus-

1326 2343 1415 2373 modi
1444 2346 1556 2372 nostra
1581 2342 1814 2379 declaratione,
1845 2344 2045 2381 provisione,
2074 2347 2295 2385 ordinatione,

1327 2395 1526 2425 diffinitione
1558 2399 1588 2425 et
1617 2396 1893 2433 pronunciatione
1924 2399 2071 2428 contenti
2101 2400 2139 2429 de
2169 2407 2294 2435 cetero,

1328 2453 1441 2477 mutuo
1460 2458 1558 2486 super
1582 2448 1664 2486 ipsis
1686 2458 1720 2478 se
1747 2458 1811 2478 non
1835 2449 1993 2488 impetant
2014 2451 2225 2490 aliquatenus
2246 2456 2298 2485 vel

1328 2502 1523 2535 0101051001,
1552 2510 1612 2530 1100
1634 2510 1709 2539 11015
1735 2501 1837 2531 altera
1856 2503 2123 2541 jurisdictionem
2144 2515 2202 2536 seu
2221 2508 2297 2547 jura

1329 2554 1466 2584 alterius
1495 2554 1528 2582 111
1559 2554 1733 2592 premissis
1764 2555 1920 2585 invadere
1954 2557 2004 2586 vel
2036 2566 2196 2596 usurpare
2224 2570 2298 2599 pre-

1330 2611 1449 2637 sumat.

1332 2672 1343 2685 ›.
1371 2661 1593 2689 Rosci-vanius
1617 2659 1716 2688 ctiam
1740 2660 1834 2690 nobis
1856 2661 1889 2689 111
1915 2662 2070 2698 predictis
2091 2665 2246 2696 omnibus
2267 2671 2298 2697 et

1331 2712 1473 2749 singulis
1498 2716 1693 2749 potestatem
1715 2713 1974 2751 interpretandi,
2002 2717 2167 2752 mutandi,
2195 2720 2299 2749 corri-

1330 2765 1438 2803 gendi,
1456 2764 1607 2794 addendi.
1627 2765 1812 2801 minuendi,
1827 2776 1863 2795 ac
1876 2767 1986 2796 omnia
2001 2768 2065 2797 alia
2079 2770 2297 2811 faciendique

1331 2818 1425 2847 nobis
1454 2821 1530 2846 sunt
1556 2817 1745 2855 specialiter
1779 2823 1809 2848 et
1835 2820 2034 2855 generaliter
2060 2821 2094 2849 in
2130 2827 2298 2860 pretaxato

1330 2870 1567 2908 compromisso
1585 2880 1752 2900 concessa.

1332 2936 1345 2951 >›
1376 2925 1410 2953 111
1437 2924 1529 2962 cujus
1554 2924 1601 2953 rei
1625 2924 1861 2960 testimonium,
1886 2925 1945 2955 1100
1970 2936 2106 2964 pro-sens
2129 2929 2297 2966 publicum
