2498 3325
190 250 247 280 Ξ234
915 250 1154 281 REGISTRES
1176 249 1483 282 D'ALEXANDRE
1507 253 1560 282 IV.

192 320 309 350 petuum
329 315 424 341 utendi
441 314 533 348 mitra,
551 316 671 347 annulo,
688 316 800 350 tunica,
816 316 983 347 dalmatica,
1000 315 1155 343 cirothecis
1171 318 1199 342 et

188 364 317 391 sandalis
335 372 368 390 ac
384 364 572 391 benedicendi
592 365 680 399 pallas
696 366 794 392 altaris
808 369 837 392 et
854 366 907 392 atta
923 370 1089 392 ornamenta
1104 366 1199 392 cccle-

190 413 317 442 siastica,
334 412 500 438 conferendi
518 412 636 444 primam
655 417 801 440 tonsuram
817 422 850 440 ae
867 415 992 441 minores
1007 414 1123 441 ordines
1140 415 1199 449 ple-

190 470 253 488 nam
277 461 409 487 concedit
430 461 602 488 facuttatom.
627 462 710 495 (Rea.
731 463 778 494 94,
801 471 827 489 c.
849 463 914 496 610,
934 464 952 489 t'.
973 463 1034 494 92’;
1054 463 1200 491 ΡοττΗΑετ

191 510 299 541 16014.)

231 644 243 657 α
265 655 296 665 ..‚
315 632 426 666 abbati,
442 637 468 661 et
483 633 648 661 conventui
663 634 843 662 monasterii
858 633 1060 669 Fiscanensis‚
1079 634 1199 663 ordinis

187 686 288 714 sancti
304 686 470 720 Benedicti,
490 686 530 714 ad
547 687 714 715 Romanam
733 687 894 716 Ecclesiam
911 687 998 715 nullo
1013 686 1112 715 medio
1125 695 1198 724 per-

189 739 326 767 tinentis.
340 738 384 768 Ut
398 737 511 776 pulcra
525 742 586 768 etc.
604 748 709 777 usque
725 749 731 767 :
749 739 911 769 decorem.
929 756 979 768 —-.
995 739 1069 769 Dat.
1087 739 1199 778 Anag-

189 791 254 825 nie,
276 791 307 820 II
326 790 401 820 idus
417 791 626 829 septembris,
645 800 731 821 anno
747 792 865 830 primo.
885 803 898 818 »

260 1003 346 1031 ⁸266

224 1070 318 1097 Nobili
336 1072 395 1097 viro
409 1071 575 1105 Thomasio,
590 1072 675 1111 militi
686 1072 850 1106 Anagnino,
863 1081 913 1107 pro
926 1072 1053 1100 Ecclesia
1067 1073 1196 1101 Romana

186 1124 312 1146 castrum
343 1120 378 1145 dc
413 1119 571 1146 Fummone
600 1120 792 1152 custodienti,
825 1121 941 1147 feudum
976 1122 1037 1148 sive
1067 1126 1195 1150 tenutam

186 1167 329 1194 «Iohannis
345 1168 479 1194 Obtinelli
497 1168 650 1203 proditoris
666 1169 831 1202 confirmat,
846 1171 905 1204 Jam
923 1178 1095 1197 concessum
1117 1180 1132 1197 a
1153 1179 1193 1203 se,

187 1220 255 1243 tunc
281 1216 408 1243 Ostiensi
435 1220 463 1242 et
493 1216 665 1244 velletrensi
691 1218 840 1252 episcopo,
866 1218 909 1250 8.,
937 1219 1012 1245 tituli
1039 1227 1063 1245 s.
1090 1219 1196 1247 Mariae

187 1265 369 1300 presbytero.
387 1269 414 1291 et
431 1265 465 1291 R.
477 1286 485 1298 ‚
502 1273 516 1291 s
550 1265 653 1297 Augen
670 1266 790 1292 diacono
806 1266 1000 1294 cardinalibus
1021 1276 1071 1302 per
1086 1268 1196 1295 litteras

187 1313 337 1346 Anagniae
361 1313 530 1347 MCCXLV,
553 1322 652 1340 mense
675 1315 860 1348 septembris,
885 1315 930 1341 dic
955 1317 1037 1342 tot—tio
1062 1317 1194 1350 intrante,

185 1361 276 1388 dats.
299 1362 380 1391 (Rea.
402 1362 450 1393 ⁶24,
471 1371 496 1390 c.
516 1362 615 1395 611,,1“.
632 1363 700 1396 92’,)

736 1003 854 1039 Naples,
867 1003 901 1030 ι28
913 1005 1029 1039 janvier
1046 1005 1124 1033 1255.

227 1496 239 1509 «
260 1484 360 1513 Nobili
378 1485 443 1513 viro
460 1485 628 1518 leomasz'o,
644 1486 743 1514 militi
755 1486 931 1523 Anagnino.
948 1487 1102 1525 Prompte
1118 1487 1196 1518 fidei

186 1540 216 1566 et
233 1545 333 1574 prone
351 1532 536 1566 devotionis
555 1537 704 1572 affectus,
720 1546 819 1576 quem
835 1537 914 1567 olim
930 1538 964 1567 in
981 1538 1071 1569 fideli
1085 1544 1196 1570 custo-

185 1588 239 1618 dia
263 1589 362 1618 castri
389 1589 493 1618 nostri
519 1589 557 1619 de
582 1590 764 1620 Fummone
789 1599 866 1628 erga
894 1592 1077 1622 Romanam
1103 1592 1197 1622 exhi-

185 1641 288 1670 buisti
326 1641 508 1671 Ecclesiam
543 1641 757 1672 laudabiliter
794 1652 852 1681 per
885 1644 1056 1680 effectum,
1097 1645 1196 1683 digne

185 1699 349 1723 meretur.
370 1698 402 1723 ut
424 1703 598 1732 personam
617 1699 708 1724 tuam
727 1695 864 1733 speciali
879 1696 1105 1728 benivolentia
1120 1707 1196 1736 pro-

184 1749 372 1783 sequentes.
400 1745 465 1775 tuis
491 1746 790 1784 supplicationibus
815 1747 1043 1778 favorabiliter
1067 1758 1195 1780 annua-

185 1806 267 1827 mus.
287 1797 369 1828 Cum
387 1798 498 1837 itaque
516 1807 575 1828 nos
589 1798 679 1833 olim,
695 1799 773 1828 dum
790 1800 824 1829 in
840 1800 963 1830 minori
980 1810 1112 1831 eramus
1129 1802 1194 1831 offi-

185 1850 235 1879 cio
258 1850 448 1885 constituti,
475 1855 504 1880 et
529 1851 613 1881 bone
638 1851 690 1881 bo.
713 1851 779 1890 [sic]
805 1852 850 1886 S.,
875 1852 964 1882 tituli
988 1857 1101 1883 sancte
1123 1854 1194 1884 Ma-

184 1903 232 1931 rie
265 1903 507 1933 Transtiberim
534 1903 710 1941 presbiter,
739 1908 770 1934 et
797 1904 937 1935 dilectus
966 1905 1055 1935 filius
1082 1910 1194 1936 noster

184 1955 223 1984 R.
245 1955 350 1984 sancti
372 1955 491 1993 Angeli
510 1956 669 1986 diaconus
691 1957 888 1991 cardinales,
906 1957 941 1986 in
960 1958 1142 1996 Campania
1163 1963 1194 1989 et

184 2006 351 2036 Maritima
372 2008 566 2038 auctoritate
585 2008 762 2047 apostolice
781 2009 876 2039 Sedis
895 2009 1023 2045 vicarii,
1044 2011 1192 2049 pensatis

183 2059 337 2088 omnibns
355 2060 553 2098 sumptibus,
569 2060 739 2091 laboribus
757 2066 787 2091 et
805 2063 958 2100 expensis
972 2072 1035 2102 que
1052 2063 1192 2095 dilectus

183 2111 272 2140 filius
305 2114 356 2142 S.
387 2113 489 2141 frater
516 2117 609 2148 tuus,
643 2113 834 2152 capellanus
865 2120 987 2150 noster,
1015 2120 1045 2146 et
1073 2121 1108 2146 tu
1134 2126 1192 2154 pro

182 2164 259 2193 ‹lit-ti
289 2165 388 2193 castri
417 2169 447 2194 et
474 2174 566 2195 rocco
593 2166 744 2196 subieras
773 2167 932 2200 subsidio,
959 2168 1096 2198 feudum
1122 2170 1192 2200 sive

184 2221 331 2245 tenutam
353 2217 518 2247 Johannis
541 2218 700 2248 Obtinelli
721 2220 910 2257 proditoris,
936 2230 1010 2250 cum
1036 2221 1103 2251 hiis
1129 2231 1192 2260 que

184 2270 286 2298 tenuit
313 2274 340 2299 et
364 2269 477 2299 babuit
502 2271 539 2299 (le
560 2271 655 2300 bonis
672 2272 827 2301 Riccardi
843 2273 948 2302 soceri
966 2274 1017 2303 sui
1034 2274 1067 2303 in
1085 2278 1192 2305 castro
1233 2288 1235 2311 g

184 2323 356 2351 Fummoni
374 2327 401 2351 et
423 2323 493 2361 ejus
512 2324 689 2353 territorio.
706 2325 826 2363 quibus
843 2325 930 2355 idem
946 2326 1116 2356 ,lohannes
1131 2327 1192 2357 Oh-

184 2374 289 2403 tinelli
309 2375 455 2412 privatus
476 2376 642 2411 extiterat,
662 2377 872 2413 exigentibus
889 2378 994 2416 culpis
1011 2379 1098 2415 suis,
1117 2388 1192 2409 cum

183 2427 336 2455 ‹tnnnibns
350 2427 483 2465 juribus
500 2433 527 2457 ct
546 2429 758 2465 pertinentiis
775 2429 856 2465 suis,
873 2430 1068 2461 auctoritate
1084 2431 1192 2462 felicis

183 2480 421 2509 recordationis
447 2482 472 2510 Ι.
506 2490 586 2519 pape
612 2482 855 2519 predecessoris
887 2484 993 2512 nostri
1023 2494 1087 2522 qua
1114 2490 1192 2515 tunc

183 2533 339 2570 temporis
363 2533 593 2569 fungebamur,
614 2535 672 2563 tibi
690 2539 718 2564 ct
739 2535 917 2565 bct-edibus
939 2537 1004 2566 tuis
1023 2537 1056 2566 in
1075 2548 1192 2576 perpe-

184 2589 275 2613 tuum
297 2584 398 2613 libert·
424 2594 459 2613 ac
483 2595 557 2614 cnm
581 2586 770 2624 integritate
792 2589 1055 2619 concesserimus
1074 2591 1114 2620 ad
1132 2591 1192 2621 ba-

185 2636 340 2667 bendum.
363 2637 446 2666 sicut
463 2637 520 2666 alii
538 2638 660 2668 milites
677 2639 782 2677 ipsius
801 2641 899 2670 castri
914 2641 1035 2672 babere
1049 2652 1193 2673 noscun-

183 2694 244 2719 turv
271 2694 363 2726 prout
389 2689 423 2718 in
448 2691 569 2719 nostris
593 2695 623 2719 ct
644 2691 804 2721 dictorum
827 2693 1047 2724 cardinalium
1070 2695 1191 2727 litteris

183 2741 258 2770 ind:¹
269 2742 427 2771 consectis
439 2742 571 2780 plcnius
585 2743 787 2779 continetur,
800 2744 972 2775 humiliter
984 2748 1189 2786 supplicasti,

182 2798 215 2823 ut
235 2795 482 2823 1·om··:·ssionetn
501 2795 690 2834 hujusmodi
707 2798 901 2828 auctoritate
919 2799 1098 2837 apostolica
1114 2810 1192 2831 con-

184 2848 314 2875 armare
341 2846 378 2875 do:
406 2847 610 2884 benignitate
634 2848 730 2877 solita
753 2858 955 2880 curaremus.
982 2853 1048 2882 Nos
1064 2853 1187 2892 itaque,

183 2899 248 2928 tuis
271 2898 569 2937 supplicationibus
594 2900 758 2936 inclinati,
783 2903 1031 2934 concessionem
1052 2906 1189 2936 eandem

1281 320 1407 353 gratam
1426 316 1586 349 hahentes
1601 323 1631 349 et
1648 324 1764 355 ratam,
1781 320 1887 359 ipsam
1903 322 2098 353 auctoritate
2113 323 2294 362 apostolica

1281 368 1516 400 confirmamus
1533 375 1594 401 etc.
1613 381 1718 411 usque
1737 383 1743 401 z
1761 374 2016 404 communimus.

1320 422 1481 452 Tenorem
1498 422 1683 454 litterarum
1698 425 1847 464 ipsarum
1861 427 2072 464 presentibus
2085 427 2124 458 de
2135 428 2236 459 verbo
2251 429 2294 459 ad

1281 474 1419 504 verbum
1437 475 1542 506 inseri
1558 477 1731 513 facientes,
1749 478 1806 517 qui
1824 478 1901 509 talis
1917 483 1966 510 est
1984 489 1990 509 :

1787 578 1914 613 Anagni,
1929 578 1944 606 3
1959 579 2123 614 septembre
2140 580 2219 608 1255.

1323 649 1336 663 ι(
1362 637 1576 668 Miseratione
1603 639 1717 668 divina
1742 641 1800 675 R.,
1827 640 1994 671 Ostiensis
2019 645 2051 671 et
2074 641 2294 674 Velletrensis

1284 701 1296 715 »
1322 689 1507 728 episcopus,
1523 691 1568 727 S„
1589 691 1678 721 tituli
1694 696 1807 722 sancte
1823 693 1928 724 Marie
1943 693 2185 724 'transtiberim
2203 703 2294 734 pres-

1239 770 1241 773 .
1284 754 1296 769 »
1321 742 1417 778 biter,
1445 748 1476 773 et
1501 745 1554 779 R„
1579 745 1686 775 sancti
1710 745 1829 784 Angeli
1855 746 2015 777 diaconus
2037 747 2235 783 cardinales,
2256 747 2293 778 in

1283 807 1295 822 »
1320 795 1502 833 Campania
1515 801 1546 826 et
1557 797 1725 827 Maritima
1737 797 1915 836 apostolice
1928 798 2023 829 Sedis
2034 799 2161 835 vicarii,
2173 799 2294 831 dilecto

1283 861 1295 875 »
1320 848 1355 878 in
1374 848 1508 879 Christo
1529 872 1561 884 ..‚
1581 849 1860 888 archipresbitero
1882 855 1995 882 sancte
2018 852 2122 882 Marie
2138 852 2177 883 de
2193 853 2294 883 Fum-

1282 913 1295 927 »
1320 910 1428 936 mone,
1447 901 1588 931 salutem
1608 902 1642 931 in
1661 903 1813 932 Domino.
1831 903 1914 934 Cum
1931 904 2038 942 gratia
2054 904 2231 935 tribuenda
2248 905 2293 936 sit

1282 966 1294 980 ι,
1319 954 1449 984 meritis
1472 958 1503 984 et
1523 954 1743 985 retributione
1766 955 1930 994 condigna
1951 965 2063 987 carere
2087 965 2152 987 non
2175 957 2293 988 debeat

1281 1019 1294 1033 ι»
1319 1006 1480 1037 sedulitas
1499 1006 1725 1046 obsequentis.
1748 1008 1887 1046 dignum
1910 1013 1959 1039 est
1981 1014 2012 1039 et
2035 1018 2217 1040 consonum
2236 1019 2293 1041 ra-

1282 1072 1294 1086 »
1320 1059 1402 1089 tioni
1418 1064 1466 1095 ut,
1482 1060 1538 1099 qui
1553 1060 1700 1090 Ecclesie
1715 1062 1863 1091 Romane
1879 1061 2051 1101 obsequiis
2067 1063 2144 1093 totis
2161 1063 2291 1094 viribus

1281 1125 1293 1139 »
1319 1117 1385 1142 toto
1403 1113 1523 1143 mentis
1542 1114 1660 1143 affectu
1676 1122 1710 1144 se
1726 1114 1888 1149 tribuunt,
1905 1115 1954 1145 eis
1970 1115 2172 1153 premiorum
2188 1115 2292 1146 vicis-

1280 1177 1293 1192 ι)
1318 1165 1427 1195 situdo
1444 1165 1554 1195 debita
1569 1166 1780 1204 rependatur.
1795 1166 1938 1197 Proinde
1953 1167 2087 1197 discreti
2099 1168 2162 1197 viri
2176 1167 2290 1198 dilecti

1281 1230 1293 1244 n
1320 1219 1424 1248 nostri
1439 1218 1598 1256 Stephani
1616 1219 1654 1248 de
1670 1219 1835 1257 Anagnia,
1851 1219 1975 1249 domini
1993 1228 2074 1258 pape
2091 1219 2287 1258 cappellani,

1281 1283 1293 1297 »
1318 1271 1551 1305 constantiam,
1571 1279 1698 1301 necnon
1720 1271 1791 1310 ejus
1817 1275 1848 1301 et
1871 1272 2021 1310 germani
2043 1272 2095 1302 sui
2116 1272 2290 1302 Thomasii

1281 1336 1293 1350 »
1318 1322 1437 1353 militis
1452 1323 1622 1361 Anagnini
1638 1323 1796 1359 studium,
1817 1323 2077 1354 sollicitudinem
2096 1328 2127 1355 et
2145 1324 2290 1362 diligen-

1281 1388 1293 1403 »
1319 1376 1410 1411 tiam,
1432 1385 1495 1414 que
1516 1381 1665 1414 prompta
1684 1376 1858 1406 devotione
1876 1377 2111 1415 impenderunt
2126 1377 2290 1409 hactenus

1281 1441 1293 1456 n
1319 1433 1349 1459 et
1365 1429 1561 1467 impendunt
1578 1438 1635 1467 pro
1649 1429 1799 1459 custodia
1815 1429 1916 1459 castri
1931 1434 1961 1460 et
1978 1430 2064 1460 arcis
2081 1430 2287 1467 Fummouis,

1281 1495 1293 1509 »
1319 1482 1584 1512 consideratione
1610 1491 1675 1520 qua
1700 1482 1871 1518 convenit,
1895 1482 2121 1517 attendentes,
2139 1483 2290 1521 pensatis

1281 1548 1293 1562 »
1319 1535 1418 1565 etiam
1444 1539 1475 1566 et
1499 1535 1659 1573 inspectis
1686 1535 1860 1569 oneribus,
1887 1534 2092 1573 sumptibus,
2116 1534 2288 1565 laboribus

1281 1601 1293 1615 »
1318 1593 1349 1619 et
1365 1589 1530 1627 expensis.
1549 1597 1612 1627 que
1631 1597 1689 1627 pro
1704 1588 1927 1626 predictorum
1938 1587 2045 1618 'castri
2059 1592 2090 1618 et
2107 1588 2193 1618 arcis
2209 1587 2291 1618 suh-

1280 1654 1292 1669 »
1318 1642 1403 1672 sidio
1420 1646 1451 1671 et
1466 1642 1626 1680 obsequio
1642 1641 1827 1677 subierunt,
1849 1641 1936 1671 dicto
1951 1641 2129 1672 Thomasio
2143 1641 2245 1671 militi
2257 1645 2290 1672 et

1279 1707 1292 1721 »
1317 1695 1388 1734 ejus
1410 1694 1590 1724 heredibus
1612 1694 1647 1723 in
1670 1698 1865 1732 perpetuum
1886 1694 2023 1724 feudum
2047 1694 2117 1724 sive
2139 1698 2291 1725 tenutam

1280 1760 1292 1774 »
1316 1747 1482 1778 ,Iohannis
1498 1746 1658 1777 Obtinclli
1671 1747 1849 1785 proditoris
1863 1746 1914 1776 vel
1928 1746 1993 1777 alio
2009 1755 2217 1786 quocumque
2233 1755 2290 1777 no-

1280 1813 1292 1828 »
1317 1801 1406 1831 mine
1423 1804 1609 1835 censeatur,
1627 1809 1701 1829 cum
1718 1800 1784 1829 hiis
1800 1809 1862 1838 que
1879 1800 1986 1830 tenuit
2001 1804 2031 1830 et
2045 1800 2161 1830 habuit
2177 1800 2216 1830 de
2230 1800 2289 1831 bo-

1279 1866 1292 1880 »
1317 1854 1370 1883 nis
1393 1853 1548 1883 Riccardi
1571 1852 1737 1891 quondam
1759 1853 1864 1882 soceri
1887 1853 1939 1882 sui
1960 1853 1995 1882 in
2015 1857 2122 1883 castro
2140 1853 2289 1891 predicto

1279 1919 1291 1933 »
1317 1911 1347 1936 et
1359 1905 1525 1935 territorio
1538 1905 1619 1944 ejus,
1633 1914 1706 1934 cum
1721 1904 2017 1944 omnibusjuribus
2032 1909 2062 1935 et
2074 1905 2288 1944 pertinentiis

1279 1972 1290 1986 n
1317 1959 1398 1993 suis,
1412 1958 1607 1988 auctoritate
1619 1957 1745 1987 domini
1758 1966 1839 1995 pape
1853 1966 1917 1996 qua
1932 1957 2114 1995 fungimur,
2130 1957 2235 1988 libere
2249 1966 2288 1988 ac

1278 2024 1290 2038 »
1316 2020 1389 2041 cum
1411 2011 1601 2048 integritate
1625 2011 1663 2040 de
1685 2009 1889 2039 conscicntia
1909 2014 1998 2040 certa
2015 2009 2228 2040 concedimus
2246 2009 2289 2039 ad

1277 2077 1290 2091 »
1316 2065 1516 2099 habendum,
1531 2064 1615 2094 sicut
1630 2063 1688 2093 alii
1702 2063 1826 2093 milites
1840 2063 1948 2101 ipsius
1962 2062 2062 2092 castri
2077 2062 2199 2092 habere
2213 2071 2287 2093 nos-

1277 2130 1290 2144 »
1315 2122 1446 2148 cuntur.
1460 2117 1622 2154 Quocirca
1639 2116 1843 2154 presentium
1862 2115 1921 2144 tibi
1936 2115 2131 2145 auctoritate
2147 2115 2287 2154 precipi-

1277 2183 1290 2197 »
1314 2179 1388 2200 mus
1411 2174 1441 2199 et
1464 2169 1660 2199 mandamus
1684 2169 1858 2207 quatinus,
1883 2168 1964 2197 visis
1987 2167 2119 2204 litteris,
2144 2167 2286 2198 eundem

1278 2236 1289 2250 n
1314 2222 1529 2253 Thomasium
1549 2222 1587 2252 de
1603 2221 1701 2251 feudo
1718 2221 1864 2259 predicto
1880 2221 1950 2250 sive
1970 2224 2094 2255 tenuta,
2112 2220 2199 2250 sicut
2216 2220 2286 2250 dic.-

1278 2289 1289 2303 »
1315 2281 1384 2305 tum
1399 2280 1458 2310 est,
1473 2284 1547 2304 cum
1563 2274 1807 2312 sollempnitate
1823 2283 1887 2312 qua
1901 2273 2066 2308 convenit,
2083 2272 2217 2303 studeas
2232 2272 2286 2301 in·-

1278 2341 1289 2355 »
1315 2329 1447 2358 vestire.
1458 2328 1492 2357 in
1507 2327 1710 2366 corporalem
1721 2327 1966 2365 possessionem
1979 2325 2085 2364 ipsius
2097 2324 2286 2355 inducendo

1278 2394 1289 2408 »
1315 2381 1465 2411 cundem.
1493 2381 1565 2410 Dat.
1594 2380 1761 2417 Anagnic,
1788 2388 1875 2408 anno
1900 2378 2033 2408 Domini
2057 2377 2283 2414 M⁰CC⁰XLV⁰,

1277 2446 1290 2460 η
1315 2433 1526 2472 pontificatus
1554 2432 1679 2461 domini
1704 2433 1729 2461 Ι.
1756 2440 1837 2470 pape
1865 2432 1932 2461 IIII
1955 2439 2042 2460 anno
2069 2431 2150 2463 111⁰,
2177 2429 2287 2459 indie-

1277 2498 1289 2513 »
1316 2486 1403 2515 tione
1421 2486 1496 2520 111³,
1513 2494 1625 2514 mense
1643 2484 1850 2522 septembris,
1869 2483 1921 2512 [lie
1941 2482 2037 2512 tertio
2052 2482 2209 2512 intrante.
2230 2494 2243 2508 »

1315 2539 1358 2569 Ut
1375 2543 1484 2568 autem
1502 2541 1547 2572 tu,
1564 2537 1753 2575 Stephanus
1770 2540 1799 2566 et
1815 2535 1970 2569 Jacobus,
1990 2534 2052 2563 tilii
2068 2534 2117 2563 tui
2130 2533 2284 2571 legitimi,

1274 2600 1356 2630 qnos
1376 2600 1463 2620 nunc
1481 2590 1599 2624 babes,
1618 2589 1749 2627 plenius
1763 2589 1817 2627 jus
1834 2589 1869 2617 in
1887 2587 1985 2617 feudo
2005 2596 2063 2616 seu
2081 2590 2195 2616 tenuta
2210 2594 2286 2624 pre-

1274 2643 1371 2673 dictis
1398 2643 1532 2681 possitis
1559 2642 1651 2671 vobis
1679 2642 1713 2670 in
1739 2646 1907 2679 posterum
1933 2639 2124 2674 vendicare,
2149 2647 2187 2669 ea
2209 2647 2286 2668 cum

1274 2696 1428 2726 omnibus
1449 2695 1581 2734 juribus
1607 2699 1637 2724 ct
1660 2693 1874 2732 pertinentiis
1900 2693 1970 2722 suis
1998 2692 2036 2722 dc
2061 2700 2143 2721 novo
2170 2691 2231 2720 tibi
2253 2694 2287 2721 et

1274 2749 1399 2779 eisdem
1414 2748 1581 2786 Stephano
1598 2752 1627 2777 et
1643 2747 1766 2777 Jacobo
1782 2755 1819 2775 ac
1836 2754 1950 2775 corum
1966 2743 2146 2774 heredibus
2162 2743 2197 2772 in
2214 2752 2284 2781 per·
2325 2757 2334 2765 ·

1272 2805 1407 2840 potuum
1430 2800 1641 2830 concedimus
1662 2800 1700 2828 de
1722 2798 1828 2836 gratia
1850 2797 1998 2836 speciali.
2015 2795 2109 2826 Nulli
2127 2800 2188 2825 etc.
2206 2804 2286 2826 nos·-

1272 2859 1321 2884 tre
1344 2853 1606 2883 confirmatioms
1633 2857 1664 2882 et
1691 2850 1917 2882 concessionis
1940 2854 2001 2879 etc.
2030 2849 2104 2878 Dat.
2130 2847 2282 2886 Neapoli,

1270 2907 1300 2937 V
1314 2906 1473 2937 kalendas
1493 2905 1664 2940 februarii,
1683 2913 1769 2935 anno
1785 2904 1903 2942 primo.
1926 2914 1938 2929 »
