2498 3325
259 291 316 321 38ss
982 283 1221 316 REGISTRES
1242 283 1550 315 D'ALEXANDRE
1574 287 1626 316 IV.

262 357 505 390 111·111111111·111,01
523 358 629 383 tamen
645 353 842 383 intemerata
854 352 1049 382 consistant.
1067 360 1140 381 cum
1154 353 1265 379 nostro

261 410 383 440 suerint
411 406 611 437 communita
638 405 794 443 presidio,
825 405 897 443 ipsa
919 404 1062 434 libenter
1086 402 1265 442 apostolico

262 461 444 491 munimine
472 459 676 488 roboramus.
702 459 746 487 Ex
768 462 859 496 parte
883 457 1048 496 siquidem
1067 461 1177 486 vestra
1202 455 1265 485 suit

260 514 462 553 propositum
479 520 588 541 00111111
607 511 714 540 nobis.
733 510 829 548 quod,
848 519 921 539 cum
939 510 1047 539 felicis
1064 508 1265 539 recordatio-

261 567 312 596 nis
327 568 352 595 1.
370 575 464 603 papa,
483 564 696 602 predecessor
714 567 836 598 noster,
855 562 985 593 dilectis
998 562 1077 591 tiliis
1141 561 1263 595 abbati,

259 624 288 649 111
306 618 482 649 conventui
497 617 792 650 Cluniacensilms,
812 622 888 646 tunc
908 625 961 646 ere
979 616 1088 645 alieno
1107 614 1263 652 gravatis,

258 672 418 701 decimam
437 670 536 699 unius
557 670 636 698 anni
660 669 806 698 omnium
831 673 1049 707 proventuum
1069 668 1170 697 totius
1186 667 1265 698 Clu-

259 722 582 756 01110005151111111115,
603 726 637 751 ut
660 732 716 760 per
734 722 794 751 hoc
812 725 1029 751 exonerarent
1046 730 1079 751 se
1097 720 1263 749 0110111115.

259 776 494 806 concessisset.
526 775 574 804 eis
599 774 827 804 asserentibus
853 774 1092 803 monasterium
1119 778 1264 803 vestrum

258 840 330 860 esse
347 828 579 860 Cluniaeensis
597 827 725 857 ordinis
744 831 774 857 et
797 827 836 857 ob
857 827 917 857 11110
935 837 953 857 a
970 827 1062 856 vobis
1079 826 1265 864 vestrisque

260 883 416 912 1001011115
436 880 624 920 hujusmodi
646 880 806 910 decimam
825 880 1070 918 postulantibus
1088 879 1152 909 sibi
1169 878 1264 910 solvi.

260 941 289 966 et
305 940 417 965 contra
436 944 510 963 vero
529 934 620 963 vobis
641 934 840 971 negantibus
857 942 914 963 vos
931 942 1003 963 esse
1020 933 1156 971 predicti
1177 932 1266 961 ordi-

260 991 312 1019 nis
329 1000 363 1019 111·
382 989 421 1017 ob
440 988 498 1017 boc
519 987 762 1017 attii-mantibus
779 997 835 1017 vos
851 987 890 1016 ad
905 987 1140 1025 111-0510110000]
1159 986 1266 1024 ipsius

260 1043 384 1072 decime
400 1051 463 1070 non
482 1040 598 1073 teneri,
617 1045 686 1069 orta
703 1045 752 1070 est
768 1039 845 1069 111110
863 1040 939 1069 inde
957 1048 1055 1078 super
1071 1039 1132 1069 hoc
1147 1043 1177 1069 et
1192 1038 1266 1067 sub-

256 1094 514 1134 10011011011151115
527 1093 761 1123 monasteriiet
775 1093 995 1123 membrorum
1010 1093 1115 1131 ipsius
1129 1091 1267 1121 materia

260 1148 444 1187 questionis
469 1157 475 1175 ε
503 1156 642 1184 cumque
667 1154 766 1184 super
792 1146 983 1184 hujusmodi
1008 1145 1213 1184 subjectione
1236 1148 1266 1174 et

259 1201 472 1231 (·1,11·1·1·0110111;·.
493 1199 682 1228 visitatione
700 1208 736 1228 110
754 1198 995 1237 111-0011111110110,
1017 1207 1114 1237 quam
1138 1197 1266 1236 predic-

260 1260 311 1283 tus
329 1254 429 1283 abbas
448 1253 481 1282 in
502 1253 613 1282 eodem
631 1252 833 1281 monasterio
848 1261 881 1281 se
900 1251 1021 1281 babere
1037 1251 1176 1285 dicebat,
1194 1259 1266 1280 nec-

260 1307 411 1345 1111111011λ
429 1305 620 1343 preficiendi
637 1305 788 1334 abbatem
804 1305 937 1335 ibidem,
959 1305 997 1334 de
1014 1304 1120 1342 ipsius
1138 1304 1266 1334 abbatis

258 1360 708 1397 00051110011155011511011100
724 1357 1267 1396 1110001110.οῐ11111511110151511111-

258 1411 514 1450 1·11115111’1·1110115
531 1410 810 1441 Cluniacensibus
832 1410 1071 1439 deducentibus
1088 1414 1266 1448 utriunque

255 1467 321 1505 jus.
339 1465 491 1494 videlicet
510 1464 699 1502 petitorium
718 1468 747 1493 et
772 1463 1024 1502 possessorium,
1049 1463 1081 1492 in
1101 1462 1264 1501 judicium

258 1519 423 1557 litigatum
439 1519 567 1552 suisset„
588 1527 696 1547 00111111
712 1517 853 1547 diversis
870 1517 1078 1547 auditoribus
1098 1521 1126 1546 et
1144 1516 1266 1555 judici-

261 1572 321 1601 bus
339 1571 423 1601 datis
437 1581 452 1600 a
468 1571 550 1601 Sede
568 1570 744 1608 apostolica
764 1570 890 1599 diutius
906 1570 994 1599 inter
1008 1574 1127 1607 partes,
1142 1578 1177 1598 ac
1195 1573 1267 1607 post

259 1626 328 1655 litis
350 1624 623 1654 contestationem
646 1628 747 1653 testes
764 1623 912 1661 producti
931 1622 1039 1652 etalio
1054 1622 1266 1660 probationes

260 1678 405 1707 exhibite.
422 1677 545 1706 suerint
564 1677 603 1706 ab
620 1677 756 1706 eisdem.

303 1743 315 1757 »
332 1731 471 1760 Demum
487 1729 669 1764 Johannes,
688 1729 795 1759 dictus
813 1729 851 1758 de
867 1729 1070 1763 Consantiis,
1084 1727 1267 1757 monachus

261 1783 503 1818 Cluniat-cnsis,
522 1786 551 1812 et
575 1782 733 1818 magister
751 1782 893 1812 Thomas
913 1782 951 1811 de
975 1781 1151 1812 Jouiniaco
1170 1781 1267 1811 01011-

261 1846 330 1872 cus,
350 1846 406 1875 pro
426 1840 515 1874 parte
532 1836 694 1865 dictorum
707 1835 990 1869 Cluniacensium,
1008 1839 1038 1864 et
1055 1835 1265 1870 Amanricus,

262 1890 351 1929 prior
377 1890 415 1919 de
444 1889 581 1919 Saxiaco
608 1893 639 1918 et
676 1888 883 1918 Fromundus
898 1911 904 1923 ‚
939 1887 1094 1917 monachi
1129 1887 1268 1925 predicti

261 1942 454 1972 monasterii
474 1941 590 1976 vestri,
614 1950 671 1979 pro
697 1941 809 1971 00110111
831 1940 1033 1970 monasterio
1058 1944 1088 1969 et
1109 1940 1268 1969 membris

261 1996 378 2034 ipsius,
408 1999 637 2033 procuratores
659 1994 742 2032 apud
767 1994 884 2023 Sedem
903 1993 1116 2032 apostolicam
1145 1993 1269 2023 consti-

262 2048 335 2083 tuti,
353 2047 513 2077 habentes
531 2056 630 2085 super
646 2046 705 2076 boc
726 2046 868 2085 speciale
886 2046 1088 2080 mandatum,
1108 2056 1141 2075 se
1156 2045 1268 2076 dilecti

261 2101 322 2130 filii
336 2100 440 2129 nostri
458 2101 510 2134 R.,
524 2100 637 2130 Sancti
654 2098 1268 2137 1101101101ηοοηί0111·1111111115,01·111110-

261 2153 354 2189 tioni,
373 2153 596 2191 dispositioni,
615 2152 779 2182 sententie
798 2161 855 2182 seu
869 2152 1006 2181 arbitrio
1020 2152 1266 2187 submittentes,

263 2207 559 2244 compromiserunt
581 2206 614 2234 in
632 2205 740 2244 ipsum
757 2214 856 2243 super
878 2205 945 2235 hiis
963 2204 1118 2234 omnibus
1135 2208 1269 2242 sponta-

264 2269 326 2289 nea
341 2259 521 2288 voluntate.
539 2258 635 2289 Unde
652 2267 711 2288 nos
727 2263 778 2289 ut,
797 2258 883 2297 quod
900 2257 1081 2296 superbiis
1102 2257 1269 2295 predictus

263 2312 442 2342 cardinalis
461 2313 594 2347 faceret„
613 2312 778 2342 obtineret
790 2312 947 2350 majorem
964 2311 1065 2340 immo
1076 2315 1269 2349 perpetuam

264 2365 473 2400 firmitatem,
496 2365 675 2394 eorundem
699 2368 948 2402 procuratorum
969 2363 1269 2402 supplicationibus

264 2417 433 2451 inclinati,
463 2417 654 2451 ordinandi,
685 2416 918 2455 componendi,
947 2416 1162 2454 disponendi,
1192 2425 1269 2446 sen-

265 2471 438 2503 tentiandi,
455 2470 637 2499 arbitrandi
651 2474 681 2499 et
696 2469 778 2499 alias
792 2469 986 2508 providendi
1001 2478 1099 2507 super
1113 2469 1270 2507 predictis

264 2522 394 2561 plenam
409 2523 515 2552 eidem
532 2522 692 2552 cardinali
714 2522 939 2552 concessimus
960 2531 1017 2560 per
1036 2526 1166 2551 nostras
1185 2522 1270 2552 litte-

264 2585 318 2606 ras
336 2580 542 2614 potestatem.

307 2641 319 2654 n
338 2628 413 2664 Qui,
435 2632 470 2658 ut
491 2628 673 2666 predictum
691 2633 755 2664 est,
775 2628 965 2667 hujusmodi
981 2628 1217 2658 summissione
1234 2637 1271 2658 ac

267 2681 502 2719 compromisso
519 2681 658 2719 receptis
673 2685 703 2711 et
720 2681 842 2710 auditis
859 2690 895 2710 ac
913 2680 1090 2718 diligenter
1107 2681 1272 2710 examina-

267 2734 321 2769 tis,
348 2739 412 2763 tam
434 2734 505 2772 ipso
528 2734 658 2771 negotio
680 2734 817 2773 ejusque
838 2734 1053 2764 continentiis
1078 2738 1109 2764 et
1130 2734 1272 2764 circum-

266 2787 399 2816 stantiis
416 2787 583 2817 universis
597 2796 695 2826 quam
713 2792 962 2825 procuratorum
981 2787 1167 2817 rationibus
1181 2791 1213 2817 et
1229 2787 1272 2817 al-

266 2839 489 2877 legationibus
526 2839 723 2876 eorundem,
763 2840 966 2875 ordinando,
1004 2840 1270 2878 pronuntiando,

267 2891 483 2926 decernendo,
509 2891 716 2927 arbitrando,
746 2891 950 2930 disponendo
973 2900 1033 2922 seu
1057 2891 1271 2930 providendo,

269 2948 332 2973 tam
350 2944 544 2974 auctoritate
562 2948 673 2974 nostra
689 2953 787 2983 quam
804 2944 981 2974 arbitraria
996 2944 1096 2974 etiam
1112 2948 1273 2983 potestate

1348 353 1379 378 et
1400 351 1637 382 summissione
1657 352 1813 390 predicta,
1839 352 1963 382 eisdem
1985 351 2254 390 procuratoribus
2276 351 2358 383 Clu-

1348 403 1574 437 niaeensibus,
1591 406 1724 436 nomine
1737 406 1883 444 ipsorum
1897 405 2027 435 abbatis
2039 409 2069 435 et
2082 409 2265 435 conventus
2281 405 2357 436 Clu-

1348 456 1572 494 niacensium‚
1595 462 1626 489 et
1643 458 1766 489 eisdem
1785 459 1896 488 abbati
1913 463 1943 488 et
1960 458 2138 488 conventui
2155 457 2358 490 Cluniacen-

1347 509 1440 539 sibus
1467 515 1662 549 perpetuum
1693 511 1865 542 silentium
1893 520 1992 549 super
2014 511 2170 541 omnibus
2198 510 2358 549 predictis

1347 561 1533 600 imponens,
1553 563 1592 593 ab
1610 573 1723 594 eorum
1741 564 1948 602 impetitione
1965 564 2109 602 prelatos
2126 568 2358 602 procuratores

1347 620 1486 651 vestros,
1505 626 1541 646 ac
1560 626 1628 654 vos,
1648 627 1775 647 necnon
1792 622 1822 647 et
1842 617 2081 647 monasterium
2101 622 2246 647 vestrum
2266 617 2358 656 ejus-

1347 678 1410 706 que
1430 669 1577 699 membra
1596 671 1736 701 absolvit
1753 680 1852 709 snper
1867 671 1958 700 omni
1975 670 2179 710 subjectione
2202 673 2233 700 et
2255 678 2357 709 super

1347 721 1502 752 omnibus
1529 727 1559 752 et
1585 723 1728 761 singulis
1754 723 1969 762 supradictis,
1996 723 2039 752 ita
2063 727 2095 752 ut
2121 723 2161 752 ab
2186 722 2303 753 abbate
2323 725 2358 753 et

1348 779 1511 804 conventu
1533 775 1812 806 Cluniacensibus
1833 776 1867 806 in
1889 776 2001 806 eodem
2025 776 2226 805 monasterio
2242 774 2359 806 Sancti

1348 827 1505 857 Germani
1523 834 1554 858 et
1568 829 1638 867 ejus
1652 829 1810 859 membris
1823 834 1852 859 et
1867 829 1949 859 locis
1964 838 1999 858 ac
2013 829 2162 867 personis
2176 828 2358 858 eorundem

1349 881 1543 910 monasterii
1572 886 1603 911 et
1627 882 1862 912 membrorum.
1891 882 1995 912 nichil
2021 891 2168 921 unquam
2188 881 2227 911 de
2247 885 2359 911 cetero

1349 933 1415 971 peti
1436 934 1550 971 possit,
1576 935 1713 973 pretatis
1736 935 2007 973 procuratorilms
2027 934 2275 972 acceptantibus
2295 933 2359 964 hec

1349 987 1461 1016 omnia
1484 992 1665 1025 spontanea
1689 988 1868 1022 voluntate,
1894 992 1989 1026 prout.
2015 989 2047 1017 in
2068 987 2189 1017 litteris
2207 986 2356 1026 ejusdem

1349 1039 1529 1069 cardinalis
1546 1040 1677 1078 plenius
1697 1041 1896 1071 continetur.

1391 1104 1404 1118 »
1425 1094 1492 1123 Nos
1504 1093 1617 1129 icitur,
1634 1095 1720 1133 quod
1737 1103 1835 1133 super
1847 1095 2003 1132 predictis
2021 1094 2175 1124 omnibus
2189 1094 2228 1123 ab
2243 1093 2358 1124 eodem

1350 1145 1509 1175 cardinali
1528 1146 1650 1176 sactum
1669 1152 1727 1183 est,
1750 1152 1857 1177 1111010
1875 1151 1905 1177 01
1918 1152 2046 1185 gratum
2063 1147 2235 1181 babentes,
2254 1155 2290 1176 ac
2305 1146 2360 1177 de-

1350 1198 1482 1234 fectum,
1509 1199 1535 1228 si
1556 1199 1630 1238 quis
1648 1209 1684 1230 ex
1704 1209 1912 1239 quacumque
1931 1210 2031 1229 causa
2054 1200 2103 1230 vel
2122 1200 2303 1230 omissione
2321 1199 2358 1229 in

1349 1251 1398 1280 eis
1415 1252 1532 1286 extitit,
1553 1252 1745 1290 supplentes
1762 1253 1800 1283 de
1818 1257 1928 1283 nostre
1947 1253 2155 1291 plenitudine
2171 1253 2356 1291 potestatiS,

1349 1304 1546 1334 auctoritate
1571 1305 1751 1343 apostolica
1779 1315 1815 1334 ex
1844 1310 1932 1335 certa
1957 1306 2097 1335 scientia
2122 1305 2359 1335 confirmamus

1349 1361 1410 1386 etc.
1425 1366 1548 1396 usqne:
1565 1358 1821 1387 communimus.
1836 1358 2035 1388 Litterarum
2048 1359 2194 1396 ipsarum
2210 1362 2360 1388 tenorem

1349 1409 1387 1439 de
1406 1410 1504 1439 verbo
1522 1410 1562 1439 ad
1583 1411 1719 1440 verbum
1740 1411 1951 1449 presentibus
1972 1411 2077 1441 inseri
2100 1411 2280 1444 facientes,
2300 1409 2361 1449 qui

1350 1462 1426 1493 talis
1446 1468 1493 1493 est
1513 1474 1519 1492 :

1645 1517 1746 1550 Romo,
1764 1517 1818 1544 SS.
1835 1517 1905 1544 Jean
1923 1522 1950 1544 et
1969 1517 2047 1548 Paul,
2064 1517 2099 1545 ‘29
2115 1526 2191 1544 mars
2210 1516 2286 1544 1256.

1392 1592 1404 1605 11
1424 1579 1620 1615 Iticcardus,
1645 1580 1860 1610 miseratione
1881 1580 1995 1609 divina
2017 1580 2129 1610 Sancti
2150 1579 2270 1618 Angeli
2287 1579 2361 1610 dia-

1352 1644 1364 1657 »
1390 1641 1493 1662 000115
1523 1632 1720 1668 cardinalis,
1746 1633 1786 1663 ad
1811 1633 1859 1663 rei
1887 1633 2081 1663 memoriam
2107 1633 2358 1671 sempiternam.

1353 1698 1364 1710 »
1390 1685 1590 1723 Recepimus
1607 1685 1733 1715 domini
1749 1695 1830 1724 pape
1846 1685 1975 1715 litteras
1992 1686 2026 1715 in
2042 1685 2101 1716 hec
2117 1685 2218 1715 verba
2235 1695 2241 1714 :

1937 1772 2049 1804 natu-an,
2063 1773 2097 1800 ‘27
2113 1781 2190 1799 mars
2208 1772 2285 1800 1256.

1393 1847 1405 1860 «
1434 1834 1630 1870 Alexander,
1656 1836 1829 1874 episcopus
1849 1840 1909 1865 etc.
1935 1835 2061 1865 Dilecto
2084 1835 2152 1865 filio
2169 1839 2281 1865 nostro
2304 1836 2358 1870 R.,

1353 1900 1365 1913 »
1391 1888 1503 1917 Sancti
1518 1888 1637 1925 Angeli
1656 1888 1794 1918 diacono
1811 1888 1983 1922 cardinali,
2000 1888 2140 1917 salutem
2158 1892 2187 1917 et
2205 1887 2360 1926 apostoli-

1353 1954 1365 1967 ι)
1391 1950 1462 1970 cam
1491 1941 1767 1973 benedictionem.
1806 1942 1887 1972 Cum
1920 1941 2030 1971 felicis
2062 1941 2301 1971 recordationis
2331 1941 2359 1971 Ι.

1353 2006 1366 2019 »
1391 2003 1474 2032 papa
1497 1994 1710 2032 predecessor
1734 1999 1845 2024 noster
1870 1994 2000 2024 dilectis
2024 1994 2104 2024 filiis
2132 2017 2165 2029 ..,
2190 1993 2301 2024 abbati
2329 1997 2362 2024 et

1354 2059 1366 2072 »
1392 2047 1569 2077 conventui
1588 2047 1884 2082 Cluniarensibus,
1904 2051 1981 2077 tunc
2001 2056 2054 2077 cre
2072 2047 2181 2077 alieno
2200 2046 2358 2085 gravatis,

1354 2111 1366 2125 »
1392 2099 1553 2129 decimam
1584 2100 1684 2130 unius
1719 2101 1798 2129 anni
1830 2101 1978 2129 omnium
2006 2104 2227 2138 proventuum
2258 2099 2361 2129 totius

1354 2164 1366 2179 »
1392 2152 1625 2183 Cluniacensis
1641 2153 1768 2183 ordinis
1788 2158 1818 2183 01
1834 2153 1875 2183 011
1892 2153 1953 2182 1100
1974 2153 2013 2182 ab
2032 2176 2066 2188 ..,
2083 2152 2216 2187 abbate,
2235 2156 2266 2182 et
2281 2160 2362 2182 con-

1354 2217 1366 2231 »
1393 2210 1492 2235 ventu
1508 2205 1614 2243 ipsius
1631 2206 1824 2235 monasterii
1843 2206 1980 2244 ejusque
1998 2204 2155 2235 membris
2168 2203 2362 2244 hujusmodi

1355 2270 1367 2284 n
1392 2258 1553 2288 decimam
1571 2258 1816 2296 postulantibus
1831 2258 1895 2288 sibi
1913 2258 2008 2287 solvi.
2026 2262 2057 2287 et
2072 2261 2186 2287 contra
2204 2264 2281 2287 vero
2294 2256 2363 2286 eis-

1354 2323 1367 2338 »
1392 2311 1467 2341 dem
1491 2311 1824 2341 Autisiodorensibus
1847 2320 1882 2342 se
1902 2310 2102 2349 negantibus
2125 2319 2197 2340 esse
2219 2308 2362 2348 predicti

1355 2376 1367 2391 »
1392 2364 1520 2394 ordinis
1539 2373 1576 2394 ac
1594 2365 1635 2394 ob
1656 2364 1718 2394 hoc
1739 2365 1983 2394 affirmantibus
2006 2373 2041 2393 se
2063 2363 2103 2393 ad
2123 2362 2362 2402 prestationem

1355 2429 1367 2443 n
1392 2417 1498 2455 ipsius
1517 2417 1643 2447 decime
1660 2427 1725 2447 non
1749 2417 1872 2452 teneri,
1896 2422 1967 2447 orta
1992 2421 2041 2446 est
2063 2416 2142 2446 hinc
2161 2415 2240 2445 inde
2262 2423 2364 2454 super

1355 2481 1367 2496 »
1392 2469 1454 2499 hoc
1475 2473 1506 2499 et
1531 2469 1738 2508 subjectione
1762 2470 1902 2508 predicti
1927 2469 2120 2500 monasterii
2142 2468 2256 2499 Sancti
2278 2468 2363 2498 Ger-

1355 2534 1368 2549 »
1393 2522 1484 2552 mani
1519 2527 1549 2552 et
1583 2523 1806 2553 membrorum
1840 2523 1947 2561 ipsius
1983 2522 2123 2552 materia
2161 2520 2361 2560 questionis.

1355 2587 1368 2601 n
1393 2575 1542 2614 Cumque
1559 2584 1658 2614 super
1675 2575 1865 2615 hujusmodi
1879 2575 2085 2615 subjectione
2102 2579 2133 2604 et
2145 2573 2362 2608 correctione,

1355 2640 1368 2655 n
1393 2628 1585 2658 visitatione
1608 2638 1645 2659 ae
1668 2629 1915 2668 procuratione,
1947 2638 2046 2668 quam
2068 2628 2234 2667 predictus
2259 2625 2363 2657 abbas

1355 2692 1369 2708 »
1394 2680 1627 2712 Cluniacensis
1651 2681 1685 2711 in
1709 2682 1822 2712 eodem
1844 2682 2046 2712 monasterio
2069 2680 2181 2712 Sancti
2204 2678 2364 2710 Germani

1356 2746 1369 2761 n
1395 2743 1429 2764 se
1445 2734 1567 2765 habere
1590 2735 1730 2771 dicebat,
1749 2744 1809 2766 nec
1826 2745 1891 2766 non
1905 2736 1979 2775 jure
2000 2733 2193 2774 preficiendi
2209 2732 2363 2763 abbatem

1356 2799 1370 2814 ι»
1395 2787 1530 2823 ibidem,
1557 2788 1596 2818 de
1623 2788 1729 2827 ipsius
1757 2788 1886 2818 abbatis
1913 2787 2146 2819 Cluniacensis
2169 2784 2310 2816 consilio
2331 2787 2365 2814 et

1356 2852 1370 2866 n
1396 2849 1536 2870 assensu
1548 2845 1646 2879 atque
1659 2846 1823 2880 precepto,
1839 2846 1869 2871 et
1884 2841 1960 2871 aliis
1973 2839 2115 2870 diversis
2131 2837 2282 2869 articulis
2292 2845 2366 2876 pre-

1357 2904 1371 2919 »
1396 2892 1493 2923 1110115
1518 2893 1798 2925 cluniacensibus
1827 2893 2068 2924 deducentibus
2093 2896 2273 2930 utrumque
2293 2889 2362 2929 jus,

1358 2958 1372 2972 ι)
1395 2946 1550 2976 videlicet
1565 2947 1758 2986 petitorium
1774 2951 1806 2978 et
1820 2946 2076 2986 possessorium,
2093 2945 2128 2974 in
2143 2943 2308 2984 judicium
2319 2941 2365 2972 li-

2475 2086 2486 2124 -.1
2486 2039 2488 2041 ,
2486 1987 2493 1994 ,
2487 1944 2491 1954 ,
