2498 3325
235 246 294 277 318
963 251 1203 282 REGISTRES
1225 250 1531 282 D’ALEXANDRE
1555 254 1610 283 IV.

238 314 395 340 monachos
417 315 582 340 monasterii
601 316 627 341 in
649 315 748 342 eodem
769 317 893 344 vicarios
913 318 1072 352 generales.
1094 317 1176 351 (neo.
1194 317 1244 350 Ἡ,

237 361 257 389 f.
275 362 333 395 130,
352 370 417 388 ann.
435 361 471 393 ΙΙ,
490 370 515 389 c.
533 363 586 394 44.)

279 489 292 504 α
310 499 342 512 ..,
362 478 463 506 abbati
478 478 602 515 MaJ'oris
617 481 798 508 monasterii
814 481 1007 515 Turonensis,
1023 481 1062 509 acl
1078 482 1245 510 Romanam

235 530 400 559 Ecclesiam
418 531 504 559 nullo
521 531 618 560 medlo
633 533 826 569 pertinentis.
852 533 949 563 Circa
971 533 1128 563 ecclesias
1146 537 1177 563 et
1194 551 1243 562 —.

236 581 324 611 IIinc
354 586 402 612 est
432 582 535 620 quod,
567 592 661 619 cum,
691 585 776 614 sicut
808 594 845 614 ex
875 589 967 623 parte
994 590 1048 615 tua
1074 585 1138 615 fuit
1169 595 1245 624 pro-

236 634 381 671 positum
418 644 527 664 coram
558 635 675 672 nobis,
708 646 765 674 pro
799 637 994 667 monasterii
1024 637 1071 666 tui
1102 638 1244 675 negotiis

237 685 277 715 ad
307 686 425 715 Sedem
459 687 673 724 apostolicam
705 689 818 718 venire
851 698 1033 727 proponas,
1064 699 1143 725 nos,
1178 690 1244 720 tuis

237 738 536 777 supplicationibus
557 740 727 776 inclinati,
750 742 974 771 constituendi
991 743 1025 771 in
1044 743 1158 773 eodem
1174 752 1244 773 mo-

238 792 383 821 nasterio
417 796 449 821 et
479 792 638 823 membris
671 794 742 832 ejus
773 794 855 824 duos
884 795 1062 825 monachos
1096 795 1244 834 ejusdem

235 844 430 874 monasterii
459 844 499 874 ad
524 845 586 875 hoc
612 846 748 876 idoneos
780 847 921 877 vicarios
949 852 1022 877 tuos
1052 848 1241 885 generales.

236 896 358 935 quibus
382 897 433 926 vel
455 906 594 936 quorum
611 899 685 934 uni,
706 899 734 929 si
753 900 848 929 ambo
866 910 931 930 non
953 901 1183 937 interfuerint,
1203 902 1243 931 ab

236 950 391 979 omnibus
419 951 589 981 monachis
617 956 647 981 et
675 953 843 983 conversis
871 962 907 983 ae
935 954 1077 984 subditis
1104 955 1244 993 quibus-

237 1011 377 1040 cumque
401 1004 579 1033 eorundem
605 1006 799 1035 monasterii
825 1011 856 1036 et
883 1007 1105 1037 membrorum
1128 1017 1244 1045 parea-

237 1058 290 1084 tur
317 1059 348 1084 ct
374 1055 547 1085 obediatur
572 1056 719 1094 plenarie
744 1058 778 1087 in
804 1058 871 1088 hiis
896 1068 959 1097 quc
985 1064 1077 1089 tuum
1102 1061 1244 1099 requirit

236 1108 381 1137 officium
411 1112 441 1137 et
469 1109 569 1146 exigit
595 1110 807 1140 observantia
832 1111 1014 1149 regularis,
1043 1122 1080 1142 ac
1106 1122 1244 1151 respon-

235 1160 352 1190 deatur
368 1160 406 1189 de
424 1161 578 1190 omnibus
596 1166 649 1191 tuo
664 1162 808 1197 nomine,
827 1163 985 1201 quamdiu
1002 1164 1122 1195 absens
1138 1166 1243 1196 fueris

236 1212 363 1250 tibique
383 1212 545 1250 placuerit
561 1214 684 1252 quique
700 1215 752 1244 vel
772 1225 911 1253 quorum
931 1216 1014 1246 alter
1034 1218 1170 1249 absente
1190 1227 1243 1249 re-

235 1263 342 1302 liquo,
367 1266 596 1302 compescendi
624 1268 883 1298 contradictores
907 1273 938 1298 et
960 1269 1100 1300 rebelles
1123 1279 1243 1310 penam

235 1328 298 1358 que
326 1319 513 1355 regularem
539 1320 712 1358 infligendi
738 1323 889 1360 personis
916 1324 1126 1361 regularibus
1149 1326 1243 1364 juxta

236 1371 283 1400 tui
311 1372 438 1401 ordinis
466 1372 620 1402 instituta
648 1378 679 1403 ct
706 1374 782 1404 aliis
809 1385 927 1413 penam
953 1376 1052 1407 aliam
1077 1378 1240 1415 debitam,

235 1433 272 1453 ac
288 1424 486 1454 instituendi
508 1429 538 1454 et
561 1425 763 1456 destituendi
784 1428 963 1459 monachos
983 1429 1243 1462 obedientiarios

234 1480 266 1506 et
278 1477 416 1514 priores,
433 1481 463 1507 et
477 1478 653 1507 ordinandi
666 1483 775 1509 cetera
790 1481 897 1510 officia
913 1483 1091 1512 eorundem
1108 1492 1242 1514 monas-

234 1529 311 1559 terii
336 1533 366 1559 et
387 1530 610 1560 membrorum
633 1536 829 1570 potestatem
849 1533 1008 1570 habeant,
1033 1536 1119 1566 sicut
1140 1541 1191 1572 tu,
1213 1538 1242 1567 si

232 1591 370 1620 presens
395 1592 502 1618 esses,
530 1583 687 1620 haberes,
716 1589 747 1615 et
774 1586 951 1617 invocandi
976 1597 1075 1626 super
1098 1589 1183 1625 hiis,
1213 1591 1242 1620 si

233 1636 432 1673 oportuerit,
453 1636 627 1666 brachium
650 1637 815 1674 seculare,
838 1648 875 1669 ac
894 1641 1086 1670 removendi
1109 1642 1241 1672 eosdem

232 1687 375 1717 vicarios
395 1693 425 1718 et
446 1688 647 1727 subrogandi
665 1690 747 1721 alios
764 1692 805 1721 ad
820 1691 881 1721 1100
902 1693 1121 1729 51111101011105,
1141 1695 1168 1725 51
1186 1705 1242 1725 ex-

230 1740 345 1778 pedire
362 1741 495 1776 videris,
514 1742 646 1779 plenam
663 1747 694 1773 et
709 1743 848 1774 liberam
866 1746 1077 1776 concedimus
1096 1749 1241 1778 auetori-

231 1796 297 1822 tate
320 1794 525 1831 presentium
548 1795 752 1826 facultatem.
779 1798 853 1827 Dat.
873 1798 1047 1835 Laterani,
1071 1801 1101 1829 X
1125 1801 1240 1831 kalen-

230 1845 288 1874 das
301 1846 467 1884 januarii,
486 1856 572 1878 anno
588 1849 744 1879 secundo.
765 1862 777 1876 »

301 2044 318 2070 Ι
327 2043 418 2072 ⁰55

262 2104 458 2139 (lictavianol,
477 2106 507 2133 S.
525 2107 631 2133 Mariae
648 2108 674 2134 in
696 2107 749 2135 via
766 2109 831 2136 Lata
848 2110 970 2138 diacono
987 2113 1137 2144 cardinali,
1157 2123 1238 2141 man-

782 2047 894 2083 Latran,
916 2050 1070 2084 lSjanvier
1090 2051 1165 2078 1256.

224 2153 273 2180 dat
293 2154 430 2188 (platinas
450 2154 617 2191 Nicolaum,
640 2158 812 2184 monachum
838 2161 1003 2186 monasterii
1028 2161 1063 2187 (10
1085 2162 1233 2194 Sennona,

225 2203 365 2229 ecelesiae
382 2203 549 2230 M:·za1·iensi
566 2205 712 2239 praeficiat
729 2208 754 2232 in
772 2208 952 2243 episcopum.
971 2209 1054 2243 (tim.
1071 2210 1120 2243 ⁶24,
1136 2212 1154 2237 f.
1174 2212 1234 2245 130,

224 2258 290 2277 ann.
310 2250 461 2285 110145)

265 2376 277 2390 «
299 2365 342 2399 0.,
358 2365 466 2394 Sancte
479 2367 573 2395 Mario
591 2369 622 2396 in
639 2369 689 2397 l‘ia
703 2370 776 2398 Lata
792 2371 919 2400 diacono
933 2373 1100 2409 cardinali,
1117 2380 1231 2412 aposlo-

221 2417 278 2446 lice
290 2418 374 2446 Sedis
391 2419 668 2456 1091111).Υο1011105
683 2422 821 2453 ecclesie
836 2425 1050 2456 Mazariensis
1063 2437 1126 2466 que
1138 2433 1231 2459 vacat

221 2470 262 2499 ad
286 2480 423 2508 presens
450 2471 488 2501 do
514 2482 657 2510 persona
680 2475 799 2506 idonea
825 2478 1007 2514 provideri,
1033 2481 1230 2513 mandamus

221 2523 379 2560 quatinus
391 2523 547 2553 dilectum
561 2526 665 2555 tilium
682 2528 819 2558 fratrem
831 2530 1016 2567 Nicolaum,
1030 2534 1230 2564 monachum

219 2576 414 2605 monasterii
431 2577 469 2607 de
487 2578 657 2615 Sennona,
676 2580 910 2613 Cistereiensis
928 2585 1072 2622 ordinis,
1090 2596 1229 2618 venera-

218 2627 297 2657 bilis
314 2628 427 2659 fratris
449 2630 553 2659 nostri
572 2654 604 2667 ..,
623 2632 870 2665 Corinthiensis
892 2636 1150 2677 archiepiscopi,
1174 2649 1228 2670 ca-

217 2679 401 2718 pellanum,
425 2681 464 2711 de
489 2682 583 2721 cujus
605 2684 672 2713 vita
696 2689 726 2714 et
754 2687 882 2717 meritis
910 2688 950 2717 ab
977 2689 1044 2719 hiis
1070 2692 1127 2729 qui
1152 2701 1228 2722 eum

217 2737 441 2769 cognoverunt
458 2733 589 2771 plenius
608 2735 774 2767 laudabile
795 2739 890 2769 nobis
908 2742 1135 2773 testimonium
1151 2754 1227 2783 per-

214 2784 360 2821 hibetur,
379 2786 406 2815 si
423 2791 472 2816 est
488 2787 643 2825 idoneus,
661 2791 814 2828 preficias
831 2793 937 2823 01110111
956 2796 1093 2827 ecclesie
1113 2803 1226 2829 aucto-

215 2837 312 2867 ritate
328 2843 441 2868 nostra
456 2840 490 2868 in
509 2841 699 2880 episcopum
721 2848 750 2872 et
769 2849 952 2882 pastorem,
975 2848 1102 2879 faciens
1119 2851 1149 2880 ei
1167 2861 1226 2889 per

216 2894 246 2920 10
270 2890 321 2920 vel
342 2891 444 2921 alium
469 2892 509 2922 ab
533 2894 640 2932 ipsius
666 2895 804 2927 ecclesie
830 2899 973 2937 capitulo
998 2910 1034 2931 ac
1058 2902 1134 2933 aliis
1153 2905 1223 2944 ejus

1328 316 1470 348 subditis
1486 318 1709 348 obedientiam
1725 324 1755 350 et
1772 320 1993 350 reverentiam
2010 319 2155 350 debitam
2172 320 2334 356 exhiberi,

1328 378 1455 399 necnon
1473 370 1657 410 dejuribus
1678 372 1922 410 episcopalibus
1945 372 2010 402 sibi
2031 372 2178 410 plenarie
2199 382 2337 412 respon-

1328 422 1410 451 deri.
1428 423 1706 454 Contradictores.
1725 426 1798 455 Dat.
1819 425 1986 460 Laterani,
2003 426 2064 455 XV
2084 425 2268 464 [kalendas]
2287 426 2337 456 fe-

1327 475 1466 511 bruarii,
1485 485 1571 506 anno
1588 478 1743 509 secundo.
1764 490 1776 504 n

1399 660 1515 690 105ss

1362 721 1506 757 Episcopo
1524 723 1672 758 Agenensi
1691 724 1804 750 mandat
1818 724 1968 759 quatinus,
1991 725 2089 759 gravis
2106 733 2226 759 guerrae
2247 733 2336 752 causa

1326 771 1484 803 sedandae,
1502 771 1649 799 &villelmo
1670 772 1809 799 willelmi
1834 772 1940 800 Feri-iol
1957 773 2014 799 filio
2034 776 2062 799 et
2083 777 2164 800 natae
2182 773 2286 800 Vitalis
2299 774 2336 801 de

1326 819 1464 845 Contaldo
1479 820 1636 854 dispenset.
1661 824 1701 855 ut,
1719 830 1773 847 non
1790 822 1923 848 obstante
1946 830 2045 848 eorum
2067 822 2334 856 consanguinitate,

1326 868 1539 895 matrimonium
1551 869 1720 895 contrahere
1733 870 1852 896 valcant.
1865 869 1946 902 (Rso.
1958 869 2102 903 Q4,f.130‚
2114 879 2180 896 ann.
2192 869 2230 903 11,
2240 878 2265 896 c.
2279 870 2337 904 46.)

1880 662 1993 695 Lan-an,
2014 664 2043 690 15
2056 664 2168 698 janvier
2187 663 2262 691 1256.

1369 989 1381 1003 α
1407 999 1440 1012 ..,
1467 979 1601 1015 episc-opo
1624 979 1784 1014 ,laetiensi
1817 977 1887 1007 Etsi
1913 977 2102 1016 conjunctio
2133 977 2248 1016 copule
2272 982 2331 1008 etc.

1326 1038 1432 1068 usque
1451 1040 1456 1058 :
1476 1029 1509 1058 id
1527 1030 1683 1068 exposcit.
1708 1030 1799 1060 sicut
1820 1030 1922 1067 igitur
1943 1030 2038 1059 nobis
2060 1039 2222 1068 exponere
2239 1039 2335 1060 cura-

1326 1083 1416 1118 visti,
1439 1092 1513 1112 cum
1532 1083 1618 1113 inter
1635 1083 1762 1112 nobiles
1784 1083 1871 1113 viros
1890 1083 2098 1113 VVillelmnm
2115 1083 2236 1112 dictum
2256 1083 2336 1113 Fer-

1325 1135 1429 1166 riolet
1442 1136 1585 1166 vitalem
1598 1136 1636 1165 de
1650 1136 1820 1171 Contaldo,
1839 1141 1891 1166 tue
1906 1136 2060 1171 diocesis,
2076 1136 2185 1173 gravis
2203 1145 2332 1173 guerra,

1327 1197 1364 1218 ex
1387 1197 1452 1226 qua
1475 1188 1634 1218 nonnulle
1661 1188 1799 1219 ecclesie
1828 1189 2004 1228 pluresque
2031 1189 2095 1218 viri
2115 1188 2335 1219 ecclesiastici

1325 1241 1466 1279 dampna
1482 1241 1695 1271 incurrerunt
1714 1242 1816 1276 varia,
1836 1241 1934 1279 longo
1948 1246 2092 1279 tempore
2108 1241 2334 1279 perdurasset,

1326 1297 1371 1322 tu.
1399 1293 1584 1331 dispendiis
1607 1302 1669 1332 que
1698 1298 1828 1332 propter
1853 1294 1914 1324 hoc
1941 1294 2161 1324 imminebant
2180 1293 2334 1332 pluribus

1325 1346 1459 1375 obviare
1476 1350 1506 1375 et
1523 1346 1642 1376 fratres
1659 1346 1826 1376 discordes
1839 1347 1879 1376 ad
1894 1347 2040 1376 fraterne
2055 1346 2244 1376 dilectionis
2255 1355 2334 1376 con-

1325 1399 1471 1428 cordiam
1497 1398 1653 1428 reducere
1679 1399 1828 1437 cupiens,
1850 1399 2036 1437 providisti,
2064 1403 2099 1428 ut
2123 1398 2332 1434 WVillelmus‚

1325 1451 1415 1481 filius
1430 1451 1593 1481 willelmi
1610 1452 1741 1490 prefati,
1757 1451 1824 1481 filie
1844 1451 2006 1481 nominati
2024 1451 2146 1481 Vitalis
2162 1451 2335 1481 matrimo-

1325 1504 1460 1534 nialiter
1476 1504 1657 1542 copuletur,
1671 1514 1745 1534 cum
1758 1514 1795 1534 ex
1812 1504 1873 1534 hoc
1889 1514 2008 1542 guerra
2024 1504 2128 1542 possit
2143 1503 2334 1543 hujusmodi

1325 1557 1435 1587 sedari
1450 1557 1605 1592 feliciter,
1624 1558 1708 1586 sieut
1727 1566 1851 1596 speras.
1870 1557 1933 1587 Sed
1950 1557 2028 1596 quia
2044 1557 2146 1587 iidem
2160 1557 2199 1587 G.
2217 1561 2249 1587 et
2264 1556 2335 1586 filia

1325 1610 1404 1640 dicti
1425 1610 1547 1640 Vitalis
1568 1614 1686 1648 quarta
1710 1610 2012 1647 consanguinitatis
2034 1609 2124 1639 linea
2148 1618 2182 1639 50
2203 1609 2334 1639 00111111-

1324 1666 1424 1700 gunt,
1447 1662 1638 1702 hujusmodi
1657 1667 1708 1693 tue
1728 1662 1872 1692 salubris
1895 1662 2096 1700 provisionis
2117 1662 2254 1692 effeetus
2275 1670 2334 1692 ne-

1324 1716 1395 1754 quit
1413 1715 1590 1754 subsequi,
1609 1719 1643 1745 ut
1663 1716 1814 1751 affectas,
1833 1724 1934 1754 quare
1948 1714 2123 1745 humiliter
2138 1714 2333 1753 supplicasti

1322 1773 1358 1799 ut
1374 1769 1546 1807 providere
1564 1778 1663 1807 super
1683 1769 1744 1799 1100
1763 1768 2023 1799 misericorditer
2039 1777 2243 1799 curaremus.
2263 1769 2332 1798 Nos

1322 1821 1450 1860 itaque,
1474 1822 1540 1851 tuis
1566 1822 1599 1851 in
1624 1821 1684 1851 hae
1712 1826 1803 1860 parte
1830 1821 2130 1860 supplicationibus
2155 1821 2328 1855 inclinati,

1322 1875 1525 1904 fraternitati
1545 1879 1597 1904 tue
1614 1884 1671 1913 per
1687 1875 1865 1912 apostolica
1885 1875 2007 1912 scripta
2030 1874 2226 1904 mandamus
2248 1882 2332 1912 qua-

1322 1928 1423 1964 tinus,
1445 1928 1474 1957 si
1491 1932 1539 1958 est
1556 1928 1612 1963 ita,
1631 1938 1704 1957 cum
1722 1928 1846 1957 eisdem
1863 1928 1901 1957 G.
1921 1931 1951 1957 et
1969 1932 2045 1957 nata
2062 1927 2141 1956 dicti
2157 1927 2278 1957 Vitalis
2295 1930 2331 1956 ut

1321 1979 1569 2008 matrimonium
1591 1979 1776 2008 adinvicem
1800 1978 1995 2008 contrahere
2019 1978 2167 2013 valeant,
2189 1977 2330 2016 impedi-

1320 2036 1431 2062 mento
1451 2032 1670 2061 nonobstante
1686 2032 1842 2070 predicto,
1861 2031 2056 2061 auctoritate
2073 2035 2185 2060 nostra
2199 2030 2329 2068 dispeu-

1321 2093 1384 2117 505,
1403 2085 1431 2114 51
1446 2085 1569 2114 videris
1583 2084 1747 2122 expedire.
1764 2085 1834 2113 Dat.
1856 2083 2021 2118 Laterani,
2039 2084 2151 2113 XVIII
2169 2082 2330 2113 kalendas

1319 2137 1493 2172 februarii,
1512 2146 1599 2167 anno
1616 2137 1771 2167 secundo.
1793 2149 1804 2162 n

1864 2320 1980 2352 Latran,
2001 2320 2030 2347 18
2046 2320 2158 2354 janvier
2176 2320 2253 2347 1256.

1388 2321 1501 2349 1057

1349 2382 1529 2414 Theobaldo,
1548 2383 1609 2416 regi
1627 2382 1781 2414 Navarrac,
1805 2383 1944 2417 indulget,
1967 2386 1996 2408 ut
2014 2382 2109 2408 nullus
2127 2389 2191 2408 eum
2208 2389 2326 2408 excom-

1314 2432 1460 2458 municare
1477 2436 1531 2458 etc.
1550 2432 1649 2458 valcat.
1665 2432 1747 2466 (litu.
1761 2432 1805 2460 ²34,
1825 2432 1843 2457 f.
1864 2431 1935 2464 liissv,
1955 2439 2021 2457 ann.
2038 2429 2076 2462 II,
2093 2438 2117 2456 c.
2135 2430 2188 2462 47.)

1354 2551 1367 2566 «
1397 2540 1574 2574 lecobalzlo,
1602 2541 1666 2576 regn·
1693 2541 1831 2568 Α’(ιυαννε
1860 2540 1988 2568 illustri.
2014 2537 2201 2576 Apostolice
2227 2537 2324 2568 Sedis

1311 2591 1501 2629 benignitas
1526 2592 1655 2622 sincere
1679 2597 1740 2621 cte.
1761 2601 1866 2630 usque
1885 2602 1890 2620 ε
1909 2592 2075 2621 decorare.
2101 2591 2146 2621 Ut
2165 2590 2268 2628 igitur
2283 2599 2322 2620 ex

1311 2644 1642 2683 specialidevotione,
1657 2654 1754 2684 quam
1772 2646 1811 2674 ad
1824 2654 1882 2675 nos
1896 2649 1927 2674 et
1941 2645 2124 2674 Romanam
2139 2643 2322 2673 Ecclesiam

1309 2698 1433 2728 habere
1460 2698 1660 2733 dinosceris,
1688 2699 1834 2728 savorem
1861 2697 2078 2737 apostolicum
2106 2696 2166 2726 tibi
2194 2696 2320 2726 sentias

1309 2751 1506 2786 accrevisse,
1525 2751 1565 2780 ad
1582 2751 1688 2784 instar
1700 2751 1808 2781 felicis
1822 2751 2061 2780 recordationis
2073 2750 2097 2779 I.
2114 2758 2195 2788 pape
2208 2749 2319 2787 prede-

1308 2803 1450 2833 cessoris
1470 2804 1587 2837 nostri,
1604 2804 1799 2833 amztoritate
1814 2803 1874 2832 tibi
1890 2801 2320 2842 presentiumindulgemus

1307 2860 1342 2885 ut
1359 2856 1489 2891 nullus,
1511 2862 1643 2894 excepto
1661 2856 1767 2893 legato
1787 2857 1881 2886 Sedis
1899 2855 2091 2894 apostolice,
2110 2854 2215 2893 possit
2233 2853 2267 2882 in
2287 2857 2318 2883 te

1307 2908 1660 2939 excommunicationis
1678 2909 1728 2939 vel
1744 2909 1913 2939 interdicti
1927 2917 1985 2938 seu
2000 2906 2231 2946 suspensionis
2244 2914 2317 2936 sen-

2479 2723 2491 2737 ·-
2469 1811 2498 2710 ·e--.-„.wom.„s...„
2489 1781 2495 1799 -

2453 2850 2494 3055 Ἆῑῑαινῑκε.
2470 2780 2490 2835 ,m-
2475 2742 2492 2762 -s
