2498 3325
0 1905 2 1908 ⁷
0 1792 17 1864 ...ἦρα
0 1555 18 1775 ᾊῙῃ-υυν-
0 1411 9 1545 -υ-ννῑν-
0 1037 9 1402 ‹v—-vv-r-——u—-v
0 915 10 1023 ——u-‘2
0 888 5 896 .
0 869 3 875 v

1018 261 1249 299 DEUXIEME
1270 259 1430 297 ANNEE.
2218 272 2276 302 3ss

174 343 332 370 decessore
355 340 481 375 capitulo
503 339 533 365 S.
558 338 676 365 Juniani
696 337 880 365 directarum.
903 336 985 369 (Rau.
1006 336 1056 367 24,
1074 335 1092 361 f.
1114 334 1184 367 149',

175 400 244 418 ann.
262 390 299 423 ΙΙ,
316 398 342 417 c.
361 390 432 420 151.)

220 503 234 518 ιι
260 490 431 528 Aymerico,
460 489 593 525 episcopo
620 487 834 516 Lemovicensi.
862 487 909 516 Ex
934 489 1026 524 parte
1057 490 1112 514 tua
1136 501 1185 512 —.

177 543 252 572 Dat.
271 541 439 574 Laterani,
458 540 527 569 IIII
543 539 702 569 kalendas
715 538 839 573 martii,
856 546 943 567 anno
959 537 1115 567 secundo.
1132 548 1145 562 ›>

254 717 370 745 1186

216 778 365 804 Fratribus
389 777 538 804 heremitis
561 777 669 803 ordinis
691 776 797 802 Beatae
820 776 926 803 Mariae
948 776 982 802 de
1004 776 1099 802 Monte
1120 775 1190 802 Car-

180 827 247 854 meli
259 826 433 860 petentibus,
447 833 560 851 omnem
574 825 771 859 ambiguitatis
784 825 952 858 scrupulum
964 832 1063 850 eorum
1075 825 1190 858 regulae

736 715 850 749 Lati-an,
867 715 899 741 ‘24
917 715 1021 741 sevi-ier
1038 715 1116 741 1256.

178 875 215 902 de
230 875 335 909 prioris
351 874 494 908 generalis
511 879 537 899 et
555 873 739 899 diffinitorum
755 873 872 907 capituli
889 872 1033 906 generalis
1050 876 1190 907 potestate

178 925 264 951 levat.
282 923 364 956 (Rau.
382 923 425 954 2²4,
444 922 491 948 tot.
512 922 583 953 149',
601 930 667 948 ann.
684 921 723 953 11,
740 930 766 948 c.
788 922 856 951 ¹5²2.)
1139 922 1142 924 ’

221 1036 235 1050 α
256 1048 288 1059 ..,
305 1024 409 1061 priori
425 1023 573 1060 generali,
587 1027 612 1051 et
627 1023 779 1058 fratribus
795 1023 952 1051 heremitis
968 1023 1088 1051 ordinis
1106 1023 1192 1051 Beate

178 1078 275 1106 Mai-ie
291 1077 325 1105 cle
339 1076 577 1105 Montecczrmeii.
600 1075 685 1111 Quia
702 1084 739 1104 ex
757 1074 928 1113 apostolici
944 1084 1023 1104 cura
1039 1079 1192 1104 tenemur

179 1129 280 1159 officii
295 1129 381 1158 circa
398 1128 570 1165 religionis
586 1131 800 1165 augmentum
810 1127 952 1165 prompti
969 1131 999 1156 et
1013 1127 1131 1165 vigiles
1143 1127 1191 1156 in-

178 1182 304 1216 veniri,
324 1190 423 1219 super
446 1181 512 1210 hiis
534 1181 654 1211 vestris
677 1181 762 1210 votis
781 1180 925 1210 libenter
941 1181 1137 1216 annuimus,
1155 1181 1191 1210 in

179 1234 302 1272 quibus
320 1233 483 1263 honorum
500 1233 603 1263 vestri
616 1233 743 1262 ordinis
761 1237 791 1262 et
806 1233 993 1262 animarum
1008 1234 1192 1271 profectum

180 1287 345 1316 contineri
357 1287 532 1316 sentimus.
548 1287 646 1316 Lecta
661 1286 826 1324 siquidem
845 1295 955 1315 coram
970 1286 1066 1316 nobis
1081 1291 1192 1317 vestra

178 1339 297 1377 petitio
320 1339 522 1374 continebat,
551 1339 637 1377 quod
655 1339 689 1367 in
714 1338 828 1376 regula
850 1338 952 1368 vestri
972 1339 1111 1374 ordinis,
1134 1348 1192 1377 per

180 1391 300 1422 Sedem
324 1391 537 1430 apostolicam
561 1392 772 1426 confirmata,
793 1391 978 1420 dinoscitur
994 1400 1066 1421 esse
1086 1396 1191 1422 statu-

179 1449 262 1479 tum,
279 1449 315 1474 ut
328 1445 449 1474 fratres
466 1444 572 1482 ipsius
590 1444 717 1473 ordinis
734 1452 839 1473 unum
856 1453 894 1473 ex
910 1444 958 1474 eis
975 1445 1118 1482 priorem
1135 1445 1190 1474 ha-

179 1498 291 1533 beant,
311 1498 379 1536 qui,
397 1498 549 1527 unanimi
566 1497 715 1527 omniurn
729 1506 870 1527 assensu
887 1497 939 1527 vel
957 1507 1071 1528 eorum
1086 1498 1191 1537 majo-

178 1551 227 1581 ris
254 1555 285 1581 et
309 1551 453 1581 sanioris
478 1550 596 1588 partis,
617 1550 657 1579 ad
679 1550 846 1588 prioratus
868 1550 1012 1580 officium
1035 1550 1188 1588 eligatur,

180 1603 235 1634 cui
251 1603 475 1633 obedientiam
493 1603 663 1641 promittat
680 1602 821 1641 quilibet
837 1602 978 1632 aliorum
998 1607 1029 1632 et
1048 1604 1190 1641 promis-

180 1665 255 1686 sum
281 1656 411 1685 studeat
433 1655 542 1693 operis
568 1655 706 1685 veritate
730 1664 863 1685 servare
888 1664 962 1684 cum
985 1656 1136 1686 castitate
1160 1660 1191 1686 et

179 1709 389 1738 abdicatione
406 1708 635 1746 proprietatis;
654 1717 691 1737 ac
704 1708 814 1742 etiam,
834 1708 1015 1737 secundum
1033 1709 1190 1738 constitu-

180 1762 288 1791 tiones
305 1761 453 1800 ejusdem
477 1761 621 1795 ordinis,
644 1761 733 1798 prior
751 1761 857 1798 ipsius
884 1761 941 1799 qui
966 1770 1023 1799 pro
1045 1765 1190 1799 tempore

178 1814 292 1849 suerit,
311 1824 329 1843 a
351 1814 517 1852 prioratus
541 1814 648 1843 officio
674 1813 800 1843 absolvi
824 1818 855 1843 et
876 1814 1021 1844 amoveri
1044 1818 1151 1852 potest
1173 1824 1191 1844 a

178 1867 417 1897 diffinitoribus
434 1866 571 1904 capituli
587 1866 766 1904 generalis.
790 1867 828 1896 Et
844 1866 921 1896 licet
937 1871 988 1901 tu,
1006 1866 1069 1901 fili,
1087 1867 1188 1905 prior,

179 1924 211 1950 et
227 1920 477 1958 predecessores
494 1919 553 1955 tui,
569 1920 663 1958 juxta
679 1919 826 1958 ejusdem
841 1919 969 1949 ordinis
984 1920 1190 1950 constitutio-

179 1981 254 2003 nem
276 1972 483 2002 observatam
500 1972 661 2002 hactenus
680 1976 710 2002 et
728 1981 746 2002 a
764 1972 847 2002 Sede
866 1972 1040 2002 toleratam
1062 1973 1188 2009 eadem,

179 2026 293 2056 statim
315 2030 490 2063 postquam
507 2025 602 2055 electi
620 2025 802 2055 secundum
821 2029 982 2055 statutum
998 2026 1190 2065 hujusmodi

183 2077 353 2112 extitistis,
373 2086 485 2107 curam
503 2077 681 2115 gesseretis
697 2078 839 2107 fratrum
855 2078 982 2108 ordinis
1002 2079 1189 2114 memorati,

178 2131 324 2161 officium
340 2131 507 2169 prioratus
523 2131 619 2169 plene
633 2140 669 2161 ac
688 2131 792 2161 libere
810 2131 844 2161 in
861 2132 1016 2162 omnibus
1034 2141 1190 2162 exercen-

179 2188 239 2219 tes,
253 2184 421 2222 iidemque
438 2184 557 2213 fratres
572 2184 665 2214 vobis
683 2184 797 2214 devote
815 2193 851 2214 36
867 2184 1041 2215 humiliter
1055 2185 1190 2215 obedie-

177 2237 246 2266 rint
262 2240 292 2266 et
308 2236 514 2266 intenderint
528 2240 727 2272 reverenter,
744 2237 823 2275 quia
837 2241 946 2267 tamen
963 2237 1001 2267 de
1015 2238 1189 2276 premissis

178 2297 284 2327 nuper
300 2289 519 2318 dubitationis
538 2289 714 2327 scrupulus
731 2289 766 2318 in
782 2290 902 2320 vestris
920 2290 1108 2328 etplurium
1120 2290 1189 2320 dic-

177 2346 287 2372 torum
310 2342 450 2371 fratrum
475 2343 690 2372 conscientiis
713 2347 761 2372 est
778 2347 925 2377 exortus,
943 2342 1117 2372 humiliter
1132 2352 1189 2381 pe-

178 2394 281 2424 tiistis
299 2395 391 2424 vobis
412 2404 510 2433 super
527 2395 586 2424 hoc
610 2395 648 2425 de
669 2396 877 2433 providentia
894 2396 988 2426 Sedis
1011 2395 1189 2434 apostolice

179 2447 364 2477 subveniri.
389 2448 458 2477 Nos
481 2448 604 2486 itaque,
631 2448 779 2478 volentes
803 2457 934 2478 omnem
960 2449 1188 2486 ambiguitatis

178 2499 371 2538 scrupulum
384 2500 419 2528 in
434 2500 495 2530 hac
511 2505 601 2538 parte
619 2500 657 2530 de
674 2501 792 2530 vestris
807 2501 961 2531 cordibus
975 2505 1145 2539 amputare
1158 2505 1190 2531 et

177 2552 328 2582 ordinem
353 2553 462 2590 ipsum
487 2562 504 2582 a
523 2553 606 2583 Sede
630 2553 846 2591 approbatum
874 2554 987 2584 eadem
1015 2554 1188 2584 honestate

177 2604 332 2635 floridum
349 2610 379 2634 et
397 2605 518 2635 virtute
532 2606 903 2644 secumlumzprivilegio
921 2607 1098 2645 apostolice
1115 2616 1189 2643 gra-

177 2657 222 2687 tie
239 2657 389 2687 attollere
410 2658 556 2696 speciali,
579 2668 615 2687 ac
640 2659 758 2689 vestris
776 2659 1074 2697 supplicationibus
1091 2659 1189 2689 incli-

178 2710 259 2744 nati,
274 2710 434 2748 quicquid
452 2720 551 2748 super
567 2711 815 2750 pruinississsper
835 2716 878 2747 te,
898 2713 998 2750 prior,
1018 2712 1189 2750 dictosque

175 2762 427 2801 predecessores
444 2764 563 2793 fratres
579 2768 608 2793 et
628 2764 825 2794 diffinitores
842 2765 965 2794 sactum
983 2769 1014 2795 et
1033 2765 1189 2795 observa-

175 2818 246 2844 tum
275 2819 323 2845 est
353 2815 525 2851 hactenus,
552 2822 661 2845 ratuni
690 2816 850 2847 habentes
875 2822 905 2847 et
929 2819 1072 2853 1111110111,
1096 2818 1189 2848 vobis

173 2867 373 2898 auctoritate
398 2868 546 2906 predicta
571 2869 794 2907 indulgemus,
820 2875 855 2899 ut
886 2879 1094 2901 successores
1127 2871 1187 2905 tui,

174 2919 277 2959 prior,
303 2920 361 2958 qui
380 2925 475 2949 erunt
499 2930 557 2959 pro
583 2926 745 2960 tempore,
768 2923 879 2952 statim
900 2927 1075 2962 postquam
1093 2923 1189 2953 electi

300 2984 523 3010 ALEXANDRE
542 2986 590 3016 ιν,
609 2990 627 3012 t.
649 2988 667 3012 1.

1268 333 1405 367 fuerint,
1438 334 1619 364 secundum
1640 335 1789 373 regulam
1813 339 1844 365 et
1868 329 2124 368 constitutiones
2149 338 2283 369 ordinis-

1268 385 1382 420 vestri,
1401 394 1438 415 eo
1453 386 1524 424 ipso
1542 387 1613 416 veri
1630 388 1777 426 ejusdem
1799 388 1925 418 ordinis
1947 389 2055 419 effecti
2074 391 2202 429 priores
2219 400 2279 420 cu-

1270 447 1340 467 ram
1358 438 1545 468 animarum
1565 439 1705 469 fratrum
1729 440 1835 477 ipsius
1858 441 1984 471 ordinis
2010 441 2106 480 plene
2132 443 2279 473 habeant

1271 494 1302 519 et
1325 489 1428 520 libere
1452 495 1578 528 gerant,
1602 492 1757 530 ipsosque
1778 493 1898 522 fratres
1927 495 2122 525 auctoritate
2145 496 2279 534 propria

1268 538 1373 581 ligare
1399 553 1435 573 ac
1460 544 1587 574 solvere
1613 545 1755 579 valeant,
1785 554 1845 575 nec
1870 554 1935 575 non
1962 547 1998 576 in
2025 548 2139 577 eodem
2161 549 2278 578 ordine

1272 605 1369 633 agere
1392 606 1454 634 que
1473 597 1537 634 ipsi
1559 602 1589 627 et
1611 598 1731 635 prefati
1752 597 1948 628 diffinitores
1964 599 2058 638 juxta
2079 605 2278 631 memoratas

1271 648 1420 686 regulam
1437 654 1467 679 et
1483 650 1737 680 constitutiones
1759 650 1939 679 secundum
1959 652 2064 681 Deum
2083 653 2208 683 eisdem
2226 662 2279 683 or-

1272 701 1342 729 dini
1359 706 1389 731 et
1405 701 1565 731 fratribus
1587 702 1731 732 viderint
1750 703 1919 740 expedire,
1943 703 2092 742 aliasque
2115 705 2280 743 prioratus

1271 754 1417 783 officium
1434 754 1525 784 licite
1549 755 1584 784 iu
1608 755 1763 784 omnihus
1782 764 1948 791 exercere,
1970 757 2137 795 iidemque
2160 758 2281 787 fratres

1272 806 1345 841 tibi,
1371 807 1471 845 prior,
1492 812 1522 837 et
1544 808 1793 837 successorilms
1816 808 1897 846 ipsis
1920 809 2034 839 devote
2055 819 2091 839 ac
2109 810 2282 840 humiliter

1273 859 1430 889 obediant
1456 864 1487 890 et
1512 860 1699 895 intendant,
1729 865 1759 889 et
1786 861 1906 898 prefati
1934 870 2153 896 successores,
2181 866 2211 892 et
2235 867 2282 897 tu,

1272 912 1373 950 prior,
1391 921 1408 942 a
1427 913 1663 942 diffinitoribus
1681 913 1818 951 capituli
1835 914 2000 951 generalis
2019 915 2125 953 ipsius
2142 915 2281 949 ordinis,

1274 965 1457 994 secundum
1482 965 1738 995 constitutiones
1755 966 1823 1004 jam
1849 967 1928 996 dicti
1945 967 2084 1002 ordinis,
2106 967 2232 998 absolvi
2254 972 2284 997 et

1275 1017 1420 1046 amoveri
1436 1018 1586 1055 possitis,
1608 1026 1765 1048 concessa
1783 1018 1858 1054 tibi,
1883 1019 1982 1057 prior,
2002 1020 2135 1058 tuisque
2152 1028 2284 1049 succes-

1275 1069 1406 1099 soribus
1433 1074 1509 1100 ante
1535 1070 1777 1100 absolutionem
1807 1075 1838 1101 et
1864 1071 2063 1101 amotionem
2093 1071 2284 1110 hujusmodi

1275 1122 1460 1160 exequendi
1476 1123 1642 1160 prioratus
1659 1123 1803 1153 officium
1821 1124 1929 1162 quoad
1944 1125 2106 1162 premissa
2124 1125 2236 1154 omnia
2255 1129 2294 1154 et.

1276 1174 1341 1204 alia
1366 1175 1606 1206 nichilominus
1634 1176 1741 1206 libera
1766 1177 1935 1207 facultate.
1964 1177 2057 1207 Nulli
2085 1182 2145 1207 616.
2175 1182 2293 1207 1105116

1276 1228 1502 1258 concessionis
1530 1233 1591 1258 etc.
1617 1230 1691 1258 Dat.
1715 1230 1882 1265 Laterani,
1907 1231 1952 1260 VI
1975 1230 2134 1260 kalendas
2160 1229 2288 1263 martii,

1276 1289 1362 1310 anno
1380 1281 1535 1311 secundo.
1556 1294 1568 1308 »

1349 1444 1464 1472 118⁵?

1310 1505 1417 1532 Abbati
1434 1507 1600 1533 monasterii
1617 1506 1652 1532 de
1670 1507 1743 1533 Voto
1763 1509 1848 1542 juxta
1866 1507 2107 1544 cesarisburgum
2130 1513 2285 1539 committit

1273 1554 1437 1580 facultatem
1454 1555 1652 1589 dispensandi,
1672 1559 1702 1581 ut
1717 1555 1863 1582 Robertns
1879 1556 1913 1583 de
1930 1557 2041 1584 Nox-illa
2059 1560 2209 1595 presbyter
2224 1569 2287 1587 mo-

1275 1604 1393 1629 nasterii
1414 1603 1507 1637 ipsius
1528 1605 1697 1637 canonicus,
1722 1613 1777 1630 non
1799 1605 1931 1632 obstante
1954 1607 2141 1641 illegitiniatis
2162 1610 2282 1642 macula,

1274 1652 1301 1678 in
1325 1652 1472 1686 susceptis
1488 1652 1639 1678 ordinibus
1659 1654 1824 1679 ministrare
1840 1658 1867 1680 ct
1883 1655 1916 1680 ad
1936 1657 2083 1689 regulares
2100 1657 2285 1684 administra-

1273 1702 1367 1727 tiones
1388 1701 1536 1727 dumtaxat
1557 1703 1724 1728 monasterii
1747 1704 1857 1729 assumi
1882 1704 1982 1730 valeat.
2007 1705 2088 1738 (ltso.
2114 1706 2156 1735 24.
2180 1707 2199 1734 f.
2225 1707 2285 1741 ¹50,

1273 1758 1340 1777 ann.
1358 1749 1396 1781 11,
1414 1758 1440 1777 c.
1460 1749 1531 1783 153.)

1834 1446 1948 1479 Latran,
1964 1448 1996 1474 22
2013 1449 2117 1475 sevricr
2136 1449 2213 1478 1256.

1316 1864 1328 1877 «
1351 1875 1383 1887 ..,
1403 1853 1505 1880 abbati
1521 1854 1702 1882 monasterii
1719 1854 1827 1882 Sancte
1844 1855 1938 1883 Marie
1954 1855 1987 1884 cle
2008 1857 2072 1884 l'olo
2088 1857 2181 1893 justa
2199 1857 2287 1886 Cesa-

1274 1905 1465 1942 111-1101911111,
1489 1906 1610 1935 ordinis
1630 1908 1731 1935 sancti
1751 1908 1931 1944 Aayusstni,
1955 1909 2196 1938 Constanticnsis
2219 1910 2285 1938 dio-

1274 1959 1358 1987 cesis.
1372 1957 1549 1996 Regularis
1562 1959 1689 1988 ordinis
1704 1960 1950 1997 professoribus
1961 1978 2008 1989 —-.
2028 1962 2101 1991 Dat.
2117 1963 2284 1997 Laterani,

1273 2011 1355 2041 VIII
1371 2011 1530 2041 kalendas
1546 2012 1670 2047 martii,
1690 2021 1776 2042 anno
1791 2013 1947 2043 secundo.
1969 2026 1980 2039 υ

1349 2185 1365 2211 Ι
1377 2184 1462 2212 188
1828 2184 1940 2216 Latran,
1958 2185 2116 2219 261311061-
2134 2186 2211 2213 1256.

1309 2244 1430 2278 Statuit,
1449 2249 1480 2271 ut.
1496 2246 1591 2271 nullus
1606 2245 1787 2280 Gervisrigidi
1804 2250 1831 2272 et
1853 2247 1941 2272 totius
1958 2247 2068 2274 ordinis
2085 2247 2115 2274 S.
2134 2248 2284 2276 Trinitatis

1273 2297 1301 2319 et
1318 2292 1503 2328 Captivorum
1517 2295 1607 2327 major
1623 2294 1892 2328 ministerqualibet
1908 2296 2101 2329 surreptionis
2117 2297 2223 2323 astutia
2240 2298 2283 2324 vel

1275 2342 1409 2368 violentia
1433 2345 1643 2376 praeponatur,
1662 2342 1716 2367 nisi
1736 2350 1822 2376 quenl
1841 2343 1965 2368 ministri
1986 2347 2014 2369 et
2033 2344 2135 2370 fratres
2152 2345 2177 2370 in
2196 2353 2285 2379 gene-

1275 2391 1325 2417 rali
1349 2390 1472 2425 capitulo
1493 2391 1661 2424 congregati
1683 2391 1832 2424 elegerint,
1857 2391 1939 2423 (Rau.
1964 2391 2008 2423 24,
2031 2392 2050 2418 f.
2076 2393 2133 2425 150,
2156 2401 2222 2419 ann.
2247 2380 2282 2427 11',

1273 2448 1299 2467 c.
1319 2440 1389 2473 154.)

1315 2554 1327 2567 (ι
1361 2565 1392 2577 ..,
1427 2537 1571 2570 ministro
1600 2546 1626 2570 et
1653 2542 1805 2577 fratribus
1836 2542 1869 2570 de
1901 2542 2128 2579 Cervofriyido,
2163 2544 2283 2572 ordinis

1272 2595 1380 2623 Sancte
1398 2595 1562 2623 Trinitatis
1578 2599 1603 2622 et
1621 2595 1833 2631 Captivorum,
1858 2594 2015 2623 Meldensis
2038 2595 2173 2624 diocrsis.
2194 2595 2284 2625 Solet

1273 2656 1420 2677 annuere
1440 2651 1500 2676 etc.
1523 2655 1628 2684 11511116
1651 2656 1657 2675 :
1683 2646 1849 2684 impertiri
1867 2665 1916 2675 —.
1935 2648 2008 2676 Dat.
2032 2648 2197 2682 Laterani,
2219 2649 2281 2678 VII

1273 2700 1432 2730 kalendas
1449 2700 1622 2735 februarii,
1640 2708 1727 2729 anno
1744 2700 1898 2730 secundo.
1922 2712 1934 2725 n

1346 2864 1366 2891 1
1378 2864 1460 2892 189
1830 2862 1943 2897 Latran,
1961 2864 1993 2890 ⁵20
2009 2863 2114 2889 sevi-ier
2131 2863 2207 2890 1255.

1308 2925 1414 2952 Abbati
1431 2926 1460 2951 S.
1480 2924 1556 2951 Petri
1578 2925 1605 2951 in
1622 2924 1708 2951 Coelo
1727 2925 1823 2950 Aureo
1841 2924 1992 2959 I’apiensis
2013 2924 2127 2950 mandat
2142 2925 2279 2958 quatinus

2116 2985 2147 3009 46
