2498 3325
165 246 223 276 ‘238
890 245 1128 276 REGISTRES
1150 243 1457 274 D'ALEXANDRE
1479 244 1536 274 IV.

166 313 293 341 fructus
316 311 451 350 pacifice
474 316 584 349 posset
608 312 776 351 percipere
798 320 834 342 ac
857 312 980 351 quiete.
1003 311 1077 341 Non
1098 311 1173 340 obs-

167 369 256 394 tante
275 365 303 394 si
319 364 426 394 eidem
443 365 595 404 episcopo
613 365 802 403 specialiter
818 365 868 395 vel
885 365 919 394 in
936 364 1007 395 suis
1023 363 1173 394 ecclesiis

166 417 366 455 generaliter
381 417 468 447 idem
485 418 766 457 predecessorpro
778 418 854 447 aliis
871 417 1035 447 direxerat
1051 417 1173 455 scripta

167 480 236 505 sna,
257 474 287 500 et
304 475 534 508 personatum,
553 471 759 508 dignitatem,
780 470 978 500 beneficium
998 479 1055 500 seu
1073 470 1173 499 bene-

167 523 241 552 ficia
257 522 447 562 hujusmodi
464 523 610 561 prefatus
627 523 839 562 predecessor
854 523 1025 553 donationi
1044 526 1174 561 aposto-

166 576 245 611 lice,
277 575 305 605 si
338 579 415 605 tunc
442 575 602 605 vacabant
629 576 679 605 vel
710 585 783 605 cum
809 580 979 612 vacarent,
1009 575 1174 614 sepedicto

167 628 337 667 capellano
357 629 572 664 conserenda,
597 629 741 658 servavit
765 633 796 658 et
818 628 963 658 decrevit
985 628 1118 658 irritum
1144 632 1172 658 et

167 681 284 716 inane,
303 680 330 709 si
354 689 448 710 secus
465 680 503 709 dc
522 679 590 710 illis
607 690 816 720 quacumque
833 681 1027 710 auctoritate
1044 681 1174 710 contin-

168 737 257 769 geret
289 732 492 770 attemptari,
525 732 606 762 dans
639 733 698 762 tibi
725 732 964 763 nichilominus
996 733 1057 763 sub
1087 736 1174 763 certa

167 786 274 815 fornia
289 794 347 824 per
363 785 445 815 alias
462 795 539 815 suas
555 785 684 816 litteras
702 786 736 816 in
753 786 930 821 mandatis,
950 790 1002 820 ut,
1024 786 1051 816 si
1068 786 1175 815 dictus

168 838 341 877 episcopus
359 847 457 876 super
472 839 645 876 premissis
662 839 853 869 mandatum
870 838 1053 877 negligeret
1069 839 1175 869 adim—

166 891 268 930 plere,
284 896 319 921 tu
337 891 419 921 illud
436 892 553 930 exequi
567 901 773 930 procurares.
790 892 952 928 Quocirca
966 892 1173 926 mandamus,

169 945 326 984 quatinus
352 945 386 974 iu
411 945 602 985 hujusmodi
627 945 758 983 negotio
783 954 841 983 per
869 945 981 975 omnia
1005 945 1173 983 procedas.

165 998 259 1037 juxta
272 998 434 1028 dictarum
451 998 694 1036 predecessoris
711 998 858 1037 ejusdem
875 998 1074 1028 directarum
1089 998 1128 1027 ad
1144 1002 1175 1027 tc

169 1051 409 1080 continentiam
430 1050 627 1081 litterarum.
653 1052 726 1081 Dat.
749 1051 912 1088 Anagnie,
934 1052 994 1081 XV
1015 1051 1175 1081 kalendas

167 1103 322 1137 octobris,
341 1111 427 1132 anno
443 1103 559 1141 primo.
579 1115 592 1130 2>
701 1092 703 1094 ’

242 1267 326 1295 ’ἴῖἵ

206 1328 312 1354 Abbati
329 1327 494 1354 monasterii
514 1327 757 1360 Brantosinensis,
776 1328 1023 1362 Petragoricensis
1038 1328 1174 1363 diocesis,

668 1267 793 1301 Auagni,
812 1267 827 1294 8
844 1267 1006 1302 septembre
1024 1268 1102 1294 1255.

169 1376 309 1407 concedit,
331 1380 370 1410 ut,
387 1385 475 1411 super
491 1377 673 1403 observantia
688 1381 861 1403 statutorum
877 1385 949 1411 quae
964 1377 999 1403 de
1014 1378 1176 1405 substantia

171 1427 285 1460 regulae
297 1434 320 1453 s.
336 1425 484 1452 Benedicti
499 1434 552 1452 non
565 1426 704 1460 existunt,
717 1426 867 1452 monachis
879 1427 1044 1453 monasterii
1058 1427 1174 1461 dispen-

170 1475 297 1501 sationes
314 1475 403 1501 valeat
418 1475 558 1501 conferre.
576 1474 659 1508 (Rau.
676 1474 719 1505 ⁶24,
737 1483 763 1501 c.
780 1474 841 1508 6‘20,
861 1476 878 1501 f.
895 1476 964 1507 93V.)

213 1588 225 1602 t<
254 1599 285 1611 ..,
310 1577 411 1605 abbati
438 1578 618 1605 monasterii
646 1577 907 1611 Brontolanensis,
937 1578 1056 1606 ordinis
1077 1580 1178 1607 sancti

170 1629 333 1663 Benedicti,
349 1630 604 1666 Peli-afforicensis
620 1630 754 1659 diocesis.
773 1630 818 1659 Ex
831 1634 923 1668 parte
936 1635 991 1660 tua
1006 1631 1070 1660 suit
1082 1631 1177 1661 nohis

171 1680 344 1711 humiliter
359 1681 590 1719 supplicatum,
606 1685 653 1717 ut,
671 1690 745 1712 cum
761 1683 972 1713 observantia
988 1684 1037 1713 tui
1051 1684 1178 1714 ordinis

173 1733 212 1762 ab
231 1733 302 1771 ipsa
322 1733 374 1763 sui
391 1734 601 1764 institutione
624 1734 766 1764 multum
789 1736 831 1765 sit
855 1736 958 1774 rigida
980 1740 1010 1766 et
1033 1736 1179 1767 difficilis

173 1786 212 1815 ad
230 1786 421 1818 serendum,
440 1787 630 1826 fuerintque
648 1788 854 1826 postmodum
872 1798 929 1827 per
944 1789 1053 1819 felicis
1070 1799 1179 1819 recor-

173 1838 317 1868 dationis
338 1839 376 1868 G.
400 1849 514 1877 papam
532 1840 798 1878 predecessorem
822 1846 970 1871 nostrum
992 1843 1180 1880 supradicta

174 1895 296 1921 statuta
312 1892 426 1929 gravia
441 1892 647 1922 diversarum
664 1902 822 1931 penarum
847 1894 1030 1934 adjectione
1047 1896 1178 1931 vallata,

175 1952 214 1973 ne
240 1944 408 1981 contingat
434 1944 495 1973 sub
529 1946 629 1975 tantis
655 1946 812 1976 oneribus
841 1947 980 1978 deficere
1009 1952 1178 1984 oneratos,

175 1997 344 2034 providere
368 2006 466 2035 super
489 1997 550 2027 lioc
568 2002 705 2036 paterna
728 1999 953 2030 sollicitudine
975 2010 1177 2031 curaremus.

174 2049 390 2079 Attendentes
412 2049 515 2087 igitur
537 2050 623 2089 quod
649 2051 779 2089 expedit
801 2052 964 2082 calamum
987 2058 1181 2092 quassatum

176 2110 239 2130 non
254 2102 379 2131 conteri
396 2106 427 2131 et
444 2103 476 2131 in
492 2103 643 2133 erasione
661 2104 810 2141 eruginis
830 2114 886 2134 vas
903 2114 968 2135 non
987 2106 1106 2143 frangi,
1126 2107 1182 2136 ded

174 2154 316 2184 votionis
337 2158 390 2184 tue
407 2155 559 2192 precibus
576 2156 740 2189 inclinati,
765 2158 971 2195 presentium
993 2159 1054 2188 tibi
1070 2164 1182 2189 aucto-

174 2207 270 2236 ritate
298 2208 521 2239 concedimus,
549 2212 597 2243 ut,
626 2218 724 2247 super
752 2210 964 2241 observantia
983 2216 1183 2242 statutorum

174 2260 321 2298 ipsorum
339 2269 401 2298 que
418 2261 457 2290 de
474 2265 527 2291 tuc
547 2261 735 2292 substantia
750 2263 863 2300 regule
881 2272 946 2293 non
963 2265 1126 2300 existunt,
1148 2270 1182 2295 tu

150 2345 156 2349 ¹
175 2316 205 2342 et
223 2321 431 2343 successores
448 2314 495 2342 tui
511 2323 584 2343 cum
601 2315 649 2344 tui
667 2316 860 2345 monasterii
874 2317 1011 2356 ejusque
1023 2319 1183 2348 membro—

174 2374 248 2394 rum
281 2365 452 2396 monachis
480 2370 545 2395 tani
570 2368 781 2405 presentibus
806 2378 905 2406 quam
930 2369 1053 2400 futuris
1079 2370 1183 2401 libere

175 2417 286 2447 valeas
303 2418 495 2456 dispensare
515 2429 520 2447 z
536 2419 603 2449 hiis
620 2420 752 2450 casibus
767 2421 935 2451 dumtaxat
954 2423 1108 2461 exceptis,
1127 2432 1184 2453 su-

175 2479 234 2508 per
261 2471 381 2509 quibus
411 2472 445 2500 iu
479 2473 592 2502 eadem
624 2473 738 2510 regula
767 2478 815 2503 est
843 2474 1048 2513 dispensatio
1079 2476 1183 2506 inter-

177 2523 261 2553 dicta
276 2547 281 2558 ‚
317 2524 350 2553 in
388 2525 509 2562 quibus
540 2526 673 2566 casibus
710 2526 926 2564 dispensandi
959 2537 1057 2566 super
1088 2530 1183 2567 penis

177 2575 314 2614 adjectis
331 2580 361 2605 et
373 2576 676 2613 irregularitatibus
688 2588 770 2616 quas
782 2579 830 2608 tui
845 2580 969 2609 subditi
985 2581 1025 2610 ob
1038 2581 1098 2612 lioc
1109 2581 1183 2611 hac-

176 2631 274 2657 tenus
292 2628 505 2658 incurrerunt
524 2629 574 2659 vel
590 2630 761 2661 incurrent
779 2631 817 2661 de
837 2636 962 2668 cetero,
983 2642 1103 2672 eosque
1127 2634 1184 2664 ab·

178 2679 327 2709 solvendi
344 2680 384 2709 ab
400 2681 579 2717 interdicti,
601 2683 831 2720 suspensionis
848 2689 903 2714 aut
920 2687 1184 2716 excommunica-

176 2732 277 2762 tionis
288 2733 421 2763 vinculo
431 2743 494 2772 quo
504 2734 592 2772 ipsos
602 2735 641 2764 ob
651 2737 951 2774 transgressionem
962 2739 1184 2777 predictorum

178 2788 376 2815 statutorum
395 2786 519 2816 involvi
538 2788 675 2825 contigit
695 2788 747 2818 vel
769 2790 948 2828 continget,
968 2791 1118 2830 injuncta
1137 2792 1184 2822 sic

178 2837 339 2868 absolutis
362 2839 546 2876 penitentia
567 2840 720 2876 salutari,
748 2841 851 2871 libera
875 2843 917 2872 sit
935 2843 994 2873 tibi
1013 2848 1043 2873 et
1060 2845 1184 2875 eisdem

179 2891 428 2921 successoribus
444 2892 482 2922 de
499 2897 611 2922 nostra
626 2894 845 2931 permissione
857 2896 1012 2932 sacultas;
1032 2920 1064 2932 ..,
1082 2897 1183 2935 priori

1256 308 1496 339 nichilominus
1524 310 1719 340 monasterii
1743 310 1791 340 tui
1819 318 1855 340 ac
1880 309 1986 348 ipsius
2015 309 2263 340 successorihus

1256 361 1446 401 hujusmodi
1467 361 1728 400 dispensationis
1751 366 1781 392 et
1806 362 2026 393 absolutionis
2050 362 2261 397 beneficium,

1256 415 1284 444 si
1307 414 1408 444 fuerit
1431 418 1646 453 oportunum.
1673 415 1885 445 concedimus
1907 414 2102 445 auctoritate
2127 423 2264 453 presen-

1257 467 1337 497 tium
1361 471 1568 506 potestatem.
1586 467 1661 497 Non
1683 467 1835 498 obstante
1858 467 2028 506 aliquibus
2050 466 2172 497 litteris
2192 467 2263 497 dio-

1256 528 1376 549 cesano
1392 524 1447 549 tuo
1468 519 1518 550 vel
1540 520 1736 559 cuicumque
1760 519 1817 549 alii
1841 519 1880 549 ab
1906 518 2084 558 apostolica
2101 519 2183 549 Sede
2203 518 2264 549 sub

1256 581 1465 611 quocumque
1489 576 1602 602 tenore
1625 572 1761 602 directis
1784 576 1815 602 et
1831 571 2041 610 processibus
2064 571 2189 601 habitis
2207 580 2264 610 per

1257 625 1408 659 easdem,
1438 624 1477 654 de
1502 625 1624 663 quibus
1649 624 1788 654 forsitan
1811 628 1975 663 oporteret
1995 624 2030 654 in
2053 624 2264 663 presentibus

1256 676 1388 715 plenam
1404 681 1433 707 et
1452 686 1638 715 expressam
1655 686 1691 707 ac
1701 665 1746 707 'de
1765 677 1864 707 verbo
1880 677 1919 707 ad
1934 676 2070 706 verbum
2087 676 2158 706 fieri
2175 685 2264 707 men-

1257 730 1381 759 tionem
1401 734 1432 759 et
1448 729 1547 759 etiam
1561 729 1762 760 obtinendis.
1781 731 1854 759 Dat.
1872 729 2036 768 Anagnie,
2048 730 2094 759 VI
2105 729 2181 759 idus
2194 737 2264 768 sep-

1257 782 1405 817 tembris,
1426 791 1513 812 anno
1530 782 1645 821 primo.
1666 795 1678 809 n

1329 947 1415 976 ⁸278

1293 1009 1399 1036 Christi
1412 1009 1552 1040 fidelibus.
1570 1010 1619 1044 qui
1631 1010 1664 1035 ad
1682 1010 1833 1036 ecclesiam
1851 1009 1876 1036 b.
1895 1009 2033 1044 Stephani
2049 1010 2268 1045 protomartyris

1257 1057 1420 1093 Capuanam
1448 1058 1476 1084 in
1499 1058 1611 1084 duabus
1637 1058 1842 1085 festivitatibus
1865 1059 2082 1093 protomartyris
2107 1059 2266 1094 memorati,

1258 1107 1369 1133 scilicet
1383 1106 1410 1132 in
1429 1106 1600 1133 revelatione
1616 1110 1644 1133 et
1661 1107 1744 1133 natali
1760 1107 1902 1141 ejusdem,
1918 1115 1952 1133 ac
1968 1107 1994 1132 in
2012 1107 2056 1133 die
2071 1107 2268 1134 anniversario

1258 1155 1448 1182 dedicationis
1473 1155 1564 1190 ipsius
1584 1156 1723 1181 ecclesiae
1746 1160 1774 1181 et
1796 1163 1887 1190 usque
1907 1155 1940 1181 ad
1966 1160 2100 1182 octavum
2123 1155 2197 1182 diem
2220 1164 2268 1182 ea-

1259 1203 1388 1230 rumdem
1406 1204 1592 1230 festivitatum
1610 1207 1637 1230 et
1652 1203 1840 1230 dedicationis
1854 1211 1941 1230 causa
1956 1203 2118 1230 devotionis
2133 1211 2268 1231 accesse-

1259 1254 1315 1279 rint
1337 1253 1494 1286 annuatim,
1519 1260 1606 1278 unum
1627 1260 1733 1278 annum
1754 1256 1782 1278 et
1803 1252 1876 1278 duas
1894 1252 2094 1286 quadragenas
2113 1253 2148 1279 de
2166 1252 2268 1287 poeni-

1259 1301 1347 1328 tentia
1364 1302 1479 1328 relaxat.
1499 1301 1584 1333 (Rae.
1600 1301 1644 1335 24,
1661 1309 1687 1327 c.
1703 1301 1765 1333 62¹,
1784 1301 1802 1328 f.
1820 1300 1869 1332 94;
1889 1300 2034 1328 Po‘r‘rfflsr
2052 1301 2160 1334 16015.)

1720 968 1723 970 .
1744 947 1870 981 Anagni,
1890 947 1917 974 11
1936 947 2099 982 septembre
2119 947 2195 975 1‘255.

1301 1415 1314 1429 «
1338 1403 1470 1437 Marino,
1492 1403 1591 1437 electo,
1613 1407 1639 1431 et
1656 1403 1791 1439 capitulo
1809 1402 1976 1439 Capuanis.
1994 1401 2268 1432 Consecrationes

1259 1455 1415 1486 altarium
1430 1455 1466 1484 in
1481 1472 1530 1484 —-.
1543 1455 1616 1484 Dat.
1630 1454 1793 1492 Anagnie‚
1809 1455 1859 1484 111
1872 1454 1948 1484 idus
1959 1454 2168 1492 septembris,
2181 1463 2269 1485 anno

1258 1508 1375 1547 primo.
1396 1520 1409 1534 »

1334 1665 1419 1694 ⁵229

1298 1727 1487 1754 Universitati
1503 1726 1653 1753 hominum
1671 1725 1872 1761 Capuanorum
1890 1726 2034 1760 indulget,
2053 1730 2084 1753 ut
2100 1726 2205 1762 ubique
2223 1735 2272 1761 pei·

1264 1784 1384 1811 regnum
1399 1775 1524 1807 Siciliae,
1540 1783 1574 1802 ac
1588 1784 1637 1810 per
1652 1774 1835 1810 Campaniam
1854 1779 1883 1801 et
1898 1775 2079 1808 Maritimam,
2095 1784 2204 1803 necnon
2222 1783 2272 1811 pei·

1263 1833 1364 1851 omnes
1380 1828 1471 1850 terras
1488 1823 1633 1850 Ecclesiae
1650 1823 1796 1850 Romanae
1813 1824 1971 1858 suchctas,
1988 1833 2003 1850 a
2021 1824 2149 1859 pedagiis
2164 1828 2193 1850 et
2207 1825 2271 1858 qui-

1264 1873 1389 1900 buslibet
1412 1873 1475 1899 aliis
1499 1873 1699 1899 exactionibus
1723 1876 1862 1907 perpetuo
1885 1873 1944 1899 sint
1965 1873 2045 1899 liberi
2064 1877 2092 1900 et
2115 1874 2270 1901 immunes.

1263 1921 1346 1954 (Rae.
1365 1921 1408 1952 24,
1427 1930 1452 1947 c.
1469 1921 1544 1952 621²,
1562 1921 1581 1948 s.
1601 1921 1651 1955 943
1670 1921 1851 1953 Ronannsac,
1867 1925 1886 1948 t.
1905 1920 1956 1952 111,
1975 1928 2006 1947 no
2021 1921 2095 1955 412.)

1743 1664 1867 1698 Anagni,
1888 1665 1919 1691 17
1936 1664 2101 1699 septembre
2119 1664 2198 1692 1255.

1307 2035 1319 2049 a
1344 2046 1374 2059 ..,
1391 2024 1542 2061 potestati,
1561 2023 1687 2052 consilio
1706 2027 1732 2052 et
1748 2024 1906 2052 communi
1922 2023 2088 2060 Capitonis.
2109 2024 2155 2053 De
2171 2023 2274 2053 meri-

1265 2080 1373 2107 torum
1388 2079 1575 2106 vestrorum
1592 2093 1640 2104 —.
1657 2075 1912 2113 Dat.1Anagnie,
1932 2075 1994 2105 XV
2008 2074 2168 2105 kalendas
2183 2079 2273 2106 octo-

1264 2130 1345 2165 bris,
1364 2138 1451 2159 anno
1466 2129 1584 2168 primo.
1604 2141 1616 2155 >1

1338 2288 1427 2317 ’280

1304 2351 1445 2386 Episcopo
1462 2355 1490 2377 et
1504 2351 1628 2385 capitulo
1643 2350 1847 2380 Fernensibus,
1860 2350 1909 2384 qui
1925 2349 2041 2383 triginta
2056 2350 2182 2384 quinque
2198 2356 2275 2376 mai·-

1267 2408 1316 2427 cas
1333 2400 1469 2434 magistro
1485 2399 1609 2425 -Iolianni
1626 2399 1660 2425 de
1678 2398 1840 2432 Frisinone,
1856 2398 2002 2432 capellano
2020 2406 2108 2432 papae
2119 2418 2127 2429 ,
2144 2398 2179 2424 de
2195 2406 2275 2425 man-

1267 2449 1332 2476 dato
1355 2448 1440 2474 Sedis
1462 2448 1636 2483 apostolicae
1655 2448 1738 2474 annis
1757 2447 1883 2482 singulis
1901 2447 2049 2480 exhibent,
2071 2446 2209 2480 indulget,
2232 2449 2272 2480 ut,

1267 2505 1418 2534 quousque
1431 2497 1603 2523 nominatam
1619 2496 1812 2530 provisionem
1825 2496 1971 2530 capellano
1985 2495 2199 2529 assignaverint
2213 2502 2275 2521 me-

1269 2550 1388 2578 morato,
1409 2545 1442 2571 ad
1467 2546 1659 2579 receptionem
1685 2544 1727 2570 vel
1747 2544 1941 2579 provisionem
1962 2543 2086 2577 alicujus
2107 2542 2135 2569 in
2153 2542 2275 2569 ecclesia

1267 2594 1396 2629 ipsorum
1413 2593 1529 2619 minIme
1544 2597 1696 2620 teneantur
1708 2597 1736 2619 et
1753 2593 1822 2618 nulli
1837 2592 1872 2618 de
1889 2591 2037 2618 beneficiis
2048 2591 2082 2617 ad
2093 2590 2274 2617 collationem

1267 2644 1396 2677 ipsorum
1419 2642 1619 2676 spectantibus
1645 2642 1735 2668 valeat
1757 2641 1910 2676 provideri,
1936 2639 1991 2666 nisi
2011 2640 2046 2665 de
2068 2638 2210 2674 praesenti
2230 2638 2275 2665 in-

1267 2690 1346 2717 dulto
1363 2691 1468 2716 mentio
1485 2690 1632 2716 habeatur.
1646 2690 1730 2724 (Rau.
1747 2690 1791 2721 24,
1808 2698 1835 2717 c.
1852 2689 1913 2720 6⁶22,
1931 2688 1951 2716 f.
1969 2688 2024 2719 9⁴.)

1843 2287 1969 2321 Anagni,
1987 2286 2017 2313 ⁴12
2035 2287 2102 2313 aout
2120 2287 2199 2314 1255.

1311 2805 1324 2819 α
1342 2815 1374 2828 ..,
1393 2793 1535 2830 episcopo,
1552 2796 1576 2820 et
1591 2793 1724 2829 capitulo
1739 2791 1951 2820 Fernensibus.
1969 2789 2126 2820 Libenter
2140 2788 2275 2828 petitio-

1269 2844 1368 2874 nibus
1386 2844 1506 2874 vestris
1528 2861 1576 2872 —.
1600 2845 1673 2874 Dat.
1696 2843 1863 2882 Anagnie,
1884 2844 1916 2873 II
1934 2843 2009 2873 idus
2026 2841 2170 2880 augusti,
2188 2848 2275 2871 anno

1267 2898 1382 2937 primo.
1407 2909 1420 2924 »
