<?xml version="1.0" encoding="UTF-8"?>
<!DOCTYPE html PUBLIC "-//W3C//DTD XHTML 1.0 Transitional//EN"
    "http://www.w3.org/TR/xhtml1/DTD/xhtml1-transitional.dtd">
<html xmlns="http://www.w3.org/1999/xhtml" xml:lang="en" lang="en">
 <head>
  <title>
</title>
<meta http-equiv="Content-Type" content="text/html;charset=utf-8" />
  <meta name='ocr-system' content='tesseract 3.04.00' />
  <meta name='ocr-capabilities' content='ocr_page ocr_carea ocr_par ocr_line ocrx_word'/>
</head>
<body>
  <div class='ocr_page' id='page_1' title='image "./lesregistresdale01cathuoft_0280.png"; bbox 0 0 2498 3325; ppageno 0'>
   <div class='ocr_carea' id='block_1_1' title="bbox 228 221 1601 258">
    <p class='ocr_par' dir='ltr' id='par_1_1' title="bbox 228 221 1601 258">
     <span class='ocr_line' id='line_1_1' title="bbox 228 221 1601 258; baseline 0.004 -7"><span class='ocrx_word' id='word_1_1' title='bbox 228 221 286 257; x_wconf 80' lang='lat'>270</span> <span class='ocrx_word' id='word_1_2' title='bbox 953 225 1193 256; x_wconf 86' lang='lat' dir='ltr'>REGISTRES</span> <span class='ocrx_word' id='word_1_3' title='bbox 1215 225 1522 256; x_wconf 87' lang='lat' dir='ltr'><strong>D&#39;ALEXANDRE</strong></span> <span class='ocrx_word' id='word_1_4' title='bbox 1545 227 1601 258; x_wconf 93' lang='lat' dir='ltr'>IV.</span> 
     </span>
    </p>
   </div>
   <div class='ocr_carea' id='block_1_2' title="bbox 219 286 1238 2125">
    <p class='ocr_par' dir='ltr' id='par_1_2' title="bbox 221 286 1238 2014">
     <span class='ocr_line' id='line_1_2' title="bbox 229 286 1238 330; baseline 0.004 -14"><span class='ocrx_word' id='word_1_5' title='bbox 229 299 242 313; x_wconf 79' lang='lat' dir='ltr'>n</span> <span class='ocrx_word' id='word_1_6' title='bbox 267 286 344 317; x_wconf 89' lang='lat' dir='ltr'>aliis</span> <span class='ocrx_word' id='word_1_7' title='bbox 359 288 483 318; x_wconf 90' lang='lat' dir='ltr'>nostris</span> <span class='ocrx_word' id='word_1_8' title='bbox 498 292 654 319; x_wconf 89' lang='lat' dir='ltr'>eteorum</span> <span class='ocrx_word' id='word_1_9' title='bbox 668 291 856 322; x_wconf 87' lang='lat' dir='ltr'>rationibus</span> <span class='ocrx_word' id='word_1_10' title='bbox 872 291 1034 330; x_wconf 89' lang='lat' dir='ltr'>quomodo</span> <span class='ocrx_word' id='word_1_11' title='bbox 1050 296 1080 322; x_wconf 90' lang='lat' dir='ltr'>et</span> <span class='ocrx_word' id='word_1_12' title='bbox 1094 291 1238 330; x_wconf 77' lang='lat' dir='ltr'><strong>qualiter</strong></span> 
     </span>
     <span class='ocr_line' id='line_1_3' title="bbox 228 339 1237 382; baseline 0.008 -15"><span class='ocrx_word' id='word_1_13' title='bbox 228 350 242 365; x_wconf 75' lang='lat' dir='ltr'>n</span> <span class='ocrx_word' id='word_1_14' title='bbox 267 339 387 369; x_wconf 87' lang='lat' dir='ltr'>melius</span> <span class='ocrx_word' id='word_1_15' title='bbox 414 340 581 370; x_wconf 83' lang='lat' dir='ltr'>voluerint</span> <span class='ocrx_word' id='word_1_16' title='bbox 608 345 640 372; x_wconf 90' lang='lat' dir='ltr'>et</span> <span class='ocrx_word' id='word_1_17' title='bbox 662 343 847 380; x_wconf 86' lang='lat' dir='ltr'>potuerint,</span> <span class='ocrx_word' id='word_1_18' title='bbox 874 348 906 374; x_wconf 92' lang='lat' dir='ltr'>et</span> <span class='ocrx_word' id='word_1_19' title='bbox 933 343 1091 382; x_wconf 86' lang='lat' dir='ltr'>quicquid</span> <span class='ocrx_word' id='word_1_20' title='bbox 1119 344 1237 375; x_wconf 82' lang='lat' dir='ltr'>exinde</span> 
     </span>
     <span class='ocr_line' id='line_1_4' title="bbox 228 392 1237 435; baseline 0.009 -17"><span class='ocrx_word' id='word_1_21' title='bbox 228 404 241 418; x_wconf 86' lang='lat'>»</span> <span class='ocrx_word' id='word_1_22' title='bbox 266 392 376 422; x_wconf 86' lang='lat' dir='ltr'>facere</span> <span class='ocrx_word' id='word_1_23' title='bbox 396 392 562 423; x_wconf 91' lang='lat' dir='ltr'>voluerint</span> <span class='ocrx_word' id='word_1_24' title='bbox 580 399 611 424; x_wconf 91' lang='lat' dir='ltr'>et</span> <span class='ocrx_word' id='word_1_25' title='bbox 628 395 807 433; x_wconf 85' lang='lat' dir='ltr'>potuerint,</span> <span class='ocrx_word' id='word_1_26' title='bbox 828 405 942 427; x_wconf 86' lang='lat' dir='ltr'>eorum</span> <span class='ocrx_word' id='word_1_27' title='bbox 958 396 1001 427; x_wconf 88' lang='lat' dir='ltr'>sit</span> <span class='ocrx_word' id='word_1_28' title='bbox 1020 397 1187 435; x_wconf 70' lang='lat' dir='ltr'>potestati,</span> <span class='ocrx_word' id='word_1_29' title='bbox 1206 401 1237 427; x_wconf 89' lang='lat' dir='ltr'>et</span> 
     </span>
     <span class='ocr_line' id='line_1_5' title="bbox 228 444 1235 488; baseline 0.006 -14"><span class='ocrx_word' id='word_1_30' title='bbox 228 455 241 470; x_wconf 69' lang='lat' dir='ltr'>n</span> <span class='ocrx_word' id='word_1_31' title='bbox 267 444 399 484; x_wconf 87' lang='lat' dir='ltr'>quando</span> <span class='ocrx_word' id='word_1_32' title='bbox 409 445 585 482; x_wconf 84' lang='lat' dir='ltr'>voluerint,</span> <span class='ocrx_word' id='word_1_33' title='bbox 596 447 814 479; x_wconf 80' lang='lat' dir='ltr'>defendamus</span> <span class='ocrx_word' id='word_1_34' title='bbox 823 449 871 480; x_wconf 87' lang='lat' dir='ltr'>eis</span> <span class='ocrx_word' id='word_1_35' title='bbox 880 448 974 484; x_wconf 86' lang='lat' dir='ltr'>illud,</span> <span class='ocrx_word' id='word_1_36' title='bbox 986 449 1072 479; x_wconf 86' lang='lat' dir='ltr'>sicut</span> <span class='ocrx_word' id='word_1_37' title='bbox 1081 449 1235 488; x_wconf 87' lang='lat' dir='ltr'>superius</span> 
     </span>
     <span class='ocr_line' id='line_1_6' title="bbox 227 497 1236 538; baseline 0.008 -13"><span class='ocrx_word' id='word_1_38' title='bbox 227 509 241 524; x_wconf 69' lang='lat' dir='ltr'>n</span> <span class='ocrx_word' id='word_1_39' title='bbox 265 497 430 536; x_wconf 81' lang='lat' dir='ltr'>obligavi,</span> <span class='ocrx_word' id='word_1_40' title='bbox 448 500 606 538; x_wconf 86' lang='lat' dir='ltr'>quoniam</span> <span class='ocrx_word' id='word_1_41' title='bbox 627 501 674 531; x_wconf 90' lang='lat' dir='ltr'>sic</span> <span class='ocrx_word' id='word_1_42' title='bbox 695 501 783 532; x_wconf 85' lang='lat' dir='ltr'>inter</span> <span class='ocrx_word' id='word_1_43' title='bbox 803 511 863 532; x_wconf 89' lang='lat' dir='ltr'>nos</span> <span class='ocrx_word' id='word_1_44' title='bbox 884 502 1048 532; x_wconf 89' lang='lat' dir='ltr'>convenit.</span> <span class='ocrx_word' id='word_1_45' title='bbox 1073 502 1108 533; x_wconf 86' lang='lat' dir='ltr'>Si</span> <span class='ocrx_word' id='word_1_46' title='bbox 1125 506 1236 533; x_wconf 89' lang='lat' dir='ltr'>autem</span> 
     </span>
     <span class='ocr_line' id='line_1_7' title="bbox 227 550 1236 594; baseline 0.005 -14"><span class='ocrx_word' id='word_1_47' title='bbox 227 562 241 576; x_wconf 75' lang='lat'>³&gt;</span> <span class='ocrx_word' id='word_1_48' title='bbox 265 559 325 588; x_wconf 84' lang='lat' dir='ltr'>ego</span> <span class='ocrx_word' id='word_1_49' title='bbox 341 550 393 580; x_wconf 88' lang='lat' dir='ltr'>vel</span> <span class='ocrx_word' id='word_1_50' title='bbox 408 552 474 582; x_wconf 89' lang='lat' dir='ltr'>mei</span> <span class='ocrx_word' id='word_1_51' title='bbox 488 552 628 583; x_wconf 88' lang='lat' dir='ltr'>heredes</span> <span class='ocrx_word' id='word_1_52' title='bbox 649 562 714 583; x_wconf 91' lang='lat' dir='ltr'>non</span> <span class='ocrx_word' id='word_1_53' title='bbox 733 555 912 585; x_wconf 81' lang='lat' dir='ltr'>fecerimus</span> <span class='ocrx_word' id='word_1_54' title='bbox 929 559 960 585; x_wconf 88' lang='lat' dir='ltr'>et</span> <span class='ocrx_word' id='word_1_55' title='bbox 978 563 1044 585; x_wconf 92' lang='lat' dir='ltr'>non</span> <span class='ocrx_word' id='word_1_56' title='bbox 1061 555 1236 594; x_wconf 85' lang='lat' dir='ltr'>compleri-</span> 
     </span>
     <span class='ocr_line' id='line_1_8' title="bbox 227 603 1234 647; baseline 0.007 -15"><span class='ocrx_word' id='word_1_57' title='bbox 227 614 240 629; x_wconf 80' lang='grc'>»</span> <span class='ocrx_word' id='word_1_58' title='bbox 266 612 340 633; x_wconf 91' lang='lat' dir='ltr'>mus</span> <span class='ocrx_word' id='word_1_59' title='bbox 357 603 406 634; x_wconf 89' lang='lat' dir='ltr'>eis</span> <span class='ocrx_word' id='word_1_60' title='bbox 423 613 461 634; x_wconf 88' lang='lat' dir='ltr'>ea</span> <span class='ocrx_word' id='word_1_61' title='bbox 476 606 588 635; x_wconf 86' lang='lat' dir='ltr'>omnia</span> <span class='ocrx_word' id='word_1_62' title='bbox 602 615 660 644; x_wconf 92' lang='lat' dir='ltr'>per</span> <span class='ocrx_word' id='word_1_63' title='bbox 675 606 784 645; x_wconf 84' lang='lat' dir='ltr'>ipsum</span> <span class='ocrx_word' id='word_1_64' title='bbox 800 607 950 638; x_wconf 85' lang='lat' dir='ltr'>ordinem</span> <span class='ocrx_word' id='word_1_65' title='bbox 967 608 1024 647; x_wconf 86' lang='lat' dir='ltr'>qui</span> <span class='ocrx_word' id='word_1_66' title='bbox 1040 608 1234 646; x_wconf 81' lang='lat' dir='ltr'>prelegitur,</span> 
     </span>
     <span class='ocr_line' id='line_1_9' title="bbox 227 655 1236 700; baseline 0.008 -16"><span class='ocrx_word' id='word_1_67' title='bbox 227 667 240 682; x_wconf 67' lang='grc' dir='ltr'><strong>υ</strong></span> <span class='ocrx_word' id='word_1_68' title='bbox 264 655 317 686; x_wconf 85' lang='lat' dir='ltr'>vel</span> <span class='ocrx_word' id='word_1_69' title='bbox 333 656 362 686; x_wconf 88' lang='lat' dir='ltr'>si</span> <span class='ocrx_word' id='word_1_70' title='bbox 379 656 466 688; x_wconf 88' lang='lat' dir='ltr'>hanc</span> <span class='ocrx_word' id='word_1_71' title='bbox 483 662 608 688; x_wconf 87' lang='lat' dir='ltr'>cartam</span> <span class='ocrx_word' id='word_1_72' title='bbox 624 659 662 689; x_wconf 88' lang='lat' dir='ltr'>de</span> <span class='ocrx_word' id='word_1_73' title='bbox 679 659 801 698; x_wconf 84' lang='lat' dir='ltr'>quihus</span> <span class='ocrx_word' id='word_1_74' title='bbox 817 660 965 690; x_wconf 85' lang='lat' dir='ltr'>continet</span> <span class='ocrx_word' id='word_1_75' title='bbox 983 660 1162 700; x_wconf 85' lang='lat' dir='ltr'>aliquando</span> <span class='ocrx_word' id='word_1_76' title='bbox 1177 671 1236 700; x_wconf 88' lang='lat' dir='ltr'>per</span> 
     </span>
     <span class='ocr_line' id='line_1_10' title="bbox 227 708 1234 751; baseline 0.007 -13"><span class='ocrx_word' id='word_1_77' title='bbox 227 720 240 734; x_wconf 78' lang='lat' dir='ltr'><strong><em>n</em></strong></span> <span class='ocrx_word' id='word_1_78' title='bbox 265 708 507 749; x_wconf 84' lang='lat' dir='ltr'>qualecumque</span> <span class='ocrx_word' id='word_1_79' title='bbox 538 711 712 749; x_wconf 72' lang='lat' dir='ltr'>ingenium</span> <span class='ocrx_word' id='word_1_80' title='bbox 743 712 951 751; x_wconf 83' lang='lat' dir='ltr'>disrumpere</span> <span class='ocrx_word' id='word_1_81' title='bbox 985 714 1035 744; x_wconf 90' lang='lat' dir='ltr'>vel</span> <span class='ocrx_word' id='word_1_82' title='bbox 1064 723 1234 746; x_wconf 88' lang='lat' dir='ltr'>removere</span> 
     </span>
     <span class='ocr_line' id='line_1_11' title="bbox 227 760 1234 804; baseline 0.012 -17"><span class='ocrx_word' id='word_1_83' title='bbox 227 773 240 787; x_wconf 87' lang='lat'>»</span> <span class='ocrx_word' id='word_1_84' title='bbox 265 762 521 800; x_wconf 81' lang='lat' dir='ltr'>quesiverimus,</span> <span class='ocrx_word' id='word_1_85' title='bbox 553 763 643 794; x_wconf 90' lang='lat' dir='ltr'>mille</span> <span class='ocrx_word' id='word_1_86' title='bbox 672 764 863 803; x_wconf 78' lang='lat' dir='ltr'>imperiales</span> <span class='ocrx_word' id='word_1_87' title='bbox 893 760 1085 804; x_wconf 81' lang='lat' dir='ltr'>augustales</span> <span class='ocrx_word' id='word_1_88' title='bbox 1116 777 1234 799; x_wconf 86' lang='lat' dir='ltr'>aureos</span> 
     </span>
     <span class='ocr_line' id='line_1_12' title="bbox 227 814 1235 861; baseline 0.01 -19"><span class='ocrx_word' id='word_1_89' title='bbox 227 826 240 840; x_wconf 78' lang='lat' dir='ltr'>n</span> <span class='ocrx_word' id='word_1_90' title='bbox 264 814 368 844; x_wconf 91' lang='lat' dir='ltr'>bonos</span> <span class='ocrx_word' id='word_1_91' title='bbox 380 824 464 853; x_wconf 89' lang='lat' dir='ltr'>pene</span> <span class='ocrx_word' id='word_1_92' title='bbox 479 824 531 846; x_wconf 89' lang='lat' dir='ltr'>me</span> <span class='ocrx_word' id='word_1_93' title='bbox 543 821 574 846; x_wconf 90' lang='lat' dir='ltr'>et</span> <span class='ocrx_word' id='word_1_94' title='bbox 589 825 680 847; x_wconf 89' lang='lat' dir='ltr'>meos</span> <span class='ocrx_word' id='word_1_95' title='bbox 693 817 832 848; x_wconf 88' lang='lat' dir='ltr'>heredes</span> <span class='ocrx_word' id='word_1_96' title='bbox 849 819 896 849; x_wconf 90' lang='lat' dir='ltr'>eis</span> <span class='ocrx_word' id='word_1_97' title='bbox 913 829 1109 859; x_wconf 86' lang='lat' dir='ltr'>componere</span> <span class='ocrx_word' id='word_1_98' title='bbox 1125 822 1235 861; x_wconf 81' lang='lat' dir='ltr'>obligo</span> 
     </span>
     <span class='ocr_line' id='line_1_13' title="bbox 226 868 1235 910; baseline 0.01 -14"><span class='ocrx_word' id='word_1_99' title='bbox 226 878 240 892; x_wconf 75' lang='lat' dir='ltr'>r»</span> <span class='ocrx_word' id='word_1_100' title='bbox 265 871 296 897; x_wconf 88' lang='lat' dir='ltr'>et</span> <span class='ocrx_word' id='word_1_101' title='bbox 311 868 423 898; x_wconf 88' lang='lat' dir='ltr'>omnia</span> <span class='ocrx_word' id='word_1_102' title='bbox 434 869 658 907; x_wconf 81' lang='lat' dir='ltr'>suprascripta</span> <span class='ocrx_word' id='word_1_103' title='bbox 669 871 718 900; x_wconf 89' lang='lat' dir='ltr'>eis</span> <span class='ocrx_word' id='word_1_104' title='bbox 733 872 1017 910; x_wconf 84' lang='lat' dir='ltr'>pereompleamus</span> <span class='ocrx_word' id='word_1_105' title='bbox 1031 874 1133 905; x_wconf 88' lang='lat' dir='ltr'>ethec</span> <span class='ocrx_word' id='word_1_106' title='bbox 1144 880 1235 905; x_wconf 85' lang='lat' dir='ltr'>carta</span> 
     </span>
     <span class='ocr_line' id='line_1_14' title="bbox 226 920 1234 966; baseline 0.01 -18"><span class='ocrx_word' id='word_1_107' title='bbox 226 931 239 945; x_wconf 88' lang='lat'>»</span> <span class='ocrx_word' id='word_1_108' title='bbox 264 920 304 951; x_wconf 86' lang='lat' dir='ltr'>de</span> <span class='ocrx_word' id='word_1_109' title='bbox 326 920 448 959; x_wconf 88' lang='lat' dir='ltr'>quibus</span> <span class='ocrx_word' id='word_1_110' title='bbox 473 922 619 952; x_wconf 87' lang='lat' dir='ltr'>continet</span> <span class='ocrx_word' id='word_1_111' title='bbox 644 923 738 953; x_wconf 89' lang='lat' dir='ltr'>firma</span> <span class='ocrx_word' id='word_1_112' title='bbox 760 930 952 962; x_wconf 85' lang='lat' dir='ltr'>permaneat</span> <span class='ocrx_word' id='word_1_113' title='bbox 973 935 1113 966; x_wconf 87' lang='lat' dir='ltr'>semper.</span> <span class='ocrx_word' id='word_1_114' title='bbox 1134 928 1173 957; x_wconf 89' lang='lat' dir='ltr'>Et</span> <span class='ocrx_word' id='word_1_115' title='bbox 1194 928 1234 959; x_wconf 89' lang='lat' dir='ltr'>de</span> 
     </span>
     <span class='ocr_line' id='line_1_15' title="bbox 227 972 1230 1017; baseline 0.012 -18"><span class='ocrx_word' id='word_1_116' title='bbox 227 985 239 999; x_wconf 86' lang='lat'>»</span> <span class='ocrx_word' id='word_1_117' title='bbox 263 972 331 1004; x_wconf 86' lang='lat' dir='ltr'>hiis</span> <span class='ocrx_word' id='word_1_118' title='bbox 351 974 506 1004; x_wconf 90' lang='lat' dir='ltr'>omnibus</span> <span class='ocrx_word' id='word_1_119' title='bbox 525 975 728 1013; x_wconf 86' lang='lat' dir='ltr'>complendis</span> <span class='ocrx_word' id='word_1_120' title='bbox 750 985 767 1006; x_wconf 88' lang='lat' dir='ltr'>a</span> <span class='ocrx_word' id='word_1_121' title='bbox 784 986 835 1007; x_wconf 88' lang='lat' dir='ltr'>me</span> <span class='ocrx_word' id='word_1_122' title='bbox 857 981 888 1007; x_wconf 91' lang='lat' dir='ltr'>et</span> <span class='ocrx_word' id='word_1_123' title='bbox 904 987 922 1008; x_wconf 85' lang='lat' dir='ltr'>a</span> <span class='ocrx_word' id='word_1_124' title='bbox 939 979 1023 1009; x_wconf 89' lang='lat' dir='ltr'>meis</span> <span class='ocrx_word' id='word_1_125' title='bbox 1039 979 1230 1017; x_wconf 79' lang='lat' dir='ltr'>heredibus,</span> 
     </span>
     <span class='ocr_line' id='line_1_16' title="bbox 226 1025 1234 1068; baseline 0.013 -16"><span class='ocrx_word' id='word_1_126' title='bbox 226 1037 239 1052; x_wconf 89' lang='lat'>»</span> <span class='ocrx_word' id='word_1_127' title='bbox 264 1025 313 1056; x_wconf 90' lang='lat' dir='ltr'>cis</span> <span class='ocrx_word' id='word_1_128' title='bbox 329 1030 364 1056; x_wconf 87' lang='lat' dir='ltr'>ut</span> <span class='ocrx_word' id='word_1_129' title='bbox 380 1026 572 1065; x_wconf 67' lang='lat' dir='ltr'>perlegitur,</span> <span class='ocrx_word' id='word_1_130' title='bbox 591 1028 677 1058; x_wconf 81' lang='lat' dir='ltr'>sicut</span> <span class='ocrx_word' id='word_1_131' title='bbox 692 1029 780 1059; x_wconf 88' lang='lat' dir='ltr'>inter</span> <span class='ocrx_word' id='word_1_132' title='bbox 795 1039 854 1059; x_wconf 92' lang='lat' dir='ltr'>nos</span> <span class='ocrx_word' id='word_1_133' title='bbox 871 1032 1040 1068; x_wconf 87' lang='lat' dir='ltr'>convenit,</span> <span class='ocrx_word' id='word_1_134' title='bbox 1058 1033 1144 1064; x_wconf 88' lang='lat' dir='ltr'>bona</span> <span class='ocrx_word' id='word_1_135' title='bbox 1159 1044 1234 1065; x_wconf 85' lang='lat' dir='ltr'>mea</span> 
     </span>
     <span class='ocr_line' id='line_1_17' title="bbox 226 1078 1232 1123; baseline 0.011 -17"><span class='ocrx_word' id='word_1_136' title='bbox 226 1089 239 1104; x_wconf 89' lang='lat'>»</span> <span class='ocrx_word' id='word_1_137' title='bbox 263 1078 433 1109; x_wconf 88' lang='lat' dir='ltr'>voluntate</span> <span class='ocrx_word' id='word_1_138' title='bbox 449 1079 483 1108; x_wconf 90' lang='lat' dir='ltr'>in</span> <span class='ocrx_word' id='word_1_139' title='bbox 499 1081 667 1118; x_wconf 84' lang='lat' dir='ltr'>presentia</span> <span class='ocrx_word' id='word_1_140' title='bbox 683 1081 1091 1123; x_wconf 81' lang='lat' dir='ltr'>subscriptorumJ‘udicis,</span> <span class='ocrx_word' id='word_1_141' title='bbox 1110 1087 1232 1117; x_wconf 88' lang='lat' dir='ltr'>notarii</span> 
     </span>
     <span class='ocr_line' id='line_1_18' title="bbox 226 1132 1231 1177; baseline 0.013 -20"><span class='ocrx_word' id='word_1_142' title='bbox 226 1142 239 1157; x_wconf 85' lang='lat'>»</span> <span class='ocrx_word' id='word_1_143' title='bbox 265 1135 296 1160; x_wconf 86' lang='lat' dir='ltr'>et</span> <span class='ocrx_word' id='word_1_144' title='bbox 323 1132 457 1162; x_wconf 83' lang='lat' dir='ltr'>testium</span> <span class='ocrx_word' id='word_1_145' title='bbox 479 1133 651 1170; x_wconf 79' lang='lat' dir='ltr'>guardiam</span> <span class='ocrx_word' id='word_1_146' title='bbox 677 1135 738 1164; x_wconf 88' lang='lat' dir='ltr'>tibi</span> <span class='ocrx_word' id='word_1_147' title='bbox 759 1145 818 1173; x_wconf 90' lang='lat' dir='ltr'>pro</span> <span class='ocrx_word' id='word_1_148' title='bbox 838 1140 930 1174; x_wconf 86' lang='lat' dir='ltr'>parte</span> <span class='ocrx_word' id='word_1_149' title='bbox 946 1137 1026 1167; x_wconf 87' lang='lat' dir='ltr'>dicti</span> <span class='ocrx_word' id='word_1_150' title='bbox 1047 1139 1231 1177; x_wconf 74' lang='lat' dir='ltr'>Hospitalis</span> 
     </span>
     <span class='ocr_line' id='line_1_19' title="bbox 226 1184 1232 1229; baseline 0.011 -17"><span class='ocrx_word' id='word_1_151' title='bbox 226 1196 239 1210; x_wconf 91' lang='lat'>»</span> <span class='ocrx_word' id='word_1_152' title='bbox 264 1184 339 1213; x_wconf 89' lang='lat' dir='ltr'>dedi</span> <span class='ocrx_word' id='word_1_153' title='bbox 362 1188 393 1214; x_wconf 91' lang='lat' dir='ltr'>et</span> <span class='ocrx_word' id='word_1_154' title='bbox 416 1185 646 1224; x_wconf 84' lang='lat' dir='ltr'>fidejussorem</span> <span class='ocrx_word' id='word_1_155' title='bbox 670 1187 731 1217; x_wconf 88' lang='lat' dir='ltr'>tibi</span> <span class='ocrx_word' id='word_1_156' title='bbox 756 1198 814 1226; x_wconf 91' lang='lat' dir='ltr'>pro</span> <span class='ocrx_word' id='word_1_157' title='bbox 841 1189 912 1228; x_wconf 85' lang='lat' dir='ltr'>ejus</span> <span class='ocrx_word' id='word_1_158' title='bbox 939 1195 1031 1228; x_wconf 84' lang='lat' dir='ltr'>parte</span> <span class='ocrx_word' id='word_1_159' title='bbox 1059 1192 1155 1229; x_wconf 89' lang='lat' dir='ltr'>posui</span> <span class='ocrx_word' id='word_1_160' title='bbox 1180 1202 1232 1223; x_wconf 90' lang='lat' dir='ltr'>me</span> 
     </span>
     <span class='ocr_line' id='line_1_20' title="bbox 225 1236 1233 1277; baseline 0.011 -12"><span class='ocrx_word' id='word_1_161' title='bbox 225 1248 238 1262; x_wconf 85' lang='lat'>»</span> <span class='ocrx_word' id='word_1_162' title='bbox 263 1236 373 1275; x_wconf 87' lang='lat' dir='ltr'>ipsum</span> <span class='ocrx_word' id='word_1_163' title='bbox 394 1247 453 1275; x_wconf 88' lang='lat' dir='ltr'>per</span> <span class='ocrx_word' id='word_1_164' title='bbox 475 1240 753 1270; x_wconf 82' lang='lat' dir='ltr'>convenientiam.</span> <span class='ocrx_word' id='word_1_165' title='bbox 770 1242 911 1277; x_wconf 83' lang='lat' dir='ltr'>Verum,</span> <span class='ocrx_word' id='word_1_166' title='bbox 933 1243 962 1273; x_wconf 90' lang='lat' dir='ltr'>si</span> <span class='ocrx_word' id='word_1_167' title='bbox 979 1252 1114 1275; x_wconf 86' lang='lat' dir='ltr'>necesse</span> <span class='ocrx_word' id='word_1_168' title='bbox 1130 1245 1233 1275; x_wconf 80' lang='lat' dir='ltr'>fuerit</span> 
     </span>
     <span class='ocr_line' id='line_1_21' title="bbox 225 1290 1231 1336; baseline 0.014 -21"><span class='ocrx_word' id='word_1_169' title='bbox 225 1301 238 1315; x_wconf 86' lang='lat'>»</span> <span class='ocrx_word' id='word_1_170' title='bbox 263 1290 303 1319; x_wconf 86' lang='lat' dir='ltr'>ad</span> <span class='ocrx_word' id='word_1_171' title='bbox 320 1290 579 1328; x_wconf 77' lang='lat' dir='ltr'>pignorandum,</span> <span class='ocrx_word' id='word_1_172' title='bbox 598 1292 707 1330; x_wconf 80' lang='lat' dir='ltr'>obligo</span> <span class='ocrx_word' id='word_1_173' title='bbox 728 1302 779 1324; x_wconf 88' lang='grc'>166</span> <span class='ocrx_word' id='word_1_174' title='bbox 801 1298 832 1324; x_wconf 84' lang='grc'>61</span> <span class='ocrx_word' id='word_1_175' title='bbox 850 1304 940 1325; x_wconf 89' lang='lat' dir='ltr'>meos</span> <span class='ocrx_word' id='word_1_176' title='bbox 956 1295 1096 1327; x_wconf 88' lang='lat' dir='ltr'>heredes</span> <span class='ocrx_word' id='word_1_177' title='bbox 1115 1307 1231 1336; x_wconf 88' lang='lat' dir='ltr'>supra-</span> 
     </span>
     <span class='ocr_line' id='line_1_22' title="bbox 224 1343 1231 1389; baseline 0.011 -19"><span class='ocrx_word' id='word_1_178' title='bbox 224 1354 236 1368; x_wconf 87' lang='lat'>»</span> <span class='ocrx_word' id='word_1_179' title='bbox 263 1343 384 1381; x_wconf 90' lang='lat' dir='ltr'>scripto</span> <span class='ocrx_word' id='word_1_180' title='bbox 404 1344 570 1382; x_wconf 85' lang='lat' dir='ltr'>Hospitali</span> <span class='ocrx_word' id='word_1_181' title='bbox 587 1349 618 1374; x_wconf 87' lang='lat' dir='ltr'>et</span> <span class='ocrx_word' id='word_1_182' title='bbox 635 1346 705 1384; x_wconf 85' lang='lat' dir='ltr'>ejus</span> <span class='ocrx_word' id='word_1_183' title='bbox 721 1347 905 1384; x_wconf 84' lang='lat' dir='ltr'>prioribus,</span> <span class='ocrx_word' id='word_1_184' title='bbox 923 1349 1116 1380; x_wconf 81' lang='lat' dir='ltr'>custodibus</span> <span class='ocrx_word' id='word_1_185' title='bbox 1131 1355 1231 1389; x_wconf 87' lang='lat' dir='ltr'>atque</span> 
     </span>
     <span class='ocr_line' id='line_1_23' title="bbox 224 1396 1232 1442; baseline 0.011 -19"><span class='ocrx_word' id='word_1_186' title='bbox 224 1406 237 1421; x_wconf 74' lang='lat' dir='ltr'>n</span> <span class='ocrx_word' id='word_1_187' title='bbox 260 1396 445 1426; x_wconf 84' lang='lat' dir='ltr'>rectoribus</span> <span class='ocrx_word' id='word_1_188' title='bbox 458 1396 510 1426; x_wconf 88' lang='lat' dir='ltr'>vel</span> <span class='ocrx_word' id='word_1_189' title='bbox 526 1398 579 1426; x_wconf 92' lang='lat' dir='ltr'>cui</span> <span class='ocrx_word' id='word_1_190' title='bbox 594 1397 655 1428; x_wconf 90' lang='grc'>1166</span> <span class='ocrx_word' id='word_1_191' title='bbox 672 1403 761 1429; x_wconf 84' lang='lat' dir='ltr'>carta</span> <span class='ocrx_word' id='word_1_192' title='bbox 777 1409 834 1437; x_wconf 86' lang='lat' dir='ltr'>pro</span> <span class='ocrx_word' id='word_1_193' title='bbox 851 1405 942 1438; x_wconf 88' lang='lat' dir='ltr'>parte</span> <span class='ocrx_word' id='word_1_194' title='bbox 961 1401 1039 1432; x_wconf 85' lang='lat' dir='ltr'>dicti</span> <span class='ocrx_word' id='word_1_195' title='bbox 1055 1402 1232 1442; x_wconf 85' lang='lat' dir='ltr'>hospitalis</span> 
     </span>
     <span class='ocr_line' id='line_1_24' title="bbox 224 1448 1230 1488; baseline 0.011 -12"><span class='ocrx_word' id='word_1_196' title='bbox 224 1460 236 1473; x_wconf 64' lang='grc' dir='ltr'>η</span> <span class='ocrx_word' id='word_1_197' title='bbox 262 1448 296 1477; x_wconf 91' lang='grc'>16</span> <span class='ocrx_word' id='word_1_198' title='bbox 313 1457 415 1478; x_wconf 88' lang='lat' dir='ltr'>manu</span> <span class='ocrx_word' id='word_1_199' title='bbox 435 1450 598 1487; x_wconf 84' lang='lat' dir='ltr'>paruerit,</span> <span class='ocrx_word' id='word_1_200' title='bbox 619 1451 746 1482; x_wconf 88' lang='lat' dir='ltr'>scilicet</span> <span class='ocrx_word' id='word_1_201' title='bbox 762 1452 801 1482; x_wconf 86' lang='lat' dir='ltr'>de</span> <span class='ocrx_word' id='word_1_202' title='bbox 816 1453 916 1484; x_wconf 90' lang='grc'>1611115</span> <span class='ocrx_word' id='word_1_203' title='bbox 936 1455 1060 1485; x_wconf 88' lang='lat' dir='ltr'>nostris</span> <span class='ocrx_word' id='word_1_204' title='bbox 1075 1455 1178 1487; x_wconf 87' lang='lat' dir='ltr'>licitis</span> <span class='ocrx_word' id='word_1_205' title='bbox 1199 1462 1230 1488; x_wconf 89' lang='lat' dir='ltr'>et</span> 
     </span>
     <span class='ocr_line' id='line_1_25' title="bbox 224 1500 1226 1548; baseline 0.011 -19"><span class='ocrx_word' id='word_1_206' title='bbox 224 1512 237 1526; x_wconf 82' lang='lat'>»</span> <span class='ocrx_word' id='word_1_207' title='bbox 261 1500 391 1531; x_wconf 81' lang='lat' dir='ltr'>illicitis</span> <span class='ocrx_word' id='word_1_208' title='bbox 413 1511 519 1541; x_wconf 87' lang='lat' dir='ltr'>usque</span> <span class='ocrx_word' id='word_1_209' title='bbox 545 1503 585 1532; x_wconf 90' lang='lat' dir='ltr'>ad</span> <span class='ocrx_word' id='word_1_210' title='bbox 608 1503 726 1541; x_wconf 82' lang='lat' dir='ltr'>legem.</span> <span class='ocrx_word' id='word_1_211' title='bbox 756 1505 794 1534; x_wconf 86' lang='lat' dir='ltr'>Et</span> <span class='ocrx_word' id='word_1_212' title='bbox 818 1505 930 1536; x_wconf 84' lang='lat' dir='ltr'>taliter</span> <span class='ocrx_word' id='word_1_213' title='bbox 955 1516 1015 1545; x_wconf 83' lang='lat' dir='ltr'>ego</span> <span class='ocrx_word' id='word_1_214' title='bbox 1038 1509 1095 1547; x_wconf 89' lang='lat' dir='ltr'>qui</span> <span class='ocrx_word' id='word_1_215' title='bbox 1116 1519 1226 1548; x_wconf 87' lang='lat' dir='ltr'>supra,</span> 
     </span>
     <span class='ocr_line' id='line_1_26' title="bbox 223 1554 1231 1596; baseline 0.012 -14"><span class='ocrx_word' id='word_1_216' title='bbox 223 1565 236 1579; x_wconf 85' lang='lat'>»</span> <span class='ocrx_word' id='word_1_217' title='bbox 262 1554 463 1592; x_wconf 72' lang='lat' dir='ltr'>Mai-[t]inus,</span> <span class='ocrx_word' id='word_1_218' title='bbox 486 1555 629 1594; x_wconf 79' lang='lat' dir='ltr'>qualiter</span> <span class='ocrx_word' id='word_1_219' title='bbox 653 1557 737 1586; x_wconf 90' lang='lat' dir='ltr'>mihi</span> <span class='ocrx_word' id='word_1_220' title='bbox 762 1567 943 1595; x_wconf 71' lang='lat' dir='ltr'>congruum</span> <span class='ocrx_word' id='word_1_221' title='bbox 961 1561 1034 1596; x_wconf 85' lang='grc'>11111,</span> <span class='ocrx_word' id='word_1_222' title='bbox 1054 1562 1140 1593; x_wconf 87' lang='lat' dir='ltr'>bona</span> <span class='ocrx_word' id='word_1_223' title='bbox 1156 1572 1231 1594; x_wconf 86' lang='lat' dir='ltr'>mea</span> 
     </span>
     <span class='ocr_line' id='line_1_27' title="bbox 225 1607 1230 1650; baseline 0.012 -15"><span class='ocrx_word' id='word_1_224' title='bbox 225 1619 236 1632; x_wconf 70' lang='lat' dir='ltr'>n</span> <span class='ocrx_word' id='word_1_225' title='bbox 262 1607 430 1638; x_wconf 83' lang='lat' dir='ltr'>voluntate</span> <span class='ocrx_word' id='word_1_226' title='bbox 455 1608 514 1638; x_wconf 90' lang='lat' dir='ltr'>hec</span> <span class='ocrx_word' id='word_1_227' title='bbox 538 1609 649 1639; x_wconf 84' lang='lat' dir='ltr'>omnia</span> <span class='ocrx_word' id='word_1_228' title='bbox 668 1611 892 1650; x_wconf 87' lang='lat' dir='ltr'>suprascripta</span> <span class='ocrx_word' id='word_1_229' title='bbox 909 1614 973 1643; x_wconf 76' lang='lat' dir='ltr'>seei</span> <span class='ocrx_word' id='word_1_230' title='bbox 995 1618 1025 1644; x_wconf 89' lang='lat' dir='ltr'>et</span> <span class='ocrx_word' id='word_1_231' title='bbox 1047 1619 1076 1645; x_wconf 90' lang='lat' dir='ltr'>te</span> <span class='ocrx_word' id='word_1_232' title='bbox 1094 1617 1230 1646; x_wconf 88' lang='lat' dir='ltr'>Petrum</span> 
     </span>
     <span class='ocr_line' id='line_1_28' title="bbox 225 1661 1229 1708; baseline 0.012 -20"><span class='ocrx_word' id='word_1_233' title='bbox 225 1672 237 1686; x_wconf 64' lang='grc' dir='ltr'><strong>η</strong></span> <span class='ocrx_word' id='word_1_234' title='bbox 263 1661 430 1690; x_wconf 85' lang='lat' dir='ltr'>notarium</span> <span class='ocrx_word' id='word_1_235' title='bbox 456 1662 514 1700; x_wconf 89' lang='lat' dir='ltr'>qui</span> <span class='ocrx_word' id='word_1_236' title='bbox 538 1663 722 1693; x_wconf 79' lang='lat' dir='ltr'>interfuisti</span> <span class='ocrx_word' id='word_1_237' title='bbox 750 1664 895 1695; x_wconf 84' lang='lat' dir='ltr'>seribere</span> <span class='ocrx_word' id='word_1_238' title='bbox 923 1667 1047 1703; x_wconf 73' lang='lat' dir='ltr'>rogavi.</span> <span class='ocrx_word' id='word_1_239' title='bbox 1077 1669 1144 1706; x_wconf 77' lang='lat' dir='ltr'>Ego</span> <span class='ocrx_word' id='word_1_240' title='bbox 1172 1670 1229 1708; x_wconf 86' lang='lat' dir='ltr'>qui</span> 
     </span>
     <span class='ocr_line' id='line_1_29' title="bbox 225 1714 1228 1754; baseline 0.01 -12"><span class='ocrx_word' id='word_1_241' title='bbox 225 1724 236 1738; x_wconf 64' lang='grc' dir='ltr'>υ</span> <span class='ocrx_word' id='word_1_242' title='bbox 262 1722 372 1752; x_wconf 83' lang='lat' dir='ltr'>supra,</span> <span class='ocrx_word' id='word_1_243' title='bbox 386 1714 568 1750; x_wconf 74' lang='grc' dir='ltr'>ι1611661165,</span> <span class='ocrx_word' id='word_1_244' title='bbox 582 1715 691 1754; x_wconf 80' lang='lat' dir='ltr'>judex.</span> <span class='ocrx_word' id='word_1_245' title='bbox 709 1717 776 1754; x_wconf 78' lang='lat' dir='ltr'>Ego</span> <span class='ocrx_word' id='word_1_246' title='bbox 788 1718 987 1749; x_wconf 80' lang='lat' dir='ltr'>Guillelnius</span> <span class='ocrx_word' id='word_1_247' title='bbox 1000 1722 1153 1752; x_wconf 76' lang='lat' dir='ltr'>sacerdos</span> <span class='ocrx_word' id='word_1_248' title='bbox 1168 1726 1228 1752; x_wconf 88' lang='lat' dir='ltr'>tes-</span> 
     </span>
     <span class='ocr_line' id='line_1_30' title="bbox 224 1766 1228 1808; baseline 0.011 -13"><span class='ocrx_word' id='word_1_249' title='bbox 224 1778 236 1792; x_wconf 79' lang='grc'>»</span> <span class='ocrx_word' id='word_1_250' title='bbox 263 1770 311 1796; x_wconf 86' lang='grc'>165</span> <span class='ocrx_word' id='word_1_251' title='bbox 339 1766 401 1806; x_wconf 77' lang='lat' dir='ltr'>(sic)</span> <span class='ocrx_word' id='word_1_252' title='bbox 427 1767 578 1797; x_wconf 81' lang='lat' dir='ltr'>interfui.</span> <span class='ocrx_word' id='word_1_253' title='bbox 607 1769 674 1805; x_wconf 78' lang='lat' dir='ltr'>Ego</span> <span class='ocrx_word' id='word_1_254' title='bbox 699 1769 873 1808; x_wconf 69' lang='lat' dir='ltr'>presbyter</span> <span class='ocrx_word' id='word_1_255' title='bbox 899 1772 1016 1802; x_wconf 82' lang='lat' dir='ltr'>Petrus</span> <span class='ocrx_word' id='word_1_256' title='bbox 1042 1774 1079 1804; x_wconf 88' lang='lat' dir='ltr'>de</span> <span class='ocrx_word' id='word_1_257' title='bbox 1108 1775 1228 1806; x_wconf 81' lang='lat' dir='ltr'>Sancta</span> 
     </span>
     <span class='ocr_line' id='line_1_31' title="bbox 224 1819 1228 1864; baseline 0.01 -16"><span class='ocrx_word' id='word_1_258' title='bbox 224 1831 236 1844; x_wconf 84' lang='lat'>»</span> <span class='ocrx_word' id='word_1_259' title='bbox 262 1819 364 1849; x_wconf 82' lang='lat' dir='ltr'>Lucia</span> <span class='ocrx_word' id='word_1_260' title='bbox 380 1819 518 1850; x_wconf 75' lang='lat' dir='ltr'>interfui</span> <span class='ocrx_word' id='word_1_261' title='bbox 538 1825 567 1850; x_wconf 80' lang='lat' dir='ltr'>et</span> <span class='ocrx_word' id='word_1_262' title='bbox 587 1821 681 1851; x_wconf 79' lang='lat' dir='ltr'>testis</span> <span class='ocrx_word' id='word_1_263' title='bbox 698 1831 782 1852; x_wconf 89' lang='lat' dir='ltr'>sum.</span> <span class='ocrx_word' id='word_1_264' title='bbox 801 1823 867 1860; x_wconf 72' lang='lat' dir='ltr'>Ego</span> <span class='ocrx_word' id='word_1_265' title='bbox 883 1824 1058 1864; x_wconf 68' lang='lat' dir='ltr'>presbyter</span> <span class='ocrx_word' id='word_1_266' title='bbox 1074 1827 1228 1858; x_wconf 62' lang='grc'>011561111-</span> 
     </span>
     <span class='ocr_line' id='line_1_32' title="bbox 223 1872 1225 1917; baseline 0.014 -20"><span class='ocrx_word' id='word_1_267' title='bbox 223 1884 235 1897; x_wconf 81' lang='lat'>»</span> <span class='ocrx_word' id='word_1_268' title='bbox 261 1880 324 1902; x_wconf 87' lang='lat' dir='ltr'>nus</span> <span class='ocrx_word' id='word_1_269' title='bbox 343 1872 482 1902; x_wconf 82' lang='lat' dir='ltr'>interfui</span> <span class='ocrx_word' id='word_1_270' title='bbox 503 1877 533 1902; x_wconf 84' lang='lat' dir='ltr'>et</span> <span class='ocrx_word' id='word_1_271' title='bbox 552 1874 644 1904; x_wconf 84' lang='lat' dir='ltr'>testis</span> <span class='ocrx_word' id='word_1_272' title='bbox 661 1883 743 1904; x_wconf 89' lang='lat' dir='ltr'>sum.</span> <span class='ocrx_word' id='word_1_273' title='bbox 764 1875 831 1913; x_wconf 78' lang='lat' dir='ltr'>Ego</span> <span class='ocrx_word' id='word_1_274' title='bbox 849 1876 1008 1908; x_wconf 88' lang='lat' dir='ltr'>Nicolaus</span> <span class='ocrx_word' id='word_1_275' title='bbox 1026 1879 1225 1917; x_wconf 86' lang='lat' dir='ltr'>Affumatus,</span> 
     </span>
     <span class='ocr_line' id='line_1_33' title="bbox 260 1924 1227 1972; baseline 0.011 -19"><span class='ocrx_word' id='word_1_276' title='bbox 260 1924 401 1954; x_wconf 88' lang='lat' dir='ltr'>clericus</span> <span class='ocrx_word' id='word_1_277' title='bbox 414 1926 547 1964; x_wconf 66' lang='lat' dir='ltr'>majoris</span> <span class='ocrx_word' id='word_1_278' title='bbox 559 1926 697 1957; x_wconf 84' lang='lat' dir='ltr'>ecclesie</span> <span class='ocrx_word' id='word_1_279' title='bbox 710 1928 876 1966; x_wconf 83' lang='lat' dir='ltr'>Capuane,</span> <span class='ocrx_word' id='word_1_280' title='bbox 891 1930 985 1960; x_wconf 87' lang='lat' dir='ltr'>testis</span> <span class='ocrx_word' id='word_1_281' title='bbox 997 1931 1148 1962; x_wconf 77' lang='lat' dir='ltr'>interfui.</span> <span class='ocrx_word' id='word_1_282' title='bbox 1160 1934 1227 1972; x_wconf 83' lang='lat' dir='ltr'>Ego</span> 
     </span>
     <span class='ocr_line' id='line_1_34' title="bbox 221 1977 1134 2014; baseline 0.01 -11"><span class='ocrx_word' id='word_1_283' title='bbox 221 1989 233 2003; x_wconf 81' lang='lat'>»</span> <span class='ocrx_word' id='word_1_284' title='bbox 259 1977 417 2008; x_wconf 85' lang='lat' dir='ltr'>Nicolaus</span> <span class='ocrx_word' id='word_1_285' title='bbox 436 1978 474 2008; x_wconf 84' lang='lat' dir='ltr'>de</span> <span class='ocrx_word' id='word_1_286' title='bbox 491 1979 635 2009; x_wconf 85' lang='lat' dir='ltr'>Roberto</span> <span class='ocrx_word' id='word_1_287' title='bbox 652 1980 690 2010; x_wconf 87' lang='lat' dir='ltr'>de</span> <span class='ocrx_word' id='word_1_288' title='bbox 707 1981 822 2011; x_wconf 88' lang='lat' dir='ltr'>Mauro</span> <span class='ocrx_word' id='word_1_289' title='bbox 839 1982 933 2012; x_wconf 83' lang='lat' dir='ltr'>testis</span> <span class='ocrx_word' id='word_1_290' title='bbox 949 1983 1100 2014; x_wconf 82' lang='lat' dir='ltr'>interfui.</span> <span class='ocrx_word' id='word_1_291' title='bbox 1121 1998 1134 2013; x_wconf 85' lang='lat'>»</span> 
     </span>
    </p>

    <p class='ocr_par' dir='ltr' id='par_1_3' title="bbox 219 2030 1225 2125">
     <span class='ocr_line' id='line_1_35' title="bbox 258 2030 1225 2077; baseline 0.011 -18"><span class='ocrx_word' id='word_1_292' title='bbox 258 2030 352 2060; x_wconf 89' lang='lat' dir='ltr'>Nulli</span> <span class='ocrx_word' id='word_1_293' title='bbox 375 2035 436 2060; x_wconf 66' lang='grc'>616,</span> <span class='ocrx_word' id='word_1_294' title='bbox 459 2036 569 2061; x_wconf 80' lang='lat' dir='ltr'>nostre</span> <span class='ocrx_word' id='word_1_295' title='bbox 594 2033 856 2064; x_wconf 84' lang='lat' dir='ltr'>confirmationis</span> <span class='ocrx_word' id='word_1_296' title='bbox 878 2039 938 2065; x_wconf 90' lang='lat' dir='ltr'>etc.</span> <span class='ocrx_word' id='word_1_297' title='bbox 965 2037 1038 2066; x_wconf 90' lang='lat' dir='ltr'>Dat.</span> <span class='ocrx_word' id='word_1_298' title='bbox 1061 2039 1225 2077; x_wconf 84' lang='lat' dir='ltr'>Anagnie,</span> 
     </span>
     <span class='ocr_line' id='line_1_36' title="bbox 219 2083 812 2125; baseline 0.002 -13"><span class='ocrx_word' id='word_1_299' title='bbox 219 2083 251 2112; x_wconf 96' lang='grc' dir='ltr'>ΙΙ</span> <span class='ocrx_word' id='word_1_300' title='bbox 267 2092 372 2113; x_wconf 88' lang='lat' dir='ltr'>nonas</span> <span class='ocrx_word' id='word_1_301' title='bbox 389 2084 542 2120; x_wconf 77' lang='lat' dir='ltr'>octobris,</span> <span class='ocrx_word' id='word_1_302' title='bbox 561 2094 648 2115; x_wconf 88' lang='lat' dir='ltr'>anno</span> <span class='ocrx_word' id='word_1_303' title='bbox 663 2086 782 2125; x_wconf 85' lang='lat' dir='ltr'>primo.</span> <span class='ocrx_word' id='word_1_304' title='bbox 800 2099 812 2113; x_wconf 88' lang='grc'>»</span> 
     </span>
    </p>
   </div>
   <div class='ocr_carea' id='block_1_3' title="bbox 222 1936 228 1949">
    <p class='ocr_par' dir='ltr' id='par_1_4' title="bbox 222 1936 228 1949">
     <span class='ocr_line' id='line_1_37' title="bbox 222 1936 228 1949; baseline 0 0"><span class='ocrx_word' id='word_1_305' title='bbox 222 1936 228 1949; x_wconf 96' lang='grc'>)</span> 
     </span>
    </p>
   </div>
   <div class='ocr_carea' id='block_1_4' title="bbox 287 2280 375 2308">
    <p class='ocr_par' dir='ltr' id='par_1_5' title="bbox 287 2280 375 2308">
     <span class='ocr_line' id='line_1_38' title="bbox 287 2280 375 2308; baseline 0 0"><span class='ocrx_word' id='word_1_306' title='bbox 287 2280 375 2308; x_wconf 82' lang='grc'>910</span> 
     </span>
    </p>
   </div>
   <div class='ocr_carea' id='block_1_5' title="bbox 215 2341 1225 2523">
    <p class='ocr_par' dir='ltr' id='par_1_6' title="bbox 215 2341 1225 2523">
     <span class='ocr_line' id='line_1_39' title="bbox 251 2341 1224 2384; baseline 0.013 -16"><span class='ocrx_word' id='word_1_307' title='bbox 251 2341 412 2368; x_wconf 86' lang='lat' dir='ltr'>Conventui</span> <span class='ocrx_word' id='word_1_308' title='bbox 430 2344 593 2370; x_wconf 84' lang='lat' dir='ltr'>monasterii</span> <span class='ocrx_word' id='word_1_309' title='bbox 615 2344 794 2379; x_wconf 85' lang='lat' dir='ltr'>Lesatensis,</span> <span class='ocrx_word' id='word_1_310' title='bbox 811 2347 969 2376; x_wconf 86' lang='lat' dir='ltr'>Tolosanae</span> <span class='ocrx_word' id='word_1_311' title='bbox 985 2350 1123 2384; x_wconf 85' lang='lat' dir='ltr'>diocesis,</span> <span class='ocrx_word' id='word_1_312' title='bbox 1143 2362 1224 2381; x_wconf 89' lang='lat' dir='ltr'>man—</span> 
     </span>
     <span class='ocr_line' id='line_1_40' title="bbox 215 2390 1225 2431; baseline 0.015 -16"><span class='ocrx_word' id='word_1_313' title='bbox 215 2390 262 2417; x_wconf 83' lang='lat' dir='ltr'>dat</span> <span class='ocrx_word' id='word_1_314' title='bbox 281 2391 417 2425; x_wconf 77' lang='lat' dir='ltr'>quatinus</span> <span class='ocrx_word' id='word_1_315' title='bbox 433 2391 554 2419; x_wconf 72' lang='lat' dir='ltr'>Ger-aldo</span> <span class='ocrx_word' id='word_1_316' title='bbox 571 2393 604 2420; x_wconf 91' lang='lat' dir='ltr'>de</span> <span class='ocrx_word' id='word_1_317' title='bbox 622 2393 696 2420; x_wconf 88' lang='lat' dir='ltr'>Villa</span> <span class='ocrx_word' id='word_1_318' title='bbox 716 2395 797 2421; x_wconf 89' lang='lat' dir='ltr'>Nova</span> <span class='ocrx_word' id='word_1_319' title='bbox 813 2400 956 2431; x_wconf 86' lang='lat' dir='ltr'>tamquam</span> <span class='ocrx_word' id='word_1_320' title='bbox 973 2399 1068 2427; x_wconf 85' lang='lat' dir='ltr'>abbati</span> <span class='ocrx_word' id='word_1_321' title='bbox 1085 2402 1225 2429; x_wconf 87' lang='lat' dir='ltr'>obedien-</span> 
     </span>
     <span class='ocr_line' id='line_1_41' title="bbox 215 2440 1220 2479; baseline 0.015 -15"><span class='ocrx_word' id='word_1_322' title='bbox 215 2440 282 2466; x_wconf 86' lang='lat' dir='ltr'>tiam</span> <span class='ocrx_word' id='word_1_323' title='bbox 299 2440 479 2474; x_wconf 76' lang='lat' dir='ltr'>impendant,</span> <span class='ocrx_word' id='word_1_324' title='bbox 499 2450 553 2467; x_wconf 87' lang='lat' dir='ltr'>non</span> <span class='ocrx_word' id='word_1_325' title='bbox 571 2446 665 2469; x_wconf 85' lang='lat' dir='ltr'>autem</span> <span class='ocrx_word' id='word_1_326' title='bbox 682 2445 826 2478; x_wconf 87' lang='lat' dir='ltr'>quondam</span> <span class='ocrx_word' id='word_1_327' title='bbox 843 2446 937 2473; x_wconf 86' lang='lat' dir='ltr'>abbati</span> <span class='ocrx_word' id='word_1_328' title='bbox 955 2447 1038 2475; x_wconf 83' lang='lat' dir='ltr'>Petro</span> <span class='ocrx_word' id='word_1_329' title='bbox 1061 2449 1096 2476; x_wconf 87' lang='lat' dir='ltr'>de</span> <span class='ocrx_word' id='word_1_330' title='bbox 1112 2450 1220 2479; x_wconf 74' lang='lat' dir='ltr'>Dalbis.</span> 
     </span>
     <span class='ocr_line' id='line_1_42' title="bbox 216 2487 833 2523; baseline 0.008 -9"><span class='ocrx_word' id='word_1_331' title='bbox 216 2488 299 2521; x_wconf 69' lang='lat' dir='ltr'>(nm.</span> <span class='ocrx_word' id='word_1_332' title='bbox 316 2488 366 2523; x_wconf 73' lang='lat'>24,</span> <span class='ocrx_word' id='word_1_333' title='bbox 381 2497 406 2515; x_wconf 82' lang='lat' dir='ltr'>c.</span> <span class='ocrx_word' id='word_1_334' title='bbox 424 2490 489 2523; x_wconf 80' lang='lat'>733,</span> <span class='ocrx_word' id='word_1_335' title='bbox 506 2490 526 2516; x_wconf 81' lang='grc'>1.</span> <span class='ocrx_word' id='word_1_336' title='bbox 546 2491 628 2522; x_wconf 51' lang='lat' dir='ltr'>toea&gt;</span> <span class='ocrx_word' id='word_1_337' title='bbox 831 2487 833 2489; x_wconf 83' lang='lat'>&#39;</span> 
     </span>
    </p>
   </div>
   <div class='ocr_carea' id='block_1_6' title="bbox 722 2283 1153 2319">
    <p class='ocr_par' dir='ltr' id='par_1_7' title="bbox 722 2283 1153 2319">
     <span class='ocr_line' id='line_1_43' title="bbox 722 2283 1153 2319; baseline 0.019 -9"><span class='ocrx_word' id='word_1_338' title='bbox 722 2283 837 2317; x_wconf 78' lang='lat' dir='ltr'>Latran,</span> <span class='ocrx_word' id='word_1_339' title='bbox 855 2286 887 2314; x_wconf 69' lang='lat'>26</span> <span class='ocrx_word' id='word_1_340' title='bbox 904 2289 1059 2315; x_wconf 81' lang='lat' dir='ltr'>novembre</span> <span class='ocrx_word' id='word_1_341' title='bbox 1075 2291 1153 2319; x_wconf 70' lang='lat'><strong>1255.</strong></span> 
     </span>
    </p>
   </div>
   <div class='ocr_carea' id='block_1_7' title="bbox 212 2604 1221 2913">
    <p class='ocr_par' dir='ltr' id='par_1_8' title="bbox 212 2604 1221 2913">
     <span class='ocr_line' id='line_1_44' title="bbox 256 2604 1220 2652; baseline 0.016 -22"><span class='ocrx_word' id='word_1_342' title='bbox 256 2615 269 2630; x_wconf 72' lang='grc' dir='ltr'>α</span> <span class='ocrx_word' id='word_1_343' title='bbox 285 2604 454 2633; x_wconf 75' lang='lat' dir='ltr'>Convertlni</span> <span class='ocrx_word' id='word_1_344' title='bbox 468 2607 648 2634; x_wconf 77' lang='lat' dir='ltr'>monasterii</span> <span class='ocrx_word' id='word_1_345' title='bbox 663 2608 841 2645; x_wconf 74' lang='lat' dir='ltr'>Lesatetzsis,</span> <span class='ocrx_word' id='word_1_346' title='bbox 861 2610 1072 2643; x_wconf 78' lang='lat' dir='ltr'>Clzmiacensis</span> <span class='ocrx_word' id='word_1_347' title='bbox 1089 2615 1220 2652; x_wconf 74' lang='lat' dir='ltr'>ordinis,</span> 
     </span>
     <span class='ocr_line' id='line_1_45' title="bbox 213 2657 1221 2702; baseline 0.014 -18"><span class='ocrx_word' id='word_1_348' title='bbox 213 2657 379 2685; x_wconf 65' lang='lat' dir='ltr'>Tltolosane</span> <span class='ocrx_word' id='word_1_349' title='bbox 395 2657 529 2686; x_wconf 75' lang='lat' dir='ltr'>diocesis.</span> <span class='ocrx_word' id='word_1_350' title='bbox 549 2657 631 2687; x_wconf 89' lang='lat' dir='ltr'>Cum</span> <span class='ocrx_word' id='word_1_351' title='bbox 653 2659 775 2689; x_wconf 91' lang='lat' dir='ltr'>dudum</span> <span class='ocrx_word' id='word_1_352' title='bbox 792 2661 932 2694; x_wconf 87' lang='lat' dir='ltr'>dilectus</span> <span class='ocrx_word' id='word_1_353' title='bbox 949 2664 1039 2696; x_wconf 84' lang='lat' dir='ltr'>filius</span> <span class='ocrx_word' id='word_1_354' title='bbox 1063 2689 1094 2702; x_wconf 91' lang='lat'>..,</span> <span class='ocrx_word' id='word_1_355' title='bbox 1119 2667 1221 2699; x_wconf 83' lang='lat' dir='ltr'>abbas</span> 
     </span>
     <span class='ocr_line' id='line_1_46' title="bbox 214 2709 1221 2751; baseline 0.013 -13"><span class='ocrx_word' id='word_1_356' title='bbox 214 2709 473 2747; x_wconf 66' lang='lat' dir='ltr'>Moysiacensis,</span> <span class='ocrx_word' id='word_1_357' title='bbox 493 2709 725 2741; x_wconf 83' lang='lat' dir='ltr'>Cluniacensis</span> <span class='ocrx_word' id='word_1_358' title='bbox 742 2713 884 2751; x_wconf 84' lang='lat' dir='ltr'>ordinis,</span> <span class='ocrx_word' id='word_1_359' title='bbox 907 2717 960 2746; x_wconf 92' lang='lat' dir='ltr'>cui</span> <span class='ocrx_word' id='word_1_360' title='bbox 981 2721 1221 2750; x_wconf 85' lang='lat' dir='ltr'>monasterium</span> 
     </span>
     <span class='ocr_line' id='line_1_47' title="bbox 213 2762 1221 2804; baseline 0.015 -15"><span class='ocrx_word' id='word_1_361' title='bbox 213 2765 359 2791; x_wconf 75' lang='lat' dir='ltr'>vestrum</span> <span class='ocrx_word' id='word_1_362' title='bbox 385 2762 521 2792; x_wconf 80' lang='lat' dir='ltr'>subesse</span> <span class='ocrx_word' id='word_1_363' title='bbox 546 2762 678 2800; x_wconf 84' lang='lat' dir='ltr'>dicitur,</span> <span class='ocrx_word' id='word_1_364' title='bbox 697 2766 862 2803; x_wconf 85' lang='lat' dir='ltr'>quondam</span> <span class='ocrx_word' id='word_1_365' title='bbox 884 2769 1019 2799; x_wconf 86' lang='lat' dir='ltr'>Petrum</span> <span class='ocrx_word' id='word_1_366' title='bbox 1045 2771 1083 2802; x_wconf 91' lang='lat' dir='ltr'>de</span> <span class='ocrx_word' id='word_1_367' title='bbox 1105 2773 1221 2804; x_wconf 87' lang='lat' dir='ltr'>Dalbis</span> 
     </span>
     <span class='ocr_line' id='line_1_48' title="bbox 212 2813 1219 2863; baseline 0.014 -21"><span class='ocrx_word' id='word_1_368' title='bbox 212 2813 290 2843; x_wconf 83' lang='lat' dir='ltr'>olim</span> <span class='ocrx_word' id='word_1_369' title='bbox 313 2814 466 2844; x_wconf 79' lang='lat' dir='ltr'>abbatem</span> <span class='ocrx_word' id='word_1_370' title='bbox 487 2820 634 2845; x_wconf 75' lang='lat' dir='ltr'>vestrum</span> <span class='ocrx_word' id='word_1_371' title='bbox 655 2826 673 2846; x_wconf 84' lang='lat' dir='ltr'>a</span> <span class='ocrx_word' id='word_1_372' title='bbox 698 2819 860 2856; x_wconf 78' lang='lat' dir='ltr'>regimine</span> <span class='ocrx_word' id='word_1_373' title='bbox 884 2821 990 2859; x_wconf 87' lang='lat' dir='ltr'>ipsius</span> <span class='ocrx_word' id='word_1_374' title='bbox 1013 2827 1219 2863; x_wconf 84' lang='lat' dir='ltr'>monasterii,</span> 
     </span>
     <span class='ocr_line' id='line_1_49' title="bbox 212 2866 1221 2913; baseline 0.013 -17"><span class='ocrx_word' id='word_1_375' title='bbox 212 2867 261 2896; x_wconf 77' lang='lat' dir='ltr'>sui</span> <span class='ocrx_word' id='word_1_376' title='bbox 283 2866 388 2905; x_wconf 82' lang='lat' dir='ltr'>culpis</span> <span class='ocrx_word' id='word_1_377' title='bbox 407 2868 628 2905; x_wconf 70' lang='lat' dir='ltr'>exigentibus,</span> <span class='ocrx_word' id='word_1_378' title='bbox 649 2869 733 2900; x_wconf 88' lang='lat' dir='ltr'>sicut</span> <span class='ocrx_word' id='word_1_379' title='bbox 753 2872 914 2902; x_wconf 81' lang='lat' dir='ltr'>asseritur</span> <span class='ocrx_word' id='word_1_380' title='bbox 929 2884 1100 2913; x_wconf 78' lang='lat' dir='ltr'>amovens,</span> <span class='ocrx_word' id='word_1_381' title='bbox 1119 2878 1221 2909; x_wconf 84' lang='lat' dir='ltr'>dilec-</span> 
     </span>
    </p>
   </div>
   <div class='ocr_carea' id='block_1_8' title="bbox 1310 291 2331 2022">
    <p class='ocr_par' dir='ltr' id='par_1_9' title="bbox 1310 291 2331 2022">
     <span class='ocr_line' id='line_1_50' title="bbox 1319 291 2331 334; baseline 0.008 -14"><span class='ocrx_word' id='word_1_382' title='bbox 1319 295 1388 321; x_wconf 89' lang='lat' dir='ltr'>tum</span> <span class='ocrx_word' id='word_1_383' title='bbox 1407 291 1512 322; x_wconf 84' lang='lat' dir='ltr'>filium</span> <span class='ocrx_word' id='word_1_384' title='bbox 1527 293 1706 324; x_wconf 87' lang='lat' dir='ltr'>Geraldum</span> <span class='ocrx_word' id='word_1_385' title='bbox 1722 295 1761 325; x_wconf 90' lang='lat' dir='ltr'>de</span> <span class='ocrx_word' id='word_1_386' title='bbox 1776 294 1866 326; x_wconf 88' lang='lat' dir='ltr'>Villa</span> <span class='ocrx_word' id='word_1_387' title='bbox 1878 296 1982 332; x_wconf 87' lang='lat' dir='ltr'>Nova,</span> <span class='ocrx_word' id='word_1_388' title='bbox 1995 305 2093 334; x_wconf 86' lang='lat' dir='ltr'>quem</span> <span class='ocrx_word' id='word_1_389' title='bbox 2107 306 2165 327; x_wconf 91' lang='lat' dir='ltr'>vos</span> <span class='ocrx_word' id='word_1_390' title='bbox 2180 297 2215 327; x_wconf 92' lang='lat' dir='ltr'>in</span> <span class='ocrx_word' id='word_1_391' title='bbox 2227 297 2331 328; x_wconf 89' lang='lat' dir='ltr'>abba-</span> 
     </span>
     <span class='ocr_line' id='line_1_51' title="bbox 1318 346 2330 389; baseline 0.008 -17"><span class='ocrx_word' id='word_1_392' title='bbox 1318 347 1383 373; x_wconf 86' lang='lat' dir='ltr'>tem</span> <span class='ocrx_word' id='word_1_393' title='bbox 1400 348 1546 375; x_wconf 90' lang='lat' dir='ltr'>vestrum</span> <span class='ocrx_word' id='word_1_394' title='bbox 1562 346 1768 377; x_wconf 85' lang='lat' dir='ltr'>unanimiter</span> <span class='ocrx_word' id='word_1_395' title='bbox 1783 351 1814 378; x_wconf 89' lang='lat' dir='ltr'>et</span> <span class='ocrx_word' id='word_1_396' title='bbox 1830 348 2036 379; x_wconf 88' lang='lat' dir='ltr'>concorditer</span> <span class='ocrx_word' id='word_1_397' title='bbox 2053 348 2213 388; x_wconf 82' lang='lat' dir='ltr'>elegistis,</span> <span class='ocrx_word' id='word_1_398' title='bbox 2232 355 2330 389; x_wconf 82' lang='lat' dir='ltr'>prout.</span> 
     </span>
     <span class='ocr_line' id='line_1_52' title="bbox 1319 397 2329 442; baseline 0.008 -16"><span class='ocrx_word' id='word_1_399' title='bbox 1319 397 1487 435; x_wconf 83' lang='lat' dir='ltr'>spectabat</span> <span class='ocrx_word' id='word_1_400' title='bbox 1503 398 1543 428; x_wconf 85' lang='lat' dir='ltr'>ad</span> <span class='ocrx_word' id='word_1_401' title='bbox 1561 399 1682 438; x_wconf 84' lang='lat' dir='ltr'>ipsum,</span> <span class='ocrx_word' id='word_1_402' title='bbox 1700 400 1926 432; x_wconf 86' lang='lat' dir='ltr'>substinuisse</span> <span class='ocrx_word' id='word_1_403' title='bbox 1942 401 2069 438; x_wconf 87' lang='lat' dir='ltr'>eidem;</span> <span class='ocrx_word' id='word_1_404' title='bbox 2089 406 2120 432; x_wconf 88' lang='lat' dir='ltr'>et</span> <span class='ocrx_word' id='word_1_405' title='bbox 2135 402 2223 433; x_wconf 87' lang='lat' dir='ltr'>inter</span> <span class='ocrx_word' id='word_1_406' title='bbox 2237 403 2329 442; x_wconf 90' lang='lat' dir='ltr'>ipsos</span> 
     </span>
     <span class='ocr_line' id='line_1_53' title="bbox 1318 449 2328 494; baseline 0.008 -15"><span class='ocrx_word' id='word_1_407' title='bbox 1318 454 1450 488; x_wconf 86' lang='lat' dir='ltr'>propter</span> <span class='ocrx_word' id='word_1_408' title='bbox 1465 449 1526 481; x_wconf 91' lang='grc'>1106</span> <span class='ocrx_word' id='word_1_409' title='bbox 1540 460 1639 490; x_wconf 86' lang='lat' dir='ltr'>super</span> <span class='ocrx_word' id='word_1_410' title='bbox 1650 452 1782 484; x_wconf 81' lang='lat' dir='ltr'>abbatia</span> <span class='ocrx_word' id='word_1_411' title='bbox 1798 453 1877 484; x_wconf 88' lang='lat' dir='ltr'>dicti</span> <span class='ocrx_word' id='word_1_412' title='bbox 1889 454 2085 484; x_wconf 86' lang='lat' dir='ltr'>monasterii</span> <span class='ocrx_word' id='word_1_413' title='bbox 2099 463 2117 484; x_wconf 88' lang='lat' dir='ltr'>a</span> <span class='ocrx_word' id='word_1_414' title='bbox 2130 464 2197 494; x_wconf 88' lang='lat' dir='ltr'>qua</span> <span class='ocrx_word' id='word_1_415' title='bbox 2206 465 2328 487; x_wconf 88' lang='lat' dir='ltr'>memo-</span> 
     </span>
     <span class='ocr_line' id='line_1_54' title="bbox 1318 504 2329 548; baseline 0.007 -16"><span class='ocrx_word' id='word_1_416' title='bbox 1318 508 1411 533; x_wconf 88' lang='lat' dir='ltr'>ratus</span> <span class='ocrx_word' id='word_1_417' title='bbox 1430 504 1466 533; x_wconf 90' lang='lat' dir='ltr'>P.</span> <span class='ocrx_word' id='word_1_418' title='bbox 1487 512 1522 534; x_wconf 89' lang='lat' dir='ltr'>se</span> <span class='ocrx_word' id='word_1_419' title='bbox 1538 504 1668 535; x_wconf 84' lang='lat' dir='ltr'>dicebat</span> <span class='ocrx_word' id='word_1_420' title='bbox 1683 505 1795 536; x_wconf 89' lang='lat' dir='ltr'>minus</span> <span class='ocrx_word' id='word_1_421' title='bbox 1808 506 1898 546; x_wconf 89' lang='lat' dir='ltr'>juste</span> <span class='ocrx_word' id='word_1_422' title='bbox 1913 506 2018 537; x_wconf 87' lang='lat' dir='ltr'>fuisse</span> <span class='ocrx_word' id='word_1_423' title='bbox 2034 511 2180 538; x_wconf 86' lang='lat' dir='ltr'>amotum</span> <span class='ocrx_word' id='word_1_424' title='bbox 2195 509 2329 548; x_wconf 88' lang='lat' dir='ltr'>questio</span> 
     </span>
     <span class='ocr_line' id='line_1_55' title="bbox 1318 557 2325 593; baseline 0.007 -8"><span class='ocrx_word' id='word_1_425' title='bbox 1318 559 1430 586; x_wconf 82' lang='lat' dir='ltr'>exorta</span> <span class='ocrx_word' id='word_1_426' title='bbox 1459 557 1594 592; x_wconf 84' lang='lat' dir='ltr'>fuisset,</span> <span class='ocrx_word' id='word_1_427' title='bbox 1627 566 1687 588; x_wconf 91' lang='lat' dir='ltr'>nos</span> <span class='ocrx_word' id='word_1_428' title='bbox 1714 558 1748 588; x_wconf 93' lang='lat' dir='ltr'>in</span> <span class='ocrx_word' id='word_1_429' title='bbox 1779 558 1938 589; x_wconf 82' lang='lat' dir='ltr'>dilectum</span> <span class='ocrx_word' id='word_1_430' title='bbox 1969 559 2075 589; x_wconf 87' lang='lat' dir='ltr'>filium</span> <span class='ocrx_word' id='word_1_431' title='bbox 2104 565 2256 592; x_wconf 91' lang='lat' dir='ltr'>nostrum</span> <span class='ocrx_word' id='word_1_432' title='bbox 2284 563 2325 593; x_wconf 88' lang='lat' dir='ltr'>R.</span> 
     </span>
     <span class='ocr_line' id='line_1_56' title="bbox 1318 609 2327 652; baseline 0.007 -14"><span class='ocrx_word' id='word_1_433' title='bbox 1318 609 1424 639; x_wconf 86' lang='lat' dir='ltr'>saneti</span> <span class='ocrx_word' id='word_1_434' title='bbox 1441 609 1561 648; x_wconf 83' lang='lat' dir='ltr'>Angeli</span> <span class='ocrx_word' id='word_1_435' title='bbox 1580 610 1755 641; x_wconf 88' lang='lat' dir='ltr'>diaconum</span> <span class='ocrx_word' id='word_1_436' title='bbox 1777 612 1980 643; x_wconf 83' lang='lat' dir='ltr'>cardinalem</span> <span class='ocrx_word' id='word_1_437' title='bbox 2002 613 2153 644; x_wconf 86' lang='lat' dir='ltr'>dedimus</span> <span class='ocrx_word' id='word_1_438' title='bbox 2175 615 2327 652; x_wconf 88' lang='lat' dir='ltr'>partibus</span> 
     </span>
     <span class='ocr_line' id='line_1_57' title="bbox 1317 661 2327 706; baseline 0.007 -15"><span class='ocrx_word' id='word_1_439' title='bbox 1317 661 1512 692; x_wconf 87' lang='lat' dir='ltr'>auditorem.</span> <span class='ocrx_word' id='word_1_440' title='bbox 1531 663 1618 700; x_wconf 84' lang='lat' dir='ltr'>Quia</span> <span class='ocrx_word' id='word_1_441' title='bbox 1633 672 1711 694; x_wconf 89' lang='lat' dir='ltr'>vero</span> <span class='ocrx_word' id='word_1_442' title='bbox 1727 664 1775 694; x_wconf 88' lang='lat' dir='ltr'>eis</span> <span class='ocrx_word' id='word_1_443' title='bbox 1788 669 1921 702; x_wconf 91' lang='lat' dir='ltr'>propter</span> <span class='ocrx_word' id='word_1_444' title='bbox 1933 664 1995 695; x_wconf 86' lang='lat' dir='ltr'>hoe</span> <span class='ocrx_word' id='word_1_445' title='bbox 2007 665 2227 704; x_wconf 85' lang='lat' dir='ltr'>personaliter</span> <span class='ocrx_word' id='word_1_446' title='bbox 2239 667 2327 706; x_wconf 87' lang='lat' dir='ltr'>apud</span> 
     </span>
     <span class='ocr_line' id='line_1_58' title="bbox 1318 714 2329 754; baseline 0.005 -9"><span class='ocrx_word' id='word_1_447' title='bbox 1318 714 1437 745; x_wconf 88' lang='lat' dir='ltr'>Sedem</span> <span class='ocrx_word' id='word_1_448' title='bbox 1463 715 1678 753; x_wconf 86' lang='lat' dir='ltr'>apostolicam</span> <span class='ocrx_word' id='word_1_449' title='bbox 1706 717 1908 748; x_wconf 87' lang='lat' dir='ltr'>constitutus</span> <span class='ocrx_word' id='word_1_450' title='bbox 1939 718 2130 749; x_wconf 90' lang='lat' dir='ltr'>nominatus</span> <span class='ocrx_word' id='word_1_451' title='bbox 2157 719 2212 754; x_wconf 89' lang='lat' dir='ltr'>P.‚</span> <span class='ocrx_word' id='word_1_452' title='bbox 2239 720 2329 750; x_wconf 85' lang='lat' dir='ltr'>sicut</span> 
     </span>
     <span class='ocr_line' id='line_1_59' title="bbox 1317 767 2328 807; baseline 0.006 -10"><span class='ocrx_word' id='word_1_453' title='bbox 1317 767 1459 797; x_wconf 89' lang='lat' dir='ltr'>Domino</span> <span class='ocrx_word' id='word_1_454' title='bbox 1474 767 1615 807; x_wconf 85' lang='lat' dir='ltr'>placuit,</span> <span class='ocrx_word' id='word_1_455' title='bbox 1633 769 1769 799; x_wconf 88' lang='lat' dir='ltr'>interim</span> <span class='ocrx_word' id='word_1_456' title='bbox 1787 770 1875 800; x_wconf 89' lang='lat' dir='ltr'>viam</span> <span class='ocrx_word' id='word_1_457' title='bbox 1897 775 1947 800; x_wconf 89' lang='lat' dir='ltr'>est</span> <span class='ocrx_word' id='word_1_458' title='bbox 1965 771 2122 802; x_wconf 88' lang='lat' dir='ltr'>universe</span> <span class='ocrx_word' id='word_1_459' title='bbox 2143 772 2254 802; x_wconf 86' lang='lat' dir='ltr'>carnis</span> <span class='ocrx_word' id='word_1_460' title='bbox 2272 772 2328 803; x_wconf 91' lang='lat' dir='ltr'>in-</span> 
     </span>
     <span class='ocr_line' id='line_1_60' title="bbox 1317 821 2328 864; baseline 0.006 -15"><span class='ocrx_word' id='word_1_461' title='bbox 1317 829 1463 858; x_wconf 81' lang='lat' dir='ltr'>gressus,</span> <span class='ocrx_word' id='word_1_462' title='bbox 1479 829 1550 856; x_wconf 84' lang='grc'>1105,</span> <span class='ocrx_word' id='word_1_463' title='bbox 1568 821 1753 852; x_wconf 86' lang='lat' dir='ltr'>honestatis</span> <span class='ocrx_word' id='word_1_464' title='bbox 1767 827 1798 853; x_wconf 92' lang='lat' dir='ltr'>et</span> <span class='ocrx_word' id='word_1_465' title='bbox 1809 823 1949 854; x_wconf 88' lang='lat' dir='ltr'>scientie</span> <span class='ocrx_word' id='word_1_466' title='bbox 1960 823 2079 854; x_wconf 87' lang='lat' dir='ltr'>merita</span> <span class='ocrx_word' id='word_1_467' title='bbox 2092 832 2191 862; x_wconf 85' lang='lat' dir='ltr'>super</span> <span class='ocrx_word' id='word_1_468' title='bbox 2203 825 2328 864; x_wconf 85' lang='lat' dir='ltr'>quibus</span> 
     </span>
     <span class='ocr_line' id='line_1_61' title="bbox 1317 873 2327 913; baseline 0.006 -11"><span class='ocrx_word' id='word_1_469' title='bbox 1317 873 1425 903; x_wconf 91' lang='lat' dir='ltr'>eidem</span> <span class='ocrx_word' id='word_1_470' title='bbox 1438 874 1476 904; x_wconf 93' lang='lat' dir='ltr'>G.</span> <span class='ocrx_word' id='word_1_471' title='bbox 1489 873 1656 904; x_wconf 83' lang='lat' dir='ltr'>laudabile</span> <span class='ocrx_word' id='word_1_472' title='bbox 1670 874 1864 913; x_wconf 86' lang='lat' dir='ltr'>perhibetur</span> <span class='ocrx_word' id='word_1_473' title='bbox 1875 876 2104 906; x_wconf 83' lang='lat' dir='ltr'>testimonium</span> <span class='ocrx_word' id='word_1_474' title='bbox 2118 877 2327 908; x_wconf 85' lang='lat' dir='ltr'>attendentes</span> 
     </span>
     <span class='ocr_line' id='line_1_62' title="bbox 1317 925 2328 967; baseline 0.005 -12"><span class='ocrx_word' id='word_1_475' title='bbox 1317 935 1355 956; x_wconf 87' lang='lat' dir='ltr'>ac</span> <span class='ocrx_word' id='word_1_476' title='bbox 1377 925 1525 956; x_wconf 79' lang='lat' dir='ltr'>volentes</span> <span class='ocrx_word' id='word_1_477' title='bbox 1543 931 1651 957; x_wconf 86' lang='lat' dir='ltr'>vestre</span> <span class='ocrx_word' id='word_1_478' title='bbox 1675 927 1848 966; x_wconf 89' lang='lat' dir='ltr'>providere</span> <span class='ocrx_word' id='word_1_479' title='bbox 1872 928 1977 967; x_wconf 84' lang='lat' dir='ltr'>quieti</span> <span class='ocrx_word' id='word_1_480' title='bbox 1998 932 2030 958; x_wconf 84' lang='lat' dir='ltr'>et</span> <span class='ocrx_word' id='word_1_481' title='bbox 2053 929 2174 966; x_wconf 79' lang='lat' dir='ltr'>prefati</span> <span class='ocrx_word' id='word_1_482' title='bbox 2197 937 2328 960; x_wconf 86' lang='lat' dir='ltr'>monas-</span> 
     </span>
     <span class='ocr_line' id='line_1_63' title="bbox 1315 979 2328 1019; baseline 0.003 -10"><span class='ocrx_word' id='word_1_483' title='bbox 1315 979 1392 1010; x_wconf 88' lang='lat' dir='ltr'>terii</span> <span class='ocrx_word' id='word_1_484' title='bbox 1415 979 1599 1018; x_wconf 87' lang='lat' dir='ltr'>dispendiis</span> <span class='ocrx_word' id='word_1_485' title='bbox 1619 988 1811 1018; x_wconf 88' lang='lat' dir='ltr'>precavere,</span> <span class='ocrx_word' id='word_1_486' title='bbox 1832 980 2015 1019; x_wconf 85' lang='lat' dir='ltr'>predictam</span> <span class='ocrx_word' id='word_1_487' title='bbox 2037 981 2232 1012; x_wconf 89' lang='lat' dir='ltr'>electionem</span> <span class='ocrx_word' id='word_1_488' title='bbox 2257 990 2328 1012; x_wconf 41' lang='lat' dir='ltr'>ves*</span> 
     </span>
     <span class='ocr_line' id='line_1_64' title="bbox 1315 1032 2327 1072; baseline 0.003 -11"><span class='ocrx_word' id='word_1_489' title='bbox 1315 1036 1411 1068; x_wconf 85' lang='lat' dir='ltr'>tram,</span> <span class='ocrx_word' id='word_1_490' title='bbox 1429 1032 1468 1062; x_wconf 89' lang='lat' dir='ltr'>de</span> <span class='ocrx_word' id='word_1_491' title='bbox 1484 1033 1625 1062; x_wconf 79' lang='lat' dir='ltr'>fratrum</span> <span class='ocrx_word' id='word_1_492' title='bbox 1645 1037 1835 1063; x_wconf 87' lang='lat' dir='ltr'>nostrorum</span> <span class='ocrx_word' id='word_1_493' title='bbox 1850 1033 2006 1068; x_wconf 82' lang='lat' dir='ltr'>consilio,</span> <span class='ocrx_word' id='word_1_494' title='bbox 2032 1033 2186 1064; x_wconf 85' lang='lat' dir='ltr'>duximus</span> <span class='ocrx_word' id='word_1_495' title='bbox 2208 1042 2327 1072; x_wconf 87' lang='lat' dir='ltr'>appro-</span> 
     </span>
     <span class='ocr_line' id='line_1_65' title="bbox 1314 1084 2326 1117; baseline 0.002 -3"><span class='ocrx_word' id='word_1_496' title='bbox 1314 1084 1457 1115; x_wconf 80' lang='lat' dir='ltr'>bandam</span> <span class='ocrx_word' id='word_1_497' title='bbox 1483 1089 1514 1115; x_wconf 88' lang='lat' dir='ltr'>et</span> <span class='ocrx_word' id='word_1_498' title='bbox 1543 1085 1651 1115; x_wconf 88' lang='lat' dir='ltr'>eidem</span> <span class='ocrx_word' id='word_1_499' title='bbox 1677 1086 1716 1116; x_wconf 91' lang='lat' dir='ltr'>G.</span> <span class='ocrx_word' id='word_1_500' title='bbox 1745 1094 1867 1116; x_wconf 88' lang='lat' dir='ltr'>munus</span> <span class='ocrx_word' id='word_1_501' title='bbox 1897 1086 2140 1116; x_wconf 86' lang='lat' dir='ltr'>benedictionis</span> <span class='ocrx_word' id='word_1_502' title='bbox 2170 1086 2326 1117; x_wconf 88' lang='lat' dir='ltr'>manibus</span> 
     </span>
     <span class='ocr_line' id='line_1_66' title="bbox 1315 1138 2326 1178; baseline 0.003 -11"><span class='ocrx_word' id='word_1_503' title='bbox 1315 1138 1439 1168; x_wconf 86' lang='lat' dir='ltr'>nostris</span> <span class='ocrx_word' id='word_1_504' title='bbox 1455 1138 1678 1176; x_wconf 82' lang='lat' dir='ltr'>impendimus</span> <span class='ocrx_word' id='word_1_505' title='bbox 1690 1138 1728 1168; x_wconf 89' lang='lat' dir='ltr'>de</span> <span class='ocrx_word' id='word_1_506' title='bbox 1745 1139 1851 1176; x_wconf 79' lang='lat' dir='ltr'>gratia</span> <span class='ocrx_word' id='word_1_507' title='bbox 1863 1139 2011 1177; x_wconf 85' lang='lat' dir='ltr'>speciali,</span> <span class='ocrx_word' id='word_1_508' title='bbox 2026 1139 2155 1169; x_wconf 87' lang='lat' dir='ltr'>firmam</span> <span class='ocrx_word' id='word_1_509' title='bbox 2171 1144 2326 1178; x_wconf 79' lang='lat' dir='ltr'>gerentes</span> 
     </span>
     <span class='ocr_line' id='line_1_67' title="bbox 1315 1191 2326 1231; baseline 0.002 -10"><span class='ocrx_word' id='word_1_510' title='bbox 1315 1191 1353 1221; x_wconf 88' lang='lat' dir='ltr'>de</span> <span class='ocrx_word' id='word_1_511' title='bbox 1372 1191 1443 1229; x_wconf 91' lang='lat' dir='ltr'>ipso</span> <span class='ocrx_word' id='word_1_512' title='bbox 1464 1191 1637 1227; x_wconf 80' lang='lat' dir='ltr'>fiduciam,</span> <span class='ocrx_word' id='word_1_513' title='bbox 1655 1191 1759 1230; x_wconf 87' lang='lat' dir='ltr'>quod,</span> <span class='ocrx_word' id='word_1_514' title='bbox 1777 1201 1852 1222; x_wconf 89' lang='lat' dir='ltr'>cum</span> <span class='ocrx_word' id='word_1_515' title='bbox 1868 1192 1911 1222; x_wconf 89' lang='lat' dir='ltr'>sit</span> <span class='ocrx_word' id='word_1_516' title='bbox 1931 1192 2094 1222; x_wconf 88' lang='lat' dir='ltr'>discretus</span> <span class='ocrx_word' id='word_1_517' title='bbox 2116 1196 2147 1222; x_wconf 91' lang='lat' dir='ltr'>et</span> <span class='ocrx_word' id='word_1_518' title='bbox 2167 1192 2326 1231; x_wconf 84' lang='lat' dir='ltr'>providus</span> 
     </span>
     <span class='ocr_line' id='line_1_68' title="bbox 1314 1243 2322 1284; baseline 0.004 -12"><span class='ocrx_word' id='word_1_519' title='bbox 1314 1253 1350 1273; x_wconf 85' lang='lat' dir='ltr'>ac</span> <span class='ocrx_word' id='word_1_520' title='bbox 1382 1244 1417 1273; x_wconf 91' lang='lat' dir='ltr'>in</span> <span class='ocrx_word' id='word_1_521' title='bbox 1450 1243 1681 1282; x_wconf 84' lang='lat' dir='ltr'>spiritualibus</span> <span class='ocrx_word' id='word_1_522' title='bbox 1713 1248 1744 1274; x_wconf 91' lang='lat' dir='ltr'>et</span> <span class='ocrx_word' id='word_1_523' title='bbox 1773 1244 2011 1282; x_wconf 85' lang='lat' dir='ltr'>temporalibus</span> <span class='ocrx_word' id='word_1_524' title='bbox 2043 1245 2302 1284; x_wconf 89' lang='lat' dir='ltr'>circumspectus</span> <span class='ocrx_word' id='word_1_525' title='bbox 2315 1268 2322 1282; x_wconf 90' lang='lat'>‚</span> 
     </span>
     <span class='ocr_line' id='line_1_69' title="bbox 1312 1297 2324 1336; baseline 0.003 -11"><span class='ocrx_word' id='word_1_526' title='bbox 1312 1297 1478 1334; x_wconf 78' lang='lat' dir='ltr'>prefatum</span> <span class='ocrx_word' id='word_1_527' title='bbox 1506 1297 1746 1327; x_wconf 88' lang='lat' dir='ltr'>monasterium</span> <span class='ocrx_word' id='word_1_528' title='bbox 1772 1306 1830 1335; x_wconf 88' lang='lat' dir='ltr'>per</span> <span class='ocrx_word' id='word_1_529' title='bbox 1852 1297 1923 1336; x_wconf 88' lang='lat' dir='ltr'>ejus</span> <span class='ocrx_word' id='word_1_530' title='bbox 1947 1297 2149 1328; x_wconf 87' lang='lat' dir='ltr'>industriam</span> <span class='ocrx_word' id='word_1_531' title='bbox 2174 1297 2209 1328; x_wconf 90' lang='lat' dir='ltr'>in</span> <span class='ocrx_word' id='word_1_532' title='bbox 2235 1298 2324 1328; x_wconf 89' lang='lat' dir='ltr'>viam</span> 
     </span>
     <span class='ocr_line' id='line_1_70' title="bbox 1315 1349 2325 1388; baseline 0.002 -9"><span class='ocrx_word' id='word_1_533' title='bbox 1315 1349 1433 1379; x_wconf 85' lang='lat' dir='ltr'>salutis</span> <span class='ocrx_word' id='word_1_534' title='bbox 1459 1349 1559 1386; x_wconf 75' lang='lat' dir='ltr'>dirigi</span> <span class='ocrx_word' id='word_1_535' title='bbox 1582 1353 1613 1379; x_wconf 90' lang='lat' dir='ltr'>et</span> <span class='ocrx_word' id='word_1_536' title='bbox 1636 1349 1671 1378; x_wconf 93' lang='lat' dir='ltr'>in</span> <span class='ocrx_word' id='word_1_537' title='bbox 1695 1349 1864 1388; x_wconf 88' lang='lat' dir='ltr'>prosperis</span> <span class='ocrx_word' id='word_1_538' title='bbox 1889 1349 2006 1380; x_wconf 88' lang='lat' dir='ltr'>debeat</span> <span class='ocrx_word' id='word_1_539' title='bbox 2029 1354 2162 1380; x_wconf 88' lang='lat' dir='ltr'>auctore</span> <span class='ocrx_word' id='word_1_540' title='bbox 2182 1350 2325 1381; x_wconf 90' lang='lat' dir='ltr'>Domino</span> 
     </span>
     <span class='ocr_line' id='line_1_71' title="bbox 1315 1401 2325 1440; baseline 0.002 -9"><span class='ocrx_word' id='word_1_541' title='bbox 1315 1401 1479 1440; x_wconf 86' lang='lat' dir='ltr'>ampliari.</span> <span class='ocrx_word' id='word_1_542' title='bbox 1508 1403 1677 1439; x_wconf 78' lang='lat' dir='ltr'>Rogamus</span> <span class='ocrx_word' id='word_1_543' title='bbox 1704 1402 1817 1440; x_wconf 84' lang='lat' dir='ltr'>itaque</span> <span class='ocrx_word' id='word_1_544' title='bbox 1841 1402 2096 1433; x_wconf 87' lang='lat' dir='ltr'>universitatem</span> <span class='ocrx_word' id='word_1_545' title='bbox 2123 1407 2268 1433; x_wconf 86' lang='lat' dir='ltr'>vestram</span> <span class='ocrx_word' id='word_1_546' title='bbox 2292 1407 2325 1434; x_wconf 86' lang='lat' dir='ltr'>et.</span> 
     </span>
     <span class='ocr_line' id='line_1_72' title="bbox 1312 1454 2325 1494; baseline 0.003 -11"><span class='ocrx_word' id='word_1_547' title='bbox 1312 1454 1486 1485; x_wconf 86' lang='lat' dir='ltr'>hortamur</span> <span class='ocrx_word' id='word_1_548' title='bbox 1513 1458 1648 1490; x_wconf 87' lang='lat' dir='ltr'>attente,</span> <span class='ocrx_word' id='word_1_549' title='bbox 1675 1464 1734 1493; x_wconf 88' lang='lat' dir='ltr'>per</span> <span class='ocrx_word' id='word_1_550' title='bbox 1756 1454 1935 1493; x_wconf 87' lang='lat' dir='ltr'>apostolica</span> <span class='ocrx_word' id='word_1_551' title='bbox 1961 1455 2054 1486; x_wconf 86' lang='lat' dir='ltr'>vobis</span> <span class='ocrx_word' id='word_1_552' title='bbox 2081 1455 2204 1494; x_wconf 85' lang='lat' dir='ltr'>scripta</span> <span class='ocrx_word' id='word_1_553' title='bbox 2228 1464 2325 1486; x_wconf 87' lang='lat' dir='ltr'>man-</span> 
     </span>
     <span class='ocr_line' id='line_1_73' title="bbox 1314 1508 2324 1547; baseline 0.003 -10"><span class='ocrx_word' id='word_1_554' title='bbox 1314 1508 1441 1544; x_wconf 87' lang='lat' dir='ltr'>dantes,</span> <span class='ocrx_word' id='word_1_555' title='bbox 1460 1509 1618 1547; x_wconf 85' lang='lat' dir='ltr'>quatinus</span> <span class='ocrx_word' id='word_1_556' title='bbox 1636 1508 1742 1538; x_wconf 88' lang='lat' dir='ltr'>eidem</span> <span class='ocrx_word' id='word_1_557' title='bbox 1765 1509 1804 1538; x_wconf 91' lang='lat' dir='ltr'>G.</span> <span class='ocrx_word' id='word_1_558' title='bbox 1827 1508 1938 1539; x_wconf 87' lang='lat' dir='ltr'>abbati</span> <span class='ocrx_word' id='word_1_559' title='bbox 1961 1514 2082 1544; x_wconf 87' lang='lat' dir='ltr'>vestro,</span> <span class='ocrx_word' id='word_1_560' title='bbox 2107 1509 2148 1539; x_wconf 87' lang='lat' dir='ltr'>ad</span> <span class='ocrx_word' id='word_1_561' title='bbox 2169 1518 2226 1540; x_wconf 88' lang='lat' dir='ltr'>vos</span> <span class='ocrx_word' id='word_1_562' title='bbox 2248 1518 2324 1540; x_wconf 88' lang='lat' dir='ltr'>cum</span> 
     </span>
     <span class='ocr_line' id='line_1_74' title="bbox 1312 1560 2326 1601; baseline 0.003 -11"><span class='ocrx_word' id='word_1_563' title='bbox 1312 1561 1425 1591; x_wconf 82' lang='lat' dir='ltr'>favore</span> <span class='ocrx_word' id='word_1_564' title='bbox 1445 1560 1623 1599; x_wconf 86' lang='lat' dir='ltr'>apostolice</span> <span class='ocrx_word' id='word_1_565' title='bbox 1645 1561 1740 1591; x_wconf 84' lang='lat' dir='ltr'>Sedis</span> <span class='ocrx_word' id='word_1_566' title='bbox 1762 1565 1794 1591; x_wconf 87' lang='lat' dir='ltr'>et</span> <span class='ocrx_word' id='word_1_567' title='bbox 1814 1561 2058 1592; x_wconf 89' lang='lat' dir='ltr'>benedictionis</span> <span class='ocrx_word' id='word_1_568' title='bbox 2082 1567 2194 1592; x_wconf 91' lang='lat' dir='ltr'>nostre</span> <span class='ocrx_word' id='word_1_569' title='bbox 2216 1562 2326 1601; x_wconf 80' lang='lat' dir='ltr'>gratia</span> 
     </span>
     <span class='ocr_line' id='line_1_75' title="bbox 1312 1604 2324 1652; baseline 0.001 -9"><span class='ocrx_word' id='word_1_570' title='bbox 1312 1614 1461 1644; x_wconf 84' lang='lat' dir='ltr'>venienti</span> <span class='ocrx_word' id='word_1_571' title='bbox 1475 1618 1632 1652; x_wconf 89' lang='lat' dir='ltr'>tanquam</span> <span class='ocrx_word' id='word_1_572' title='bbox 1649 1614 1734 1652; x_wconf 88' lang='lat' dir='ltr'>patri</span> <span class='ocrx_word' id='word_1_573' title='bbox 1749 1617 1780 1644; x_wconf 89' lang='lat' dir='ltr'>et</span> <span class='ocrx_word' id='word_1_574' title='bbox 1793 1614 1918 1652; x_wconf 88' lang='lat' dir='ltr'>pastori</span> <span class='ocrx_word' id='word_1_575' title='bbox 1934 1604 2123 1645; x_wconf 79' lang='lat' dir='ltr'>animarum</span> <span class='ocrx_word' id='word_1_576' title='bbox 2138 1618 2324 1646; x_wconf 83' lang='lat' dir='ltr'>vestrarum</span> 
     </span>
     <span class='ocr_line' id='line_1_76' title="bbox 1312 1666 2324 1702; baseline 0.002 -6"><span class='ocrx_word' id='word_1_577' title='bbox 1312 1667 1427 1697; x_wconf 86' lang='lat' dir='ltr'>devote</span> <span class='ocrx_word' id='word_1_578' title='bbox 1443 1676 1479 1696; x_wconf 88' lang='lat' dir='ltr'>ac</span> <span class='ocrx_word' id='word_1_579' title='bbox 1496 1666 1670 1697; x_wconf 86' lang='lat' dir='ltr'>humiliter</span> <span class='ocrx_word' id='word_1_580' title='bbox 1685 1667 1908 1702; x_wconf 86' lang='lat' dir='ltr'>intendentes,</span> <span class='ocrx_word' id='word_1_581' title='bbox 1927 1667 1992 1697; x_wconf 89' lang='lat' dir='ltr'>sibi</span> <span class='ocrx_word' id='word_1_582' title='bbox 2005 1667 2150 1698; x_wconf 86' lang='lat' dir='ltr'>debitam</span> <span class='ocrx_word' id='word_1_583' title='bbox 2165 1667 2324 1698; x_wconf 85' lang='lat' dir='ltr'>obedien-</span> 
     </span>
     <span class='ocr_line' id='line_1_77' title="bbox 1311 1719 2324 1760; baseline 0.001 -11"><span class='ocrx_word' id='word_1_584' title='bbox 1311 1719 1391 1749; x_wconf 84' lang='lat' dir='ltr'>tiam</span> <span class='ocrx_word' id='word_1_585' title='bbox 1408 1724 1439 1750; x_wconf 87' lang='lat' dir='ltr'>et</span> <span class='ocrx_word' id='word_1_586' title='bbox 1458 1720 1680 1750; x_wconf 84' lang='lat' dir='ltr'>reverentiam</span> <span class='ocrx_word' id='word_1_587' title='bbox 1702 1720 1914 1758; x_wconf 83' lang='lat' dir='ltr'>impendatis.</span> <span class='ocrx_word' id='word_1_588' title='bbox 1940 1720 2099 1760; x_wconf 85' lang='lat' dir='ltr'>Alioquin</span> <span class='ocrx_word' id='word_1_589' title='bbox 2122 1719 2324 1751; x_wconf 77' lang='lat' dir='ltr'>sententiam</span> 
     </span>
     <span class='ocr_line' id='line_1_78' title="bbox 1312 1772 2322 1812; baseline 0.002 -10"><span class='ocrx_word' id='word_1_590' title='bbox 1312 1781 1410 1811; x_wconf 88' lang='lat' dir='ltr'>quam</span> <span class='ocrx_word' id='word_1_591' title='bbox 1426 1773 1497 1810; x_wconf 87' lang='lat' dir='ltr'>ipse</span> <span class='ocrx_word' id='word_1_592' title='bbox 1514 1776 1645 1811; x_wconf 89' lang='lat' dir='ltr'>propter</span> <span class='ocrx_word' id='word_1_593' title='bbox 1660 1772 1722 1802; x_wconf 87' lang='lat' dir='ltr'>hoc</span> <span class='ocrx_word' id='word_1_594' title='bbox 1739 1777 1800 1803; x_wconf 89' lang='lat' dir='ltr'>etc.</span> <span class='ocrx_word' id='word_1_595' title='bbox 1819 1782 1925 1812; x_wconf 85' lang='lat' dir='ltr'>usque</span> <span class='ocrx_word' id='word_1_596' title='bbox 1943 1783 1950 1802; x_wconf 74' lang='grc' dir='ltr'>ε</span> <span class='ocrx_word' id='word_1_597' title='bbox 1967 1773 2149 1804; x_wconf 85' lang='lat' dir='ltr'>observari.</span> <span class='ocrx_word' id='word_1_598' title='bbox 2166 1774 2322 1805; x_wconf 87' lang='lat' dir='ltr'>Ceterum</span> 
     </span>
     <span class='ocr_line' id='line_1_79' title="bbox 1310 1825 2322 1865; baseline 0.003 -11"><span class='ocrx_word' id='word_1_599' title='bbox 1310 1825 1444 1854; x_wconf 89' lang='lat' dir='ltr'>irritum</span> <span class='ocrx_word' id='word_1_600' title='bbox 1465 1830 1496 1855; x_wconf 86' lang='lat' dir='ltr'>et</span> <span class='ocrx_word' id='word_1_601' title='bbox 1515 1825 1615 1855; x_wconf 87' lang='lat' dir='ltr'>inane</span> <span class='ocrx_word' id='word_1_602' title='bbox 1637 1825 1857 1861; x_wconf 84' lang='lat' dir='ltr'>decernimus,</span> <span class='ocrx_word' id='word_1_603' title='bbox 1883 1826 1912 1855; x_wconf 89' lang='lat' dir='ltr'>si</span> <span class='ocrx_word' id='word_1_604' title='bbox 1936 1826 2016 1865; x_wconf 87' lang='lat' dir='ltr'>quid</span> <span class='ocrx_word' id='word_1_605' title='bbox 2038 1826 2076 1856; x_wconf 88' lang='lat' dir='ltr'>de</span> <span class='ocrx_word' id='word_1_606' title='bbox 2096 1826 2230 1857; x_wconf 86' lang='lat' dir='ltr'>abbatia</span> <span class='ocrx_word' id='word_1_607' title='bbox 2250 1835 2322 1865; x_wconf 89' lang='lat' dir='ltr'>pre-</span> 
     </span>
     <span class='ocr_line' id='line_1_80' title="bbox 1311 1877 2321 1917; baseline 0.004 -11"><span class='ocrx_word' id='word_1_608' title='bbox 1311 1877 1398 1907; x_wconf 83' lang='lat' dir='ltr'>dicta</span> <span class='ocrx_word' id='word_1_609' title='bbox 1427 1882 1541 1907; x_wconf 86' lang='lat' dir='ltr'>contra</span> <span class='ocrx_word' id='word_1_610' title='bbox 1567 1878 1759 1917; x_wconf 79' lang='lat' dir='ltr'>hujusmodi</span> <span class='ocrx_word' id='word_1_611' title='bbox 1788 1878 2013 1916; x_wconf 89' lang='lat' dir='ltr'>provisionem</span> <span class='ocrx_word' id='word_1_612' title='bbox 2035 1879 2157 1909; x_wconf 85' lang='lat' dir='ltr'>factam</span> <span class='ocrx_word' id='word_1_613' title='bbox 2181 1888 2200 1910; x_wconf 89' lang='lat' dir='ltr'>a</span> <span class='ocrx_word' id='word_1_614' title='bbox 2224 1879 2321 1910; x_wconf 87' lang='lat' dir='ltr'>nobis</span> 
     </span>
     <span class='ocr_line' id='line_1_81' title="bbox 1310 1930 2321 1968; baseline 0.003 -9"><span class='ocrx_word' id='word_1_615' title='bbox 1310 1930 1411 1959; x_wconf 83' lang='lat' dir='ltr'>fucrit</span> <span class='ocrx_word' id='word_1_616' title='bbox 1437 1934 1678 1968; x_wconf 85' lang='lat' dir='ltr'>attemptatum.</span> <span class='ocrx_word' id='word_1_617' title='bbox 1707 1931 1781 1960; x_wconf 86' lang='lat' dir='ltr'>Dat.</span> <span class='ocrx_word' id='word_1_618' title='bbox 1807 1931 1978 1966; x_wconf 85' lang='lat' dir='ltr'>Laterani,</span> <span class='ocrx_word' id='word_1_619' title='bbox 2007 1932 2053 1961; x_wconf 79' lang='lat' dir='ltr'>VI</span> <span class='ocrx_word' id='word_1_620' title='bbox 2082 1931 2241 1962; x_wconf 83' lang='lat' dir='ltr'>kalendas</span> <span class='ocrx_word' id='word_1_621' title='bbox 2268 1932 2321 1962; x_wconf 84' lang='lat' dir='ltr'>de-</span> 
     </span>
     <span class='ocr_line' id='line_1_82' title="bbox 1310 1983 1736 2022; baseline -0.002 -10"><span class='ocrx_word' id='word_1_622' title='bbox 1310 1983 1464 2018; x_wconf 88' lang='lat' dir='ltr'>cembris,</span> <span class='ocrx_word' id='word_1_623' title='bbox 1483 1992 1569 2013; x_wconf 87' lang='lat' dir='ltr'>anno</span> <span class='ocrx_word' id='word_1_624' title='bbox 1585 1983 1703 2022; x_wconf 89' lang='lat' dir='ltr'>primo.</span> <span class='ocrx_word' id='word_1_625' title='bbox 1723 1995 1736 2010; x_wconf 83' lang='lat'>›&gt;</span> 
     </span>
    </p>
   </div>
   <div class='ocr_carea' id='block_1_9' title="bbox 1380 2173 2246 2207">
    <p class='ocr_par' dir='ltr' id='par_1_10' title="bbox 1380 2173 2246 2207">
     <span class='ocr_line' id='line_1_83' title="bbox 1380 2173 2246 2207; baseline 0.001 -6"><span class='ocrx_word' id='word_1_626' title='bbox 1380 2173 1432 2201; x_wconf 81' lang='grc'>91</span> <span class='ocrx_word' id='word_1_627' title='bbox 1443 2174 1462 2201; x_wconf 82' lang='lat'><strong>1</strong></span> <span class='ocrx_word' id='word_1_628' title='bbox 1813 2174 1929 2207; x_wconf 70' lang='lat' dir='ltr'>Lati-an,</span> <span class='ocrx_word' id='word_1_629' title='bbox 1946 2174 1977 2201; x_wconf 70' lang='lat'>27</span> <span class='ocrx_word' id='word_1_630' title='bbox 1995 2175 2150 2201; x_wconf 87' lang='lat' dir='ltr'>novembre</span> <span class='ocrx_word' id='word_1_631' title='bbox 2169 2175 2246 2202; x_wconf 74' lang='lat'><strong>1255.</strong></span> 
     </span>
    </p>
   </div>
   <div class='ocr_carea' id='block_1_10' title="bbox 1307 2234 2318 2415">
    <p class='ocr_par' dir='ltr' id='par_1_11' title="bbox 1307 2234 2318 2415">
     <span class='ocr_line' id='line_1_84' title="bbox 1346 2234 2318 2273; baseline 0.005 -13"><span class='ocrx_word' id='word_1_632' title='bbox 1346 2234 1518 2261; x_wconf 82' lang='lat' dir='ltr'>Monialibus</span> <span class='ocrx_word' id='word_1_633' title='bbox 1544 2236 1710 2262; x_wconf 86' lang='lat' dir='ltr'>monasterii</span> <span class='ocrx_word' id='word_1_634' title='bbox 1733 2244 1758 2263; x_wconf 87' lang='lat' dir='ltr'>s.</span> <span class='ocrx_word' id='word_1_635' title='bbox 1780 2236 1926 2263; x_wconf 83' lang='lat' dir='ltr'>Elisabeth</span> <span class='ocrx_word' id='word_1_636' title='bbox 1948 2236 2104 2264; x_wconf 84' lang='lat' dir='ltr'>Remensis</span> <span class='ocrx_word' id='word_1_637' title='bbox 2125 2238 2318 2273; x_wconf 68' lang='lat' dir='ltr'>supplicanti-</span> 
     </span>
     <span class='ocr_line' id='line_1_85' title="bbox 1309 2283 2318 2320; baseline 0.004 -11"><span class='ocrx_word' id='word_1_638' title='bbox 1309 2283 1364 2310; x_wconf 81' lang='lat' dir='ltr'>bus</span> <span class='ocrx_word' id='word_1_639' title='bbox 1379 2284 1504 2318; x_wconf 86' lang='lat' dir='ltr'>inhibet,</span> <span class='ocrx_word' id='word_1_640' title='bbox 1522 2287 1552 2311; x_wconf 90' lang='lat' dir='ltr'>ut</span> <span class='ocrx_word' id='word_1_641' title='bbox 1573 2285 1644 2311; x_wconf 83' lang='lat' dir='ltr'>ultra</span> <span class='ocrx_word' id='word_1_642' title='bbox 1666 2285 1926 2320; x_wconf 82' lang='lat' dir='ltr'>quadragenarium</span> <span class='ocrx_word' id='word_1_643' title='bbox 1945 2287 2079 2312; x_wconf 77' lang='lat' dir='ltr'>‘sororum</span> <span class='ocrx_word' id='word_1_644' title='bbox 2097 2294 2247 2314; x_wconf 87' lang='lat' dir='ltr'>numerum</span> <span class='ocrx_word' id='word_1_645' title='bbox 2264 2286 2318 2313; x_wconf 85' lang='lat' dir='ltr'>ali-</span> 
     </span>
     <span class='ocr_line' id='line_1_86' title="bbox 1307 2333 2316 2370; baseline 0.003 -11"><span class='ocrx_word' id='word_1_646' title='bbox 1307 2341 1393 2367; x_wconf 88' lang='lat' dir='ltr'>quam</span> <span class='ocrx_word' id='word_1_647' title='bbox 1414 2333 1442 2359; x_wconf 87' lang='grc'>16</span> <span class='ocrx_word' id='word_1_648' title='bbox 1466 2341 1595 2360; x_wconf 83' lang='lat' dir='ltr'>sororem</span> <span class='ocrx_word' id='word_1_649' title='bbox 1621 2334 1664 2360; x_wconf 88' lang='lat' dir='ltr'>vel</span> <span class='ocrx_word' id='word_1_650' title='bbox 1690 2335 1858 2360; x_wconf 85' lang='lat' dir='ltr'>monacham</span> <span class='ocrx_word' id='word_1_651' title='bbox 1878 2334 2007 2369; x_wconf 80' lang='lat' dir='ltr'>recipere</span> <span class='ocrx_word' id='word_1_652' title='bbox 2029 2335 2151 2363; x_wconf 82' lang='lat' dir='ltr'>valeant.</span> <span class='ocrx_word' id='word_1_653' title='bbox 2167 2335 2249 2369; x_wconf 68' lang='lat' dir='ltr'>(Rae.</span> <span class='ocrx_word' id='word_1_654' title='bbox 2265 2335 2316 2370; x_wconf 77' lang='lat'>24,</span> 
     </span>
     <span class='ocr_line' id='line_1_87' title="bbox 1307 2381 1832 2415; baseline 0.004 -7"><span class='ocrx_word' id='word_1_655' title='bbox 1307 2389 1332 2409; x_wconf 86' lang='lat' dir='ltr'>c.</span> <span class='ocrx_word' id='word_1_656' title='bbox 1351 2381 1412 2415; x_wconf 84' lang='lat'>734,</span> <span class='ocrx_word' id='word_1_657' title='bbox 1430 2382 1448 2408; x_wconf 79' lang='lat' dir='ltr'>f.</span> <span class='ocrx_word' id='word_1_658' title='bbox 1467 2382 1546 2414; x_wconf 54' lang='lat'>‘106&#39;3</span> <span class='ocrx_word' id='word_1_659' title='bbox 1563 2382 1710 2409; x_wconf 67' lang='lat' dir='ltr'>PoTTnAs‘r</span> <span class='ocrx_word' id='word_1_660' title='bbox 1728 2383 1832 2414; x_wconf 77' lang='grc'>16085.)</span> 
     </span>
    </p>
   </div>
   <div class='ocr_carea' id='block_1_11' title="bbox 1304 2484 2314 2680">
    <p class='ocr_par' dir='ltr' id='par_1_12' title="bbox 1304 2484 2314 2680">
     <span class='ocr_line' id='line_1_88' title="bbox 1349 2484 2314 2519; baseline 0.004 -8"><span class='ocrx_word' id='word_1_661' title='bbox 1349 2495 1362 2510; x_wconf 87' lang='grc'>«</span> <span class='ocrx_word' id='word_1_662' title='bbox 1384 2506 1417 2519; x_wconf 81' lang='lat'>..,</span> <span class='ocrx_word' id='word_1_663' title='bbox 1435 2484 1590 2519; x_wconf 76' lang='lat' dir='ltr'>abbatisse,</span> <span class='ocrx_word' id='word_1_664' title='bbox 1609 2489 1634 2512; x_wconf 76' lang='lat' dir='ltr'>et</span> <span class='ocrx_word' id='word_1_665' title='bbox 1649 2486 1813 2513; x_wconf 72' lang='lat' dir='ltr'>conventui</span> <span class='ocrx_word' id='word_1_666' title='bbox 1830 2486 2017 2514; x_wconf 79' lang='lat' dir='ltr'>monialium</span> <span class='ocrx_word' id='word_1_667' title='bbox 2036 2486 2232 2515; x_wconf 79' lang='lat' dir='ltr'>inclusarum</span> <span class='ocrx_word' id='word_1_668' title='bbox 2248 2495 2314 2516; x_wconf 84' lang='lat' dir='ltr'>mo-</span> 
     </span>
     <span class='ocr_line' id='line_1_89' title="bbox 1306 2537 2312 2572; baseline 0.004 -8"><span class='ocrx_word' id='word_1_669' title='bbox 1306 2537 1437 2565; x_wconf 74' lang='lat' dir='ltr'>nasterii</span> <span class='ocrx_word' id='word_1_670' title='bbox 1446 2541 1548 2566; x_wconf 78' lang='lat' dir='ltr'>sancte</span> <span class='ocrx_word' id='word_1_671' title='bbox 1558 2537 1727 2566; x_wconf 71' lang='lat' dir='ltr'>Helisabeth</span> <span class='ocrx_word' id='word_1_672' title='bbox 1737 2538 1898 2572; x_wconf 76' lang='lat' dir='ltr'>Itemensis,</span> <span class='ocrx_word' id='word_1_673' title='bbox 1911 2538 2031 2567; x_wconf 80' lang='lat' dir='ltr'>ordinis</span> <span class='ocrx_word' id='word_1_674' title='bbox 2038 2539 2139 2568; x_wconf 81' lang='lat' dir='ltr'>sancti</span> <span class='ocrx_word' id='word_1_675' title='bbox 2153 2539 2312 2569; x_wconf 76' lang='lat' dir='ltr'>Damiani.</span> 
     </span>
     <span class='ocr_line' id='line_1_90' title="bbox 1305 2588 2311 2626; baseline 0.004 -8"><span class='ocrx_word' id='word_1_676' title='bbox 1305 2588 1376 2618; x_wconf 88' lang='lat' dir='ltr'>Etsi</span> <span class='ocrx_word' id='word_1_677' title='bbox 1392 2588 1569 2618; x_wconf 87' lang='lat' dir='ltr'>multitudo</span> <span class='ocrx_word' id='word_1_678' title='bbox 1582 2589 1617 2618; x_wconf 91' lang='lat' dir='ltr'>in</span> <span class='ocrx_word' id='word_1_679' title='bbox 1630 2607 1678 2618; x_wconf 91' lang='lat'>—.</span> <span class='ocrx_word' id='word_1_680' title='bbox 1693 2590 1766 2620; x_wconf 85' lang='lat' dir='ltr'>Dat.</span> <span class='ocrx_word' id='word_1_681' title='bbox 1786 2590 1953 2626; x_wconf 85' lang='lat' dir='ltr'>Laterani,</span> <span class='ocrx_word' id='word_1_682' title='bbox 1969 2591 1999 2621; x_wconf 89' lang='lat' dir='ltr'>V</span> <span class='ocrx_word' id='word_1_683' title='bbox 2012 2590 2172 2621; x_wconf 87' lang='lat' dir='ltr'>kalendas</span> <span class='ocrx_word' id='word_1_684' title='bbox 2183 2591 2311 2622; x_wconf 88' lang='lat' dir='ltr'>decem-</span> 
     </span>
     <span class='ocr_line' id='line_1_91' title="bbox 1304 2641 2156 2680; baseline -0.004 -10"><span class='ocrx_word' id='word_1_685' title='bbox 1304 2641 1386 2678; x_wconf 80' lang='lat' dir='ltr'>bris,</span> <span class='ocrx_word' id='word_1_686' title='bbox 1404 2649 1490 2671; x_wconf 86' lang='lat' dir='ltr'>anno</span> <span class='ocrx_word' id='word_1_687' title='bbox 1508 2641 1625 2680; x_wconf 90' lang='lat' dir='ltr'>primo.</span> <span class='ocrx_word' id='word_1_688' title='bbox 1646 2654 1659 2669; x_wconf 83' lang='lat'>»</span> <span class='ocrx_word' id='word_1_689' title='bbox 2154 2651 2156 2654; x_wconf 59' lang='lat'>&gt;</span> 
     </span>
    </p>
   </div>
   <div class='ocr_carea' id='block_1_12' title="bbox 1374 2823 1461 2851">
    <p class='ocr_par' dir='ltr' id='par_1_13' title="bbox 1374 2823 1461 2851">
     <span class='ocr_line' id='line_1_92' title="bbox 1374 2823 1461 2851; baseline 0 0"><span class='ocrx_word' id='word_1_690' title='bbox 1374 2823 1461 2851; x_wconf 71' lang='lat'>912</span> 
     </span>
    </p>
   </div>
   <div class='ocr_carea' id='block_1_13' title="bbox 1338 2884 2308 2922">
    <p class='ocr_par' dir='ltr' id='par_1_14' title="bbox 1338 2884 2308 2922">
     <span class='ocr_line' id='line_1_93' title="bbox 1338 2884 2308 2922; baseline 0.005 -11"><span class='ocrx_word' id='word_1_691' title='bbox 1338 2884 1454 2911; x_wconf 85' lang='lat' dir='ltr'>Eisdem</span> <span class='ocrx_word' id='word_1_692' title='bbox 1476 2885 1621 2921; x_wconf 77' lang='lat' dir='ltr'>indulget,</span> <span class='ocrx_word' id='word_1_693' title='bbox 1640 2891 1669 2913; x_wconf 87' lang='lat' dir='ltr'>ut</span> <span class='ocrx_word' id='word_1_694' title='bbox 1686 2887 1818 2922; x_wconf 87' lang='lat' dir='ltr'>compelli</span> <span class='ocrx_word' id='word_1_695' title='bbox 1839 2888 1874 2914; x_wconf 91' lang='lat' dir='ltr'>ab</span> <span class='ocrx_word' id='word_1_696' title='bbox 1897 2888 1992 2922; x_wconf 87' lang='lat' dir='ltr'>aliquo</span> <span class='ocrx_word' id='word_1_697' title='bbox 2009 2889 2126 2915; x_wconf 88' lang='lat' dir='ltr'>minime</span> <span class='ocrx_word' id='word_1_698' title='bbox 2142 2889 2254 2916; x_wconf 81' lang='lat' dir='ltr'>valeant</span> <span class='ocrx_word' id='word_1_699' title='bbox 2273 2889 2308 2916; x_wconf 84' lang='lat' dir='ltr'>ad</span> 
     </span>
    </p>
   </div>
   <div class='ocr_carea' id='block_1_14' title="bbox 1802 2825 2238 2857">
    <p class='ocr_par' dir='ltr' id='par_1_15' title="bbox 1802 2825 2238 2857">
     <span class='ocr_line' id='line_1_94' title="bbox 1802 2825 2238 2857; baseline 0.005 -5"><span class='ocrx_word' id='word_1_700' title='bbox 1802 2825 1920 2857; x_wconf 76' lang='lat' dir='ltr'>Lati-an,</span> <span class='ocrx_word' id='word_1_701' title='bbox 1936 2826 1970 2853; x_wconf 79' lang='lat'>‘25</span> <span class='ocrx_word' id='word_1_702' title='bbox 1988 2826 2142 2853; x_wconf 89' lang='lat' dir='ltr'>novembre</span> <span class='ocrx_word' id='word_1_703' title='bbox 2160 2826 2238 2854; x_wconf 80' lang='lat'><strong>1255.</strong></span> 
     </span>
    </p>
   </div>
  </div>
 </body>
</html>
