2441 3330
1022 199 1246 236 PREMIERE
1268 201 1427 238 ANNEE.
2218 215 2274 245 167

178 276 273 310 prout
296 271 447 309 expedire
473 271 642 301 videretur
668 261 790 307 eidem}
823 276 955 310 propter
980 272 1067 311 quod
1095 272 1186 302 omni

175 325 249 363 jure
266 323 352 362 quod
367 323 432 361 ipsi
443 323 589 353 Arnaldo
605 323 639 352 in
653 324 750 354 dictis
767 324 964 354 canonicatu
976 329 1007 354 et
1020 324 1186 362 prebenda

179 385 216 406 ac
230 375 394 405 fructibus
415 375 619 413 competebat
637 375 828 415 hujusmodi
846 377 1091 406 commissionis
1108 386 1185 406 auc-

178 428 309 458 toritate
322 427 504 462 translatis,
523 428 689 457 ordinavit
705 432 735 458 et
751 429 867 458 statuit
878 429 965 466 quod
975 429 1186 458 medietatem

178 480 326 510 omnium
353 480 523 509 fructuum
546 480 653 518 ipsius
677 480 843 518 prebende
866 485 933 510 tam
956 485 1185 519 perceptorum

179 542 277 572 quam
299 533 399 562 etiam
413 532 702 570 percipiendorum
723 533 849 562 tamdiu
869 533 1030 571 percipiat
1050 534 1185 571 pacifice

177 590 209 616 et
231 586 353 625 quiete,
377 585 479 615 donec
501 585 537 614 in
558 585 697 615 ecclesia
714 585 786 623 ipsa
804 586 1005 623 prebendam
1021 586 1184 623 integram

177 637 350 668 obtinebit.
368 637 516 668 Contulit
530 641 681 676 preterea
697 638 763 676 ipsi
778 638 817 667 A.
833 648 892 668 seu
907 639 1112 676 procuratori
1126 647 1184 668 suo

178 691 249 730 ejus
266 690 398 720 nomine
415 690 647 720 canonicatum
662 690 768 728 ipsius
787 690 925 720 ecclesie
946 700 983 720 ac
1000 690 1133 720 stallum
1150 691 1185 719 in

177 743 275 773 choro
297 747 327 773 et
346 742 455 773 locum
476 743 512 772 in
533 743 677 781 capitulo
697 752 826 773 necnon
848 743 1049 781 prebendam
1071 743 1099 772 si
1120 752 1185 781 qua

175 795 341 826 vacaverit
367 795 492 825 ibidem
520 805 526 824 ε
553 795 702 834 alioquin
729 796 878 834 proximo
901 799 1092 825 vacaturam
1120 795 1184 833 ipsi

174 849 232 878 Ar.
254 848 489 878 conferendam
511 848 706 878 auctoritate
724 849 969 878 commissionis
993 848 1184 887 hujusmodi

174 900 368 935 reservavit,
387 900 568 930 decernens
585 900 719 930 irritum
735 904 765 930 et
781 901 882 931 inane
898 901 1057 939 quicquid
1071 904 1185 930 contra

174 953 236 983 hec
249 953 453 991 contingeret
471 954 671 991 attemptari.
691 954 765 983 Non
782 954 933 984 obstante
950 953 1097 992 qualibet
1111 962 1184 983 con-

176 1006 277 1036 traria
293 1006 532 1036 consuetudine
552 1006 658 1044 ipsius
678 1006 816 1036 ecclesie
832 1007 884 1037 vel
902 1011 1024 1037 statuto
1041 1007 1079 1036 de
1096 1011 1184 1036 certo

175 1059 409 1089 canonicorum
426 1067 575 1093 numero,
590 1059 798 1098 juramento,
818 1059 1067 1090 confirmatione
1089 1060 1183 1090 Sedis

177 1111 354 1150 apostolice
368 1111 420 1141 vel
436 1112 501 1141 alia
518 1112 665 1151 qualibet
684 1112 870 1142 firmatione
887 1112 1018 1148 vallato,
1037 1116 1132 1151 prout
1149 1112 1182 1141 in

174 1164 296 1195 litteris
312 1165 389 1194 inde
406 1165 565 1205 confectis
585 1169 615 1195 et
632 1165 738 1203 ipsius
753 1165 932 1195 cardinalis
946 1165 1056 1203 sigillo
1072 1165 1183 1194 1111101-

174 1218 218 1247 tis
236 1217 368 1255 plenius
385 1218 528 1248 vidimus
551 1218 725 1248 contineri.
747 1219 815 1248 Nos
836 1219 939 1255 igitur
961 1218 1107 1257 ejusdem
1130 1227 1183 1247 ca-

176 1270 287 1300 nonici
303 1270 601 1309 supplicationiluis
618 1271 782 1306 inclinati,
799 1271 885 1310 quod
902 1272 936 1300 in
948 1271 1009 1301 hac
1023 1276 1114 1309 parte
1127 1281 1183 1309 per

176 1324 300 1353 dictum
314 1323 517 1353 cardinalem
530 1324 654 1353 factum
669 1329 728 1359 est,
747 1328 855 1354 ratum
872 1329 902 1354 et
916 1328 1045 1362 gratum
1061 1324 1183 1354 haben-

176 1382 235 1412 tes,
256 1386 313 1415 per
336 1381 465 1406 nostras
479 1376 608 1406 litteras
630 1377 782 1407 duximus
799 1377 1071 1407 confirmandum.
1096 1378 1184 1414 Quo-

175 1430 262 1459 circa
278 1429 473 1458 mandamus
493 1430 652 1468 quatinus
670 1430 793 1459 dictum
810 1431 867 1459 Ar.
888 1430 922 1459 in
938 1430 1183 1468 possessionem

173 1482 339 1521 prebende
356 1482 544 1520 supradicte
563 1483 591 1512 si
609 1487 701 1512 vacat
720 1483 843 1512 ibidem
865 1483 905 1512 ad
922 1492 1059 1521 presens
1078 1492 1136 1521 per
1153 1486 1183 1512 te

172 1535 224 1565 vel
241 1545 298 1573 per
315 1535 417 1564 alium
433 1535 572 1565 inducas
593 1540 623 1566 et
646 1536 805 1566 defendas
822 1535 1006 1565 inductum.
1023 1535 1182 1574 Alioquin

171 1587 374 1626 prebendam
397 1587 521 1617 ibidem
544 1588 692 1626 proximo
715 1592 905 1618 vacaturam
930 1588 960 1617 ei
988 1588 1182 1618 auctoritate

173 1645 285 1671 nostra
306 1641 458 1670 conferas
482 1641 578 1680 eique
601 1642 705 1671 facias
730 1641 768 1671 de
787 1641 893 1679 ipsius
911 1641 1127 1679 proventibus
1146 1651 1182 1671 ac

173 1693 248 1723 aliis
266 1693 465 1731 supradictis
487 1693 522 1722 in
544 1694 643 1724 scolis
661 1694 789 1731 integre
810 1694 1002 1732 responderi
1023 1703 1060 1724 ac
1080 1694 1181 1732 recipi

173 1755 247 1776 eum
269 1755 396 1775 exnunc
417 1746 452 1774 in
469 1745 609 1775 ecclesia
626 1746 814 1784 supradicta
830 1746 863 1775 in
882 1746 1078 1776 canonicum
1100 1747 1180 1776 etin

172 1800 319 1829 fratrem.
339 1799 471 1829 stallum
491 1799 556 1829 sibi
573 1799 607 1828 in
628 1799 727 1829 choro
744 1803 774 1829 et
791 1799 898 1829 locum
915 1800 948 1828 10
966 1799 1109 1837 capitulo
1129 1808 1182 1829 05-

174 1853 335 1891 signando
361 1862 398 1882 ac
420 1852 572 1883 faciendo
595 1862 670 1882 eum
695 1857 851 1891 tanquam
873 1853 1019 1891 ejusdem
1044 1852 1182 1882 ecclesie

173 1906 370 1936 canonicum
391 1906 595 1944 pertractari.
625 1907 698 1936 Non
723 1907 873 1936 obstante
898 1907 926 1935 51
952 1916 1051 1944 super
1073 1906 1182 1944 provi—

174 1959 266 1989 sione
281 1968 339 1988 sua
355 1958 441 1988 idem
455 1959 668 1996 predecessor
680 1959 799 1989 direxit
816 1959 895 1988 alibi
913 1959 1035 1997 scripta
1047 1969 1117 1995 sua⁷
1131 1959 1183 1990 vel

175 2011 202 2042 si
220 2011 332 2041 eadem
353 2011 600 2041 Xanctonensis
622 2012 758 2042 ecclesia
781 2012 818 2041 ad
838 2012 1031 2041 mandatum
1054 2017 1183 2050 aposto—

174 2065 275 2094 1101101
301 2073 399 2102 super
419 2064 560 2093 aliorum
584 2065 626 2094 sit
652 2065 898 2102 provisionibus
921 2070 1108 2103 aggravata,
1133 2065 1184 2095 vel

175 2117 262 2156 quod
272 2117 342 2155 ipse
355 2118 394 2146 A.
412 2117 536 2146 ibidem
553 2117 731 2147 annualem
746 2117 1064 2156 residentiamjuxta
1077 2118 1183 2156 ipsius

175 2169 449 2199 consuetudinem
475 2179 540 2199 non
563 2170 656 2204 fecit,
682 2170 733 2200 vel
755 2170 783 2200 si
811 2170 873 2200 loci
897 2171 1093 2200 diocesanns
1113 2171 1184 2200 dari

175 2222 308 2252 deberet
331 2222 366 2251 in
390 2222 496 2260 ipsius
520 2224 558 2252 A.
586 2223 787 2261 provisionis
807 2223 927 2253 litteris
947 2228 1111 2255 executor,
1132 2223 1184 2253 vel

174 2279 337 2313 oporteret
358 2274 474 2304 haberi
491 2275 529 2305 de
545 2275 651 2313 ipsius
669 2276 813 2314 episcopi
831 2276 964 2306 nomine
982 2277 1184 2306 mentionem

175 2337 232 2358 seu
254 2328 341 2367 1111011
363 2328 433 2366 ipsc
457 2330 494 2358 Α.
522 2338 659 2367 presens
686 2338 749 2358 non
775 2334 823 2359 est
846 2330 887 2359 ad
908 2330 1123 2368 prestandum
1145 2330 1184 2359 de

173 2381 389 2411 observandis
419 2382 552 2411 statutis
583 2382 729 2420 ejusdem
761 2382 898 2412 ecclesie
925 2383 979 2421 jus
1004 2383 1184 2421 jurandum

170 2434 263 2473 juxta
286 2434 391 2472 ipsius
412 2434 550 2464 ecclesie
576 2435 850 2464 consuetudinem
876 2439 907 2464 «t
932 2439 1055 2475 statuta
1081 2434 1130 2464 vel
1156 2435 1184 2464 si

174 2487 324 2523 personis
346 2486 493 2525 ejusdem
510 2486 648 2516 ecclesie
672 2497 689 2516 a
712 2487 794 2517 Sede
817 2487 995 2525 apostoliea
1014 2487 1056 2516 sit
1073 2487 1184 2516 indul-

175 2543 242 2567 tum
261 2539 346 2577 qnod
363 2539 659 2574 excomnulnicari,
685 2540 843 2577 suspendi
864 2539 914 2569 vel
936 2540 1104 2569 interdicti
1126 2549 1184 2570 5011

175 2591 215 2620 ad
233 2591 453 2629 receptionem
475 2591 523 2620 vel
546 2592 768 2629 provisionem
793 2592 934 2631 alicujus
955 2592 1108 2630 compelli
1129 2597 1185 2622 aut

175 2647 265 2673 extra
282 2643 330 2673 vel
350 2643 434 2672 ultra
451 2648 576 2673 certum
598 2643 704 2673 lorum
722 2645 760 2673 ad
781 2645 943 2684 judicium
966 2646 1094 2674 01110011
1120 2654 1184 2675 0011

176 2695 313 2733 possint,
330 2695 399 2725 sive
419 2696 504 2734 quod
522 2695 604 2725 alias
622 2697 777 2735 cuiquam
795 2697 832 2726 de
850 2697 1046 2726 canonicatu
1064 2702 1094 2727 et
1110 2707 1185 2735 pre-

176 2748 282 2777 benda
299 2748 445 2787 ejusden]
468 2748 606 2779 ecclesie
624 2750 794 2787 providere
817 2754 957 2788 nequeat
980 2760 1037 2788 per
1057 2750 1185 2781 litteras

176 2801 372 2839 apostolicas
397 2810 460 2831 000
484 2801 646 2831 facientes
669 2802 799 2840 plenam
823 2792 853 2831 et
879 2812 1066 2840 expressam
1091 2812 1126 2833 ae
1147 2804 1186 2833 de

178 2853 276 2883 verbo
288 2853 328 2883 ad
340 2854 475 2883 verbum
492 2854 530 2884 de
547 2854 675 2884 indulto
691 2854 880 2893 hujusmodi
895 2855 1107 2891 mentionem,
1127 2866 1185 2886 seu

1268 273 1415 311 qualibet
1432 276 1611 313 apostolica
1631 277 1840 314 indulgentia
1861 287 1919 316 per
1940 287 2038 317 quam
2062 279 2097 308 id
2118 280 2273 318 impediri

1267 325 1373 355 valeat
1389 327 1440 357 vel
1457 328 1594 364 differri,
1613 330 1681 359 sive
1701 331 1729 360 si
1748 330 1835 360 idem
1851 331 1890 360 A.
1911 331 1946 360 in
1962 331 2103 362 diversis
2121 333 2271 364 ecclesiis

1269 387 1367 416 super
1381 381 1596 418 provi[si]one
1615 391 1674 411 sua
1690 383 1799 412 felicis
1816 384 2054 414 recordationis
2067 386 2092 414 I.
2105 394 2186 424 pape
2198 395 2272 424 pre-

1267 430 1450 461 decessoris
1462 434 1567 462 nostri
1579 433 1707 464 litteras
1723 437 1933 472 presentarit7
1946 446 2004 475 per
2016 447 2097 476 quas
2111 438 2188 468 111110
2202 448 2272 477 pro-

1267 483 1389 513 visioni
1413 485 1565 515 nolumus
1586 487 1805 525 prejudicium
1831 490 1994 525 generari.
2018 491 2090 519 Dat.
2120 491 2270 529 Neapoli,

1266 535 1418 566 kalendis
1432 537 1531 576 junii,
1551 548 1636 569 anno
1653 540 1767 577 primo.
1790 553 1802 566 »

1339 699 1427 726 551
1768 702 1886 737 Naples7
1903 705 1937 731 ‘23
1954 705 2104 732 decembre
2124 708 2198 734 12:24.

1302 760 1441 793 Magistro
1462 761 1585 793 Mat-ino,
1603 762 1739 797 Capuano
1757 764 1861 795 electo,
1880 771 2006 792 reservat
2021 769 2116 793 omnia
2137 769 2274 796 beneficia

1267 817 1340 842 quae
1366 809 1487 836 habebat
1512 814 1577 836 ante
1606 813 1814 845 111-0010000001
1844 814 1939 840 istam.
1967 814 2049 847 (tuo.
2076 816 2124 846 ⁶24,

1266 857 1285 883 f.
1303 858 1370 888 (50th

2151 824 2177 843 c.
2204 817 2273 851 455,

1309 971 1321 985 «
1340 960 1482 997 Δ1111915110
1498 961 1627 997 Marivm,
1647 963 1791 999 Capuam
1805 964 1902 992 electo.
1920 963 2017 994 Clara
2031 965 2205 1002 probitatis
2221 971 2273 997 tue

1266 1011 1384 1041 merita
1401 1016 1522 1051 tuaque
1538 1013 1717 1044 laudabilis
1733 1016 1819 1054 apud
1833 1016 2046 1054 apostolicam
2063 1018 2180 1048 Sedcm
2196 1028 2273 1049 con-

1267 1065 1410 1094 versatio
1427 1069 1457 1095 et
1475 1065 1573 1103 longa
1588 1066 1784 1106 placidaque
1801 1068 2031 1105 familiaritas,
2053 1079 2089 1100 ex
2109 1071 2229 1109 quibus
2244 1076 2273 1102 te

1266 1117 1362 1147 nobis
1385 1122 1415 1147 et
1435 1118 1595 1149 fratribus
1618 1121 1740 1150 nostris
1764 1121 1946 1151 exhibuisti
1968 1127 2098 1160 gratum
2113 1124 2275 1162 multipli-

1266 1170 1348 1200 citer
1370 1175 1401 1200 et
1426 1176 1606 1209 accepttnn,
1634 1173 1798 1203 instanter
1823 1180 2017 1212 exposcunt,
2040 1180 2075 1205 ut
2099 1186 2273 1214 personam

1266 1227 1355 1253 tuam
1373 1224 1512 1253 scientia
1525 1225 1639 1263 utique
1656 1235 1692 1255 ac
1708 1227 1856 1257 moribus
1868 1228 2048 1265 predictam
2062 1234 2092 1259 et
2108 1230 2274 1268 precipuis

1266 1276 1455 1306 attollamus
1477 1278 1646 1307 favoribus
1668 1283 1698 1308 ct
1717 1280 1833 1317 gratiis
1850 1281 2040 1318 potiorilms
2061 1282 2273 1314 honoremus.

1266 1329 1366 1358 Decet
1390 1338 1531 1368 namque
1550 1334 1600 1366 ut,
1627 1331 1704 1369 qnia
1726 1332 1810 1362 circa
1832 1342 1890 1362 nos
1912 1338 1942 1363 et
1960 1335 2144 1364 Romanam
2162 1335 2275 1366 Eccle-

1267 1380 1351 1410 siam
1381 1381 1539 1412 studiosis
1566 1382 1716 1413 claruisti
1747 1385 1893 1415 servitiis
1908 1408 1913 1420 ‚
1941 1386 1988 1415 sic
2015 1390 2046 1416 te
2073 1387 2273 1425 specialibus

1267 1434 1383 1463 efferre
1404 1434 1576 1465 beneficiis
1598 1436 1807 1471 51111100111115,
1832 1441 1866 1466 111
1890 1447 1927 1467 ex
1948 1437 2009 1468 boc
2031 1443 2186 1477 appareat
2206 1440 2273 1470 evi-

1266 1485 1382 1516 denter
1397 1487 1484 1525 quod
1501 1492 1553 1517 tuc
1570 1497 1779 1527 nequaquam
1792 1499 1863 1519 esse
1875 1499 2050 1528 possumus
2062 1492 2273 1524 immemores

1265 1538 1441 1576 bonitatis⁷
1463 1540 1520 1569 sed
1542 1541 1754 1571 intendamus
1770 1542 1910 1573 firmiter
1925 1543 2013 1574 inter
2028 1548 2153 1575 ceteros
2170 1546 2275 1576 eccle-

1266 1591 1390 1621 siarum
1410 1592 1553 1630 prelatos
1570 1597 1599 1623 te
1616 1602 1745 1632 semper
1761 1595 1795 1624 in
1815 1596 1937 1625 nostris
1956 1605 2070 1634 gerere
2090 1598 2274 1629 visceribus

1264 1643 1493 1681 predilectum.
1516 1645 1603 1675 Hinc
1626 1650 1673 1676 est
1691 1647 1793 1685 1111011,
1812 1657 1887 1677 cum
1907 1648 2015 1679 felicis
2036 1651 2274 1682 recordationis

1265 1697 1289 1726 Ι.
1318 1706 1401 1734 papa
1425 1698 1639 1735 predecessor
1667 1704 1778 1730 noster
1805 1701 1943 1732 ecclesie
1968 1702 2124 1740 Capuane
2149 1704 2275 1736 diutius

1264 1749 1408 1787 presulis
1430 1750 1586 1781 destitute
1610 1751 1744 1786 solatio,
1765 1763 1828 1792 que
1846 1754 1934 1784 inter
1950 1755 2033 1785 alias
2051 1757 2145 1794 regni
2162 1758 2276 1789 Sicilie

1265 1802 1426 1840 dignitate
1438 1812 1474 1833 ac
1486 1804 1659 1835 nobilitate
1671 1806 1823 1844 refulget,
1840 1811 1869 1837 te
1883 1812 1959 1838 tunc
1972 1809 2118 1846 predicte
2130 1811 2277 1842 Ecclesie

1266 1856 1413 1885 Romane
1431 1857 1740 1889 vicecancellarium
1755 1860 1793 1890 de
1806 1861 1984 1898 apostolice
2000 1862 2208 1900 plenitudine
2224 1874 2276 1903 po-

1266 1908 1406 1943 testatis,
1420 1909 1533 1939 habito
1543 1911 1683 1940 fratrum
1696 1917 1885 1943 nostrorum
1895 1915 2045 1951 00051110,
2055 1916 2089 1945 10
2100 1917 2277 1956 archiepis-

1266 1970 1383 1999 copum
1399 1963 1575 2000 prefecerit.
1590 1968 1620 1993 et
1634 1969 1810 2002 pastorem.
1831 1967 1916 2003 Quia
1932 1977 1969 1998 eo
1986 1969 2156 2007 amplioris
2174 1971 2278 2007 gratie

1265 2015 1483 2052 preferendus
1507 2025 1540 2045 es
1562 2025 1698 2047 munere
1722 2028 1786 2057 quo
1812 2019 1961 2050 celsioris
1982 2022 2104 2052 virtute
2126 2022 2277 2053 laudabi-

1266 2067 1342 2097 liter
1360 2068 1534 2103 inveniris‚
1554 2079 1613 2099 nos
1631 2071 1778 2102 volentes
1797 2073 1837 2102 ob
1854 2073 1888 2102 id
1905 2083 2081 2111 personam
2098 2079 2188 2105 tuam
2208 2077 2278 2106 sin-

1267 2120 1375 2157 gulari
1396 2121 1491 2159 quasi
1513 2121 1768 2154 honoriticentia
1790 2124 1968 2162 1101101010,
1987 2128 2098 2157 omnia
2116 2128 2277 2160 beneficia

1267 2177 1299 2202 et
1314 2173 1498 2211 prebendas
1516 2184 1551 2204 ae
1573 2181 1705 2205 centum
1726 2186 1854 2208 marcas
1871 2180 2000 2217 argenti
2017 2180 2054 2210 de
2070 2181 2279 2213 thesaurario

1268 2225 1538 2259 Saresbiriensis,
1559 2238 1686 2258 necnon
1704 2234 1734 2259 et
1751 2230 1833 2260 01105
1850 2231 1986 2261 totidem
2003 2242 2189 2263 marcarum
2204 2236 2279 2265 red-

1267 2278 1356 2308 ditus
1376 2279 1414 2309 de
1438 2280 1576 2310 ecclesie
1600 2281 1787 2312 Delmensis
1804 2283 1946 2314 diocesis
1962 2285 2118 2324 Elyonsis
2138 2296 2279 2325 proven-

1268 2330 1356 2360 tibus
1377 2331 1435 2360 tibi
1453 2332 1598 2369 debitos⁷
1617 2333 1719 2364 donec
1737 2335 1771 2364 in
1789 2336 1961 2366 11000110115
1977 2347 2083 2376 usque
2101 2339 2141 2369 ad
2156 2344 2279 2370 certam

1268 2383 1479 2413 marcharum
1499 2387 1627 2423 argenti
1644 2396 1808 2417 summam
1824 2389 1859 2418 111
1878 2399 1980 2427 regno
1996 2391 2116 2429 Anglie
2133 2392 2192 2422 tibi
2209 2402 2280 2431 pro-

1268 2435 1375 2466 visum
1391 2437 1546 2471 extiterit,
1561 2443 1655 2476 prout
1668 2440 1702 2468 in
1714 2441 1981 2473 ordinationibus
1994 2444 2170 2482 superbiis
2182 2446 2278 2476 factis

1268 2492 1297 2518 et
1315 2490 1510 2519 auctoritate
1525 2492 1705 2529 apostolica
1717 2494 1920 2525 confirmatis
1934 2496 2066 2534 plenius
2078 2498 2277 2535 continetur,

1269 2551 1331 2579 que
1355 2546 1430 2571 ante
1452 2543 1643 2582 hujusmodi
1662 2549 1751 2575 tuam
1770 2548 2010 2585 promotionem
2032 2550 2195 2587 habebas,
2220 2552 2280 2582 tibi

1269 2595 1309 2623 ad
1325 2594 1431 2624 instar
1447 2596 1526 2625 dicti
1540 2598 1784 2635 predecessoris
1799 2601 1994 2632 auctoritate
2014 2603 2193 2641 apostolica
2211 2605 2279 2643 ple-

1269 2647 1362 2677 narie
1378 2657 1604 2685 reservamus3
1620 2651 1667 2680 ita
1683 2652 1770 2690 quod
1789 2663 1826 2683 ea
1842 2654 1953 2683 omnia
1970 2655 2069 2685 simul
2085 2665 2159 2686 cum
2176 2657 2280 2687 cccle-

1270 2699 1319 2729 sia
1344 2700 1501 2738 Capuana
1523 2701 1626 2733 libere
1652 2713 1688 2733 ac.
1714 2704 1853 2735 licenter
1877 2707 2038 2743 retineas,
2067 2708 2280 2748 ipsorumque

1270 2752 1415 2781 fruetus.
1440 2753 1588 2785 redditus
1611 2761 1641 2786 et
1666 2762 1845 2794 proventus
1870 2768 1997 2789 necnon
2024 2765 2054 2789 et
2079 2761 2189 2790 omnia
2217 2771 2280 2800 11110

1270 2803 1331 2832 tibi
1346 2814 1459 2834 eorum
1474 2807 1601 2837 ratione
1616 2813 1713 2839 antea
1724 2811 1962 2852 competebant,
1977 2812 2104 2851 integre
2118 2814 2280 2852 percipias

1270 2857 1356 2887 sicut
1378 2859 1481 2896 prius.
1507 2861 1580 2890 Non
1604 2862 1754 2893 obstante
1776 2865 2012 2896 constitutione
2031 2867 2163 2896 concilii
2181 2877 2282 2905 gene-
