2498 3325
264 241 318 269 432

268 318 280 331 J]

269 371 281 384 ))

268 422 280 436 ))

268 476 279 488 >J

267 528 279 542 >1

267 636 279 650 1>

267 689 279 703 D

266 742 279 756 ))

266 795 279 809 ὶ)

266 847 273 861 )

267 900 279 914 ))

267 953 280 968 ³)

267 1006 280 1020 ))

267 1059 280 1074 ))

266 1110 279 1125 ))

266 1163 278 1177 ))

265 1215 278 1230 ))

263 1321 276 1335 ))

264 1374 276 1388 >1

263 1426 277 1441 ))

263 1479 276 1493 ))

263 1531 276 1545 1)

263 1583 276 1598 ))

263 1635 277 1650 ))

263 1689 277 1704 ))

264 1741 278 1756 ))

265 1795 278 1809 ))

265 1847 278 1862 ))

265 1900 278 1914 ))

264 1953 278 1967 >>

264 2006 278 2020 ))

265 2059 278 2074 ))

264 2112 277 2127 5>

264 2218 277 2232 >t

265 2271 278 2285 ))

265 2322 278 2337 ))

266 2375 279 2389 ))

266 2480 279 2495 ))

266 2533 279 2547 ))

265 2585 279 2600 ))

266 2638 279 2653 t)

267 2690 280 2704 ))

266 2741 280 2756 ὶ)

267 2794 280 2809 ))

268 2847 280 2861 ))

268 2900 280 2914 ))

307 315 377 333 nius
401 304 582 342 providere.
604 308 695 340 prout
719 303 884 331 videbitur
903 307 1113 340 oportunum.
1134 303 1167 331 Si
1188 303 1266 341 quid

307 363 414 387 autu-m
453 357 484 385 in
519 356 690 394 premissis
724 366 780 393 per
817 365 875 384 nos
915 355 1024 384 taliter
1056 357 1266 394 temperatis,

306 410 441 437 dubium
461 409 625 437 videbitur
644 408 692 436 vel
712 408 955 443 (›t›s‹·111·11111,a‹l
975 408 1151 446 apostolice.
1174 409 1268 439 Sedis·

306 464 469 491 reseratur
492 470 639 491 examen.
668 466 701 490 ut
722 461 951 499 interpretatio
969 462 1171 492 conveniens
1192 462 1268 491 inde

305 516 455 554 prodeat,
474 515 559 543 unde
573 515 648 553 jura
665 519 857 543 nascuntur.

307 582 319 595 »
345 569 505 598 Dominus
522 568 632 606 itaque
649 567 858 605 supradictus
882 568 927 602 S.,
945 568 1136 602 cardinalis,
1158 568 1269 597 habito

305 622 443 652 consilio
457 621 539 651 bono·
557 621 713 650 memorie
730 620 854 649 domini
870 620 1040 655 Guilelmi,
1059 621 1171 650 Sancti
1186 621 1270 650 Eus-

306 676 417 709 tachii,
439 680 469 704 et
487 674 602 707 nostri,
621 674 773 703 Hit-cardi
791 674 903 703 Sancti
920 673 1037 711 angeli
1055 674 1268 703 diaconorum

305 728 534 761 cardinalium.
553 727 591 756 de
613 726 747 765 speciali
766 727 918 755 mandato
940 726 1065 755 domini
1085 736 1176 764 pape,
1199 727 1267 765 qui,

304 791 371 811 una
394 790 466 811 cum
485 790 533 810 eo,
551 780 714 818 predictos
738 779 895 809 articulos
917 784 947 808 et
971 780 1145 818 utriusque
1165 780 1269 817 partis

301 836 377 874 jura
400 834 577 870 diligenter
593 837 623 862 et
646 833 769 871 pariter
791 832 1007 870 inspeximus,
1029 833 1162 862 domino
1188 841 1268 871 pape

304 888 480 925 diligenter
498 886 611 915 retulit
627 885 713 924 quod
734 894 793 915 nos
811 890 875 915 tres
892 886 1069 916 concordes
1086 895 1217 915 eramus
1234 886 1268 915 in

306 940 456 970 articulis
479 948 577 977 super
599 938 783 968 intentione
800 938 975 968 ordinandi
999 939 1141 968 inferius
1166 948 1269 968 anno-

306 993 382 1023 tatis
406 997 436 1022 et
458 992 516 1026 sic,
539 992 577 1021 (le
602 991 755 1020 mandato
779 991 884 1029 ipsius
908 991 1034 1020 domini
1053 1000 1144 1029 pape.
1171 1000 1270 1029 super

304 1046 459 1084 predictis
481 1044 635 1074 omnibus
656 1043 900 1073 sententialiter
923 1044 1088 1079 ordinare,
1112 1044 1267 1079 diffinire,

305 1102 464 1131 statuere,
493 1096 655 1126 moderari
683 1105 719 1125 ac
745 1096 844 1126 etiam
867 1095 1034 1126 declarare
1059 1100 1090 1126 et
1112 1096 1269 1126 mandare

304 1150 443 1179 tirmiter
458 1149 627 1179 observari
651 1148 842 1178 intendebat
867 1152 898 1178 et
921 1148 1161 1178 deliberaverat
1179 1153 1210 1178 et
1233 1149 1268 1178 in

303 1203 435 1241 scriptis
456 1202 638 1239 redegerat.

304 1269 316 1282 »
341 1256 424 1294 (Art.
444 1256 481 1291 Ι),
503 1256 540 1284 In
564 1254 669 1292 primo
691 1254 854 1292 siquidem
873 1253 1012 1283 articulo
1033 1264 1039 1282 :
1059 1266 1071 1280 α
1093 1255 1139 1284 Ι)0
1156 1254 1269 1292 prohi-

302 1309 426 1338 bitione
453 1307 599 1337 habendi
634 1307 802 1345 proprium
828 1311 859 1337 et
886 1307 1111 1344 resignatione
1144 1307 1269 1346 proprii

302 1361 465 1395 facienda,
486 1372 498 1386 »
521 1360 684 1398 disposuit
706 1364 850 1389 statuere
874 1360 1082 1389 addendum:
1104 1373 1116 1387 «
1137 1365 1173 1390 ut
1197 1370 1268 1399 pro-

301 1413 410 1452 prium
448 1412 636 1449 resignetur
672 1412 706 1441 in
741 1421 861 1442 manus
896 1412 1013 1442 decani
1044 1417 1076 1443 et
1110 1413 1266 1452 capituli,

301 1470 453 1505 presente
471 1470 502 1495 et
520 1465 645 1495 sciente
662 1465 909 1504 archiepiscopo
928 1470 958 1496 et
980 1466 1196 1504 compellente
1213 1476 1268 1497 005

303 1518 359 1557 qui
384 1518 554 1556 proprium
577 1517 739 1547 haberent
763 1517 803 1546 ad
830 1518 906 1553 hoc,
932 1518 960 1547 si
984 1527 1120 1548 necesse
1144 1519 1265 1555 fuerit;

302 1580 340 1601 ea
361 1579 436 1601 vero
453 1579 516 1609 que
535 1570 765 1607 resignantur,
784 1575 1019 1600 convertantur
1034 1571 1069 1600 in
1088 1572 1267 1602 utilitatem

302 1623 409 1662 ipsius
422 1623 558 1661 capituli
575 1623 613 1653 de
630 1624 835 1653 conscientia
849 1624 997 1662 ejusdem
1014 1624 1267 1664 archiepiscopi,

302 1681 337 1706 ut
356 1676 463 1706 omnis
486 1676 579 1705 fraus
602 1680 633 1705 et
657 1676 786 1706 occasio
809 1676 954 1707 habendi
978 1678 1147 1716 proprium
1175 1679 1269 1708 aufe-

304 1733 414 1765 ratur,
432 1738 489 1767 per
505 1728 790 1767 archiepiscopum
810 1733 931 1764 autem,
950 1730 1111 1759 decanum
1130 1734 1161 1760 et
1179 1731 1269 1769 capi-

306 1782 411 1812 tulum
440 1781 718 1819 But-degalenses,
744 1782 969 1820 provideatur,
995 1787 1047 1818 ut,
1071 1784 1157 1822 quod
1182 1785 1269 1814 circa

303 1835 525 1873 receptionem
551 1834 667 1864 decani
692 1838 723 1864 et
747 1835 982 1864 canonicorum
1008 1844 1045 1865 ac
1071 1836 1269 1866 servitorum

303 1887 493 1918 corumdem
519 1896 557 1917 ex
583 1887 793 1924 indulgentia
817 1887 942 1917 domiui
969 1897 1051 1926 pape
1080 1889 1269 1918 ordinatum

303 1945 363 1975 est,
382 1941 429 1970 sic
445 1950 502 1978 per
518 1940 689 1970 ministros
714 1940 812 1970 utiles
834 1941 874 1970 ad
891 1941 953 1970 1100
976 1941 1179 1980 deputandos
1201 1942 1266 1978 fiat,

304 1994 390 2032 quod
408 1993 559 2023 canonici
579 1997 609 2022 et
626 1993 803 2023 servitores
816 1993 961 2023 habeant
977 1995 1167 2024 necessaria
1183 1999 1213 2025 et
1230 1995 1270 2025 ad

304 2047 474 2085 proprium
510 2045 701 2075 habendum
732 2050 763 2075 et
794 2046 834 2075 ad
865 2046 965 2076 aliam
996 2047 1031 2076 in
1060 2047 1268 2078 honestatem

302 2100 389 2130 trahi
406 2108 470 2129 non
488 2099 627 2137 possint.
647 2111 660 2125 »

305 2166 317 2179 »
344 2153 426 2192 (Art.
452 2154 506 2191 ΙΙ).
534 2152 630 2183 Circa
646 2161 723 2182 vero
742 2153 925 2183 secundum
948 2154 1142 2189 articulum,
1163 2159 1213 2191 ut,
1240 2155 1268 2185 si

303 2206 377 2244 quis
401 2205 635 2235 canonicorum
658 2205 799 2235 voluerit
821 2215 1007 2242 remanere,
1026 2208 1113 2246 quod
1131 2217 1196 2237 non
1216 2208 1269 2237 in-

303 2259 408 2292 tersit,
427 2257 550 2287 divinis
568 2257 685 2287 officiis
702 2258 832 2288 diurnis
850 2263 881 2288 et
900 2260 1082 2294 nocturnis,
1102 2260 1141 2289 ab
1159 2260 1269 2290 archi-

303 2311 473 2348 episcopo,
498 2310 525 2339 si
550 2319 686 2348 presens
710 2310 811 2340 fuerit
838 2311 873 2340 in
899 2311 972 2349 ipsa
995 2311 1135 2342 ecclesia
1158 2313 1210 2343 vel
1233 2313 1268 2342 in

304 2363 456 2392 domibus
473 2362 620 2400 capituli,
642 2363 835 2393 remanendi
850 2363 1021 2393 licentiam
1038 2369 1136 2403 petat.

307 2428 319 2442 »
345 2416 378 2445 Si
404 2419 512 2444 autem
539 2415 807 2453 archiepiscopus
833 2416 880 2446 sic
906 2426 1043 2454 presens
1066 2426 1131 2447 non
1155 2419 1267 2454 fuerit,

304 2472 393 2507 petat
408 2468 577 2497 licentiam
592 2478 609 2497 a
623 2468 746 2498 decano
760 2473 790 2498 et
802 2469 842 2498 ab
856 2478 921 2498 uno
938 2478 974 2499 ex
989 2471 1159 2501 canonicis
1171 2481 1270 2510 quem

304 2520 572 2558 archiepiscopus
589 2520 629 2550 ad
650 2521 791 2550 dandam
810 2521 1000 2561 hujusmodi
1020 2523 1191 2554 licentiam
1209 2525 1270 2554 du-

304 2573 387 2603 xerit
411 2573 649 2610 deputandum,
677 2574 715 2603 de
737 2584 801 2612 quo
824 2576 982 2605 canonico
1008 2576 1194 2614 deputando
1217 2578 1270 2607 in-

305 2626 458 2656 tendebat
477 2625 641 2661 ordinare,
665 2631 699 2655 ut
722 2627 809 2656 idem
835 2628 1104 2667 archiepiscopus
1125 2630 1166 2659 ob
1192 2639 1270 2660 cau-

305 2687 375 2707 sam
403 2677 585 2715 predictam
612 2678 765 2709 ordinare
792 2688 855 2709 non
884 2681 1030 2717 omittat;
1063 2682 1091 2711 si
1116 2691 1207 2718 vero,
1233 2692 1270 2713 ex

305 2729 498 2759 infirmitate
515 2729 566 2759 vel
582 2730 647 2759 alia
667 2731 873 2768 necessitate,
894 2733 966 2763 sine
987 2733 1123 2764 licentia
1139 2744 1271 2765 reman-

305 2783 396 2817 serit,
416 2782 477 2811 hoc
493 2787 631 2820 exponat
648 2783 895 2823 archiepiscopo
911 2786 963 2815 vel
979 2787 1135 2824 predictis
1147 2788 1270 2818 decano

306 2839 337 2864 et
353 2834 511 2864 canonico
528 2835 568 2863 ab
583 2835 696 2865 eodem
713 2836 960 2876 archiepiscopo
977 2839 1174 2877 deputando,
1195 2845 1225 2870 et
1242 2842 1271 2871 si

307 2897 371 2917 non
388 2888 488 2918 fuerit
504 2887 652 2925 legitima
669 2898 779 2925 causa,
795 2895 926 2929 propter
942 2902 1040 2930 quam
1059 2894 1268 2930 remanserit,

987 238 1225 268 REGISTRES
1247 238 1553 270 D'ALEXANDRE
1577 241 1632 270 IV.

1391 303 1446 333 ille
1464 304 1519 342 qui
1538 305 1583 333 sic
1601 305 1778 344 deliquerit
1795 306 1834 336 de
1857 306 1916 336 hoc
1938 307 1978 336 ab
1999 307 2246 346 archiepiscopo
2274 307 2325 337 vel
2341 316 2361 338 a

1390 356 1514 386 decano
1529 362 1559 387 et
1573 358 1759 397 deputando
1772 360 1941 391 canonico,
1954 360 2046 399 juxta
2059 370 2171 390 0010111
2184 361 2362 392 arbitrium

1390 410 1610 447 corrigantur.
1633 424 1645 438 »

1393 475 1405 489 n
1429 463 1514 502 (Art.
1530 465 1577 494 ΙΙΙ
1595 466 1612 494 ξι
1626 466 1675 502 V).
1690 466 1849 495 Tertium.
1865 471 2019 505 quartum
2033 471 2063 496 et
2075 467 2229 506 quintum
2241 468 2362 498 articu-

1391 516 1439 546 los
1461 521 1491 546 et
1514 518 1600 555 quod
1621 518 1660 547 de
1684 518 1771 547 trina
1792 519 1941 549 oratione
1963 519 2095 553 dicitur.
2115 528 2179 549 non
2197 520 2364 558 disposuit

1391 569 1583 604 immutare,
1603 571 1641 601 de
1666 571 1787 610 quibus
1814 572 1860 601 sic
1884 571 1964 601 dixit
1983 582 1989 600 ;
2014 572 2052 602 de
2072 573 2172 602 Trina
2193 573 2360 608 oratione,

1391 622 1430 652 ‹le
1451 622 1590 652 articulo
1611 624 1781 659 Cantoris,
1799 624 1838 654 de
1861 624 2053 654 executione
2073 625 2308 655 edomadarum
2327 628 2361 656 et

1393 675 1532 705 articulo
1547 676 1778 711 Thesaurarii,
1797 686 1860 716 que
1878 677 1917 706 ad
1939 677 2051 706 limam
2074 678 2284 708 rectitudinis
2302 687 2363 716 per

1391 728 1615 758 venerabilem
1642 734 1767 767 patrem
1792 729 1961 759 dominum
1979 731 2030 764 G..
2049 730 2262 765 cardinalem.
2283 734 2363 761 sunt

1392 781 1537 816 reducta,
1557 790 1621 811 non
1644 782 1794 811 videmus
1815 791 1888 812 esse
1907 782 2119 821 aliquatenus
2141 783 2359 820 immutanda,

1392 835 1564 864 occasione
1583 835 1707 865 tenoris
1724 834 1932 873 indulgentie
1948 835 2074 864 domini
2087 844 2180 874 pape,
2196 836 2254 875 qui
2265 835 2363 866 nobis

1393 892 1547 918 ostensus
1567 888 1640 918 fuit.
1659 888 1716 927 qui
1737 887 1811 918 talis
1831 888 1954 918 existit.

1988 980 2077 1016 Lyon,
2094 981 2108 1007 4
2125 981 2194 1008 avril
2213 981 2291 1009 ¹247.

1395 1055 1407 1069 »
1433 1043 1661 1077 InnocentiuS,
1680 1043 1864 1081 episcopus,
1883 1052 1999 1073 servus
2021 1052 2191 1073 servorum
2214 1044 2287 1079 Dei,
2311 1043 2366 1074 di-

1392 1095 1487 1125 lectis
1510 1095 1590 1125 filiis
1609 1095 1732 1125 decano
1753 1100 1785 1126 et
1807 1095 1951 1134 capitulo
1968 1096 2290 1134 Burdegalensihus,
2308 1105 2365 1127 sa-

1392 1147 1495 1177 lutem
1521 1152 1552 1177 et
1576 1148 1789 1186 apostolicam
1815 1148 2091 1179 benedictionem.
2119 1150 2238 1179 Vestra
2265 1149 2364 1180 nohis

1393 1200 1523 1230 devotio
1545 1201 1724 1235 intimavit,
1742 1201 1829 1240 quod
1844 1201 2046 1232 venerabilis
2068 1203 2172 1232 frater
2195 1206 2308 1233 noster
2327 1226 2361 1240 ..,

1393 1253 1664 1292 archiepiscopus
1680 1253 1878 1289 Auxssanus,
1896 1258 1927 1283 et
1941 1254 2065 1292 college
2081 1255 2199 1293 ipsius,
2217 1255 2367 1295 inquisi-

1393 1311 1480 1336 tores
1496 1306 1562 1336 dati
1585 1316 1603 1336 a
1624 1306 1719 1336 nobis
1736 1306 1771 1335 in
1789 1306 1929 1336 ecclesia
1948 1311 2071 1342 vestra,
2088 1307 2193 1337 multa
2209 1312 2366 1347 precepta

1393 1364 1424 1389 et
1441 1363 1564 1389 statuta
1575 1359 1667 1389 varia
1678 1363 1709 1389 et
1721 1359 1835 1397 gravia
1848 1359 1883 1388 in
1894 1359 2008 1389 eadem
2023 1359 2163 1390 ecclesia
2174 1360 2363 1398 ediderunt,

1393 1421 1456 1451 que
1479 1412 1514 1441 in
1536 1412 1624 1442 beati
1640 1412 1822 1449 Augustini
1841 1412 1955 1450 regula
1975 1413 2113 1443 minime
2130 1413 2364 1451 continentum

1392 1474 1494 1504 quare
1520 1474 1538 1495 a
1563 1465 1659 1495 nobis
1687 1465 1861 1496 humiliter
1887 1465 2097 1504 postulastis,
2125 1470 2162 1496 ut
2190 1467 2366 1505 providere

1392 1519 1485 1549 vobis
1513 1528 1612 1557 super
1638 1519 1699 1548 1100
1729 1523 1867 1557 paterna
1900 1518 2126 1549 sollicitudine
2157 1528 2364 1551 curaremus.

1391 1572 1459 1602 Nos
1490 1572 1608 1610 igitur,
1643 1571 1764 1602 vestris
1796 1571 2097 1610 supplicationibus
2126 1572 2298 1608 inclinati,
2327 1575 2366 1604 ut

1392 1625 1433 1654 ad
1459 1624 1666 1654 observanda
1691 1628 1814 1654 statuta
1839 1623 1890 1654 vel
1914 1628 2068 1662 precepta
2092 1625 2273 1656 eorundem
2303 1635 2364 1657 seu

1392 1677 1534 1707 aliorum
1549 1677 1789 1716 inquisitorum
1805 1676 1857 1707 vel
1872 1676 2056 1715 legatorum
2071 1677 2166 1708 Sedis
2182 1677 2365 1716 apostolice

1393 1735 1449 1761 aut
1475 1731 1665 1761 eorumdem
1695 1729 1996 1767 subdelegatorum,
2023 1730 2117 1760 vobis
2141 1731 2269 1767 invitis,
2298 1731 2366 1762 mi-

1393 1783 1482 1813 nime
1502 1783 1695 1818 teneamini,
1713 1783 1779 1812 nisi
1796 1783 1836 1812 ad
1855 1791 1892 1812 ea
1908 1782 2077 1812 dumtaxat
2088 1792 2151 1822 que
2167 1783 2202 1813 in
2216 1784 2367 1823 predicta.

1392 1835 1507 1874 regula
1535 1835 1776 1874 exprimuntur,
1806 1835 2002 1865 auctoritate
2035 1836 2127 1866 vobis
2156 1837 2366 1874 presentium

1392 1889 1616 1927 indulgemus.
1634 1888 1728 1919 Nulli
1745 1897 1822 1927 ergo
1839 1893 1900 1918 etc.
1918 1897 2023 1927 usque
2042 1899 2048 1917 :
2069 1889 2296 1920 concessionis
2313 1890 2364 1920 iu-

1392 1942 1539 1979 fringere
1552 1941 1603 1972 vel
1617 1942 1647 1972 ei
1661 1951 1745 1972 ausu
1759 1950 1865 1980 usque
1879 1951 1885 1970 :
1899 1941 2125 1972 incursurum.
2141 1943 2263 1973 Datum
2275 1943 2366 1974 Lud-

1392 1995 1484 2030 duni,
1503 1995 1548 2025 ΙΙΟ
1564 2003 1668 2025 nonas
1686 1994 1812 2033 aprilis,
1826 2003 1913 2024 anno
1931 1995 1998 2024 IV⁰.
2019 2007 2031 2021 »

1394 2060 1407 2074 »
1431 2048 1516 2087 (Art.
1533 2047 1604 2086 VI).
1622 2047 1705 2078 Cum
1724 2047 1878 2077 dominus
1895 2056 1977 2085 papa
1995 2051 2110 2077 contra
2125 2048 2240 2086 gravia
2255 2052 2287 2079 et
2304 2057 2364 2080 va-

1391 2100 1442 2130 ria
1459 2104 1611 2139 precepta
1627 2104 1659 2130 et
1674 2104 1798 2129 statuta
1816 2100 1864 2129 eis
1880 2108 1938 2138 per
1954 2099 2102 2130 eamdem
2118 2100 2365 2139 indulgentiam

1391 2153 1534 2184 voluerit
1552 2153 1735 2191 providere,
1752 2152 1895 2182 maxime
1912 2161 1985 2182 curn
2004 2162 2062 2190 per
2078 2153 2166 2183 beati
2182 2154 2365 2193 Augustini

1391 2206 1541 2244 regulam
1573 2206 1661 2235 eirca
1694 2205 1835 2235 formam
1864 2205 1997 2235 vivendi
2022 2210 2053 2235 et
2080 2205 2146 2236 alia
2173 2207 2365 2238 necessaria

1392 2265 1458 2289 tam
1475 2260 1509 2289 in
1526 2259 1644 2289 officiis
1661 2267 1760 2298 quam
1776 2259 1810 2288 in
1826 2258 1902 2288 aliis
1914 2258 2070 2297 religioni
2084 2260 2284 2291 necessariis
2296 2269 2364 2291 non

1391 2312 1487 2352 plene
1498 2313 1533 2341 in
1545 2312 1699 2342 omnibus
1712 2311 1918 2350 disponatur,
1929 2320 2028 2350 super
2039 2316 2130 2342 sexto
2142 2313 2292 2348 articulo,
2304 2313 2364 2353 qui

1391 2365 1510 2404 incipit
1527 2375 1533 2394 :
1553 2377 1565 2392 «
1584 2364 1797 2404 Injungimus
1817 2364 1987 2394 canonicis
2004 2369 2037 2394 ut
2054 2365 2292 2403 prebendarios
2308 2375 2364 2397 ca-

1391 2417 1540 2456 pellanos
1565 2429 1578 2443 >⁷
1601 2421 1675 2452 etc.,
1694 2416 1888 2447 intendebat
1910 2417 2037 2446 servari
2060 2417 2147 2455 quod
2166 2417 2291 2448 dictum
2313 2421 2366 2450 est

1391 2471 1426 2500 10
1451 2470 1513 2499 1100
1540 2469 1680 2499 articulo
1710 2478 1768 2507 per
1794 2468 1979 2507 predictum
2006 2469 2178 2499 dominum
2206 2470 2364 2508 Egidium

1392 2523 1606 2558 cardinalem,
1625 2522 1799 2557 mandans,
1818 2526 1866 2557 ut,
1887 2521 2046 2560 quamdiu
2064 2522 2275 2553 celebrantur
2291 2523 2365 2553 offi-

1392 2577 1444 2606 cia
1466 2577 1501 2606 in
1524 2575 1672 2614 predicta
1699 2574 1840 2606 ecclesia
1861 2575 1974 2605 Sancti
1994 2575 2142 2610 Andree,
2167 2575 2308 2606 maxime
2326 2576 2364 2606 in

1393 2629 1572 2659 missarum
1589 2627 1808 2667 sollempniis,
1824 2626 2000 2666 judiciales
2017 2627 2175 2666 strepitus
2192 2628 2366 2667 conquies-

1393 2686 1480 2717 cant,
1505 2691 1580 2712 cum
1601 2690 1659 2720 per
1681 2684 1929 2720 procuratorem
1954 2680 2156 2710 venerabilis
2181 2681 2286 2719 patris
2309 2690 2365 2711 ar-

1394 2735 1596 2773 chiepiscopi
1613 2733 1873 2772 Burdegalensis
1895 2733 1925 2763 ei
1943 2733 2141 2769 constiterit,
2159 2733 2246 2772 quod
2264 2742 2366 2765 cause

1394 2788 1429 2817 in
1444 2788 1517 2826 ipsa
1534 2787 1674 2817 ecclesia
1691 2786 1826 2816 tractari
1842 2794 1907 2816 non
1924 2789 2063 2824 possunt
2079 2785 2204 2824 absque
2221 2785 2366 2825 impedi-

1393 2846 1504 2871 mento
1521 2840 1709 2870 divinorum
1727 2839 1920 2875 officiorum,
1941 2838 2018 2868 dum
2037 2838 2110 2877 ipsa
2125 2838 2238 2868 divina
2255 2838 2365 2869 officia

1394 2893 1615 2924 celebrantur.
