2441 3330
922 222 1145 260 PREMIERE
1167 230 1259 261 ANN
1270 223 1331 262 aa.
2131 237 2166 266 57

79 295 136 322 chii
153 294 295 321 cardinale
306 294 341 320 de
357 294 488 321 mandato
505 294 665 322 Innocentii
678 304 766 330 papae
777 295 817 322 lv
830 296 1003 330 praefectum
1015 303 1084 321 con-

76 343 184 376 firmat,
207 342 317 368 litteras
342 341 517 376 Innocentii‚
544 342 625 369 datas
650 343 800 377 Anagniae
824 343 853 370 II
878 344 932 370 kal.
958 343 1084 370 octobris

39 410 42 411 γ
78 391 264 426 pontificatus
285 391 350 424 ejus
370 398 444 416 anno
467 389 541 421 XII,
559 394 587 416 et
603 390 761 421 Guillelmi.
779 391 858 418 datas
874 392 974 418 Troiae
991 391 1016 416 V
1034 400 1084 418 no-

78 439 204 465 vembris
220 438 350 472 ejusdem
367 438 433 465 anni
449 438 614 466 inserendo.
635 439 715 470 (Rae.
731 439 774 473 ³24,
792 448 816 466 c.
838 440 896 470 184,
914 440 931 466 f.
949 440 1004 472 23.)

121 552 133 566 t(
153 540 305 571 Donacleo,
332 540 419 568 electo
440 539 631 568 Civitatensi.
654 540 776 569 Petitio
797 544 851 569 tua
875 540 970 570 nobis
994 539 1087 570 exhi-

77 591 147 621 bita
165 591 354 621 continebat
369 591 465 629 quod,
488 600 563 621 cum
578 591 687 621 felicis
705 592 944 622 recordationis
961 593 987 622 Ι.
1004 602 1088 630 papa

77 644 291 683 predecessor
315 648 427 673 noster
451 643 529 674 olim
554 644 691 674 obtentu
714 644 825 674 dilecti
848 644 909 673 filii
937 667 969 679 ..,
992 644 1087 674 electi

78 696 239 735 Capuam,
257 697 351 736 cujus
368 696 558 735 capellanus
575 700 653 726 tunc
666 697 824 734 temporis
843 697 1019 731 existebas,
1038 697 1088 726 di-

78 748 163 779 lecto
187 749 255 779 filio
281 754 394 780 nostro
420 750 459 779 G.
487 749 594 779 sancti
619 749 791 779 Eustachii
817 749 954 779 diacono
981 750 1089 779 cardi-

78 801 147 831 nali
165 805 244 831 tunc
269 801 446 840 apostolice
472 802 567 832 Sedis
589 801 697 839 legato
724 802 794 831 suis
820 802 946 832 dederit
966 802 1088 832 litteris

77 853 113 883 in
129 854 294 884 mandatis
311 858 348 884 ut
363 855 402 884 de
416 858 447 885 te
464 863 562 893 quem
579 854 643 884 sibi
662 854 881 892 plurimorum
897 855 1088 886 testimonia,

77 907 351 937 commendabant
378 907 577 938 Civitatensi
605 907 743 937 ecclesie
766 907 972 945 provideret,
1000 908 1088 938 idem

77 959 258 989 cardinalis
268 959 362 998 juxta
380 959 571 992 mandatum
588 959 805 998 apostolicum
824 963 852 989 te
866 963 945 989 tunc
956 961 1088 990 canoni-

77 1020 152 1041 cum
168 1012 443 1042 Beneventanum
463 1012 601 1050 prefecit
625 1012 731 1042 eidem
754 1011 893 1042 ecclesie
909 1013 943 1042 in
961 1013 1088 1050 episco-

75 1073 155 1103 pum
175 1068 206 1094 et
227 1069 410 1102 pastorem,
434 1065 493 1094 tibi
516 1064 840 1094 administrationem
861 1065 1087 1102 spiritualium

77 1122 108 1148 et
132 1117 365 1156 temporalium
388 1118 495 1156 ipsius
520 1118 658 1148 ecclesie
682 1118 907 1153 concedendo,
932 1122 1029 1156 prout
1052 1119 1086 1148 in

76 1170 225 1209 ejusdem
254 1170 433 1200 cardinalis
465 1170 586 1201 litteris
621 1171 780 1200 confectis
809 1171 926 1201 exinde
955 1171 1087 1209 plenius

76 1222 277 1252 continetur.
294 1223 373 1253 Tuis
389 1223 502 1261 itaque
514 1223 670 1262 precibus
686 1223 855 1255 inclinati,
874 1224 961 1262 quod
977 1224 1016 1253 ab
1033 1233 1088 1254 eo-

77 1277 152 1307 dem
169 1277 331 1308 cardinali
346 1287 445 1316 super
459 1277 521 1307 hoc
537 1278 662 1308 factum
679 1282 738 1313 est,
756 1282 865 1308 ratum
881 1278 1042 1309 habentes
1057 1283 1088 1309 et

78 1334 222 1368 gratum,
247 1330 331 1360 illud
354 1329 549 1361 auctoritate
572 1331 751 1369 apostolica
772 1331 1006 1361 confirmamus
1025 1336 1085 1361 etc.

76 1391 183 1422 usque
203 1384 455 1414 communimus.
484 1385 646 1414 Tenorem
667 1384 856 1414 litterarum
877 1385 1025 1423 ipsarum
1049 1385 1087 1415 de

75 1436 176 1467 verbo
193 1437 233 1467 ad
247 1437 385 1467 verbum
399 1437 611 1475 presentibus
628 1437 733 1468 inseri
747 1438 919 1474 facientes,
938 1439 995 1477 qui
1011 1439 1087 1469 talis

77 1493 127 1520 est
144 1499 151 1519 :

621 1555 716 1588 Troia,
734 1557 748 1583 5
765 1557 920 1583 novembre
937 1557 1014 1584 1254.

118 1630 130 1645 α
158 1617 370 1654 Guillelmus‚
397 1618 612 1649 miseratione
639 1619 753 1648 divina
782 1619 889 1649 sancti
915 1620 1088 1650 Eustachii

77 1683 90 1699 1>
115 1670 274 1701 diaconus
283 1671 474 1707 cardinalis,
487 1671 665 1710 apostolice
679 1672 773 1702 Sedis
788 1672 927 1711 legatus,
942 1673 1011 1703 viro
1023 1673 1087 1703 dis-

78 1735 91 1751 »
116 1727 204 1754 creto
220 1723 339 1754 dilecto
355 1724 390 1753 in
411 1724 544 1755 Christo
566 1725 761 1764 presbytero
784 1726 956 1761 Donadeo,
979 1726 1087 1765 capel-

77 1788 91 1803 »
115 1775 192 1806 lano
209 1776 274 1806 viri
292 1777 494 1807 venerabilis
514 1800 548 1812 ..,
573 1777 723 1816 Capuani
744 1778 860 1814 electi,
888 1778 1029 1809 salutem
1051 1780 1085 1808 in

77 1840 91 1856 n
115 1829 268 1858 Domino.
289 1829 426 1860 Noverit
443 1829 600 1860 discretio
617 1835 727 1860 vestra
743 1840 802 1860 nos
819 1840 837 1860 a
851 1840 978 1861 summo
994 1836 1086 1870 patre

76 1893 90 1908 n
114 1882 255 1911 Domino
272 1882 311 1917 I.,
331 1882 392 1912 Dei
410 1882 516 1920 gratia
532 1892 660 1913 summo
673 1884 840 1921 pontifice,
856 1885 1021 1923 recepisse
1035 1884 1086 1914 lit-

77 1946 90 1962 »
113 1938 200 1965 teras
217 1934 251 1964 in
267 1934 329 1964 hac
345 1935 452 1965 forma
469 1945 475 1964 2

559 2022 686 2057 Anagni,
705 2023 736 2049 30
753 2023 916 2057 septembre
938 2024 1012 2050 1954.

114 2094 127 2109 α
141 2082 357 2113 Innocentius
368 2083 684 2128 episcopususervus
697 2094 868 2114 servorum
879 2085 951 2121 Dei,
966 2085 1084 2115 dilecto

113 2134 181 2165 filio
197 2136 236 2166 G.
255 2136 361 2166 sancti
378 2136 551 2166 Eustachii
564 2137 702 2167 diacono
719 2138 892 2173 cardinali,
907 2138 1083 2177 apostolice

115 2188 209 2218 Sedis
233 2188 352 2226 legato,
383 2189 523 2219 salutem
547 2194 608 2220 etc.
634 2191 793 2220 Precibus
819 2191 931 2221 dilecti
959 2191 1019 2220 sitii
1049 2215 1081 2226 ..‚

113 2241 208 2272 electi
235 2242 402 2280 Capuani,
432 2242 614 2280 benignum
640 2243 869 2282 impertientes
896 2253 1081 2280 assensum,

112 2294 307 2325 mandamus
329 2295 487 2333 quatinus
507 2295 663 2325 dilectum
686 2296 793 2326 filium
816 2297 1009 2327 Donadeum
1029 2306 1083 2326 ca-

111 2346 279 2385 pellanum
299 2348 386 2386 ejtis,
404 2348 601 2378 canonicum
625 2349 914 2385 Beneventanum,
933 2350 971 2379 de
988 2351 1082 2389 cujus

113 2399 263 2435 scientia,
275 2400 343 2429 vita
357 2404 385 2430 et
402 2401 549 2430 moribus
563 2401 730 2431 laudabile
746 2402 840 2431 nobis
856 2402 1081 2432 testimonium

111 2451 316 2490 perhibetur,
339 2452 477 2482 ecclesie
500 2453 730 2489 Civitatensis,
753 2455 986 2484 Beneventane
1006 2464 1082 2492 pro-

114 2503 237 2538 vincie,
259 2504 411 2542 preficias
431 2505 625 2534 auctoritate
650 2510 762 2535 nostra
784 2506 818 2534 in
840 2506 1028 2544 episcopum
1052 2510 1082 2534 ct

112 2560 287 2594 pastorem,
306 2557 432 2587 faciens
450 2557 479 2587 ci
497 2558 536 2587 ab
557 2558 628 2597 ejus
647 2559 789 2587 subditis
812 2559 1032 2588 obedientiam
1052 2563 1082 2588 et

113 2609 332 2645 reverentiam
358 2609 502 2639 debitam
526 2610 686 2639 exhiberi.
711 2611 988 2641 Contradictores.
1007 2612 1080 2640 Non

113 2660 263 2690 obstante
282 2661 310 2690 si
334 2661 502 2700 aliquibus
519 2680 567 2691 —.
586 2663 659 2692 Dat.
682 2663 850 2701 Anagnis),
874 2665 905 2693 ΙΙ
922 2663 1080 2693 kalendas

112 2712 265 2747 octobris,
283 2713 495 2751 pontificatus
512 2715 618 2744 nostri
637 2725 723 2745 anno
740 2716 942 2746 duodecimo.
967 2730 979 2742 D

114 2777 126 2791 n
143 2765 300 2795 Volentes
315 2766 417 2804 igitur
431 2771 463 2796 ut
484 2771 634 2797 tenemur
646 2769 834 2807 apostolicis
847 2769 979 2799 obedire
992 2778 1080 2798 man-

74 2829 87 2844 »
111 2818 207 2854 datis,
222 2819 415 2849 auctoritate
429 2820 523 2850 nobis
536 2830 634 2859 super
646 2821 706 2851 boc
725 2822 854 2858 tradita,
874 2832 929 2851 vos
944 2822 978 2851 in
998 2821 1080 2860 cpis-

75 2881 87 2897 n
112 2879 228 2909 copum
254 2871 380 2909 prefate
412 2872 630 2903 Civitatensis
662 2874 801 2904 ecclesie
830 2875 1019 2913 preficimus
1050 2878 1080 2903 ct

195 2935 418 2961 ALEXANDRE
436 2937 484 2967 1v,
502 2941 520 2962 t.
541 2938 560 2962 1.

75 2723 88 2739 δ
76 2672 88 2687 :5
75 2620 88 2635 δ
75 2567 89 2582 5
75 2515 89 2530 δ
75 2463 88 2478 δ
75 2411 88 2426 ὅ
74 2358 87 2373 ὅ
74 2306 87 2321 ἕ
74 2253 88 2268 θ
75 2199 88 2214 θ
75 2147 88 2162 θ

1168 308 1180 321 >>
1204 301 1388 334 pastorem,
1423 298 1745 328 administrationem
1774 298 1879 337 ipsius
1909 299 2045 330 ecclesie
2073 301 2165 331 vobis

1168 360 1180 374 >⁷
1206 353 1271 377 tam
1288 349 1322 378 in
1336 349 1566 387 spiritualibus
1582 359 1679 388 quam
1695 350 1930 389 temporalibus
1947 353 2164 383 concedendo.

1169 412 1174 425 ³
1206 401 1302 430 Unde
1322 401 1361 429 ad
1380 402 1525 431 futuram
1540 402 1733 432 memoriam
1749 407 1777 432 et
1795 404 1896 432 vestri
1916 404 2014 433 ctiam
2034 405 2167 435 eviden-

1207 455 1272 481 tem
1292 453 1453 482 cautelam
1476 458 1644 491 presentes
1666 453 1792 484 litteras
1820 460 1948 485 nostras
1975 456 2067 486 vobis
2095 457 2166 487 fieri

1170 503 1348 533 »fecimus
1385 504 1488 541 sigilli
1523 505 1627 535 nostri
1664 506 1848 535 munimine
1882 507 2060 537 roboratas.
2093 509 2166 538 Dat.

1171 567 1183 581 »
1208 555 1318 589 Troie,
1344 557 1373 585 V
1398 557 1603 586 novembris.
1629 558 1711 586 XIII
1737 558 1932 594 indictione,
1958 560 2167 597 pontificatus

1171 620 1183 633 ι)
1210 607 1335 637 domini
1354 609 1379 637 I.
1398 617 1479 646 pape
1495 610 1563 638 IIII
1580 618 1665 638 anno
1682 610 1884 639 duodecimo.
1905 622 1917 636 n

1208 659 1301 689 Nulli
1327 665 1386 691 etc.
1411 665 1521 690 nostre
1547 662 1807 691 confirmationis
1834 666 1892 692 etc.
1922 663 1995 692 Dat.
2019 663 2167 702 Neapoli,

1170 712 1266 741 nonis
1280 713 1438 751 januarii,
1457 722 1542 743 anno
1558 713 1675 751 primo.
1696 726 1708 739 »

1170 464 1175 477 )

1241 875 1330 905 2⁰3

1205 937 1366 972 Capitulum
1381 936 1555 964 Civitatense
1571 937 1698 964 hortatur
1713 940 1819 963 attente
1835 938 1973 964 mandans
1991 942 2020 965 ut
2036 938 2170 965 Donadeo

1170 990 1305 1020 tanquam
1324 985 1431 1020 pastori
1452 985 1611 1011 animarum
1632 985 1822 1011 obedientiam
1845 986 2000 1020 impendat.
2022 986 2104 1019 (Rea.
2126 987 2168 1018 ⁶24,

1169 1043 1195 1061 c.
1214 1035 1286 1066 184²,
1304 1034 1324 1060 f.
1341 1033 1397 1067 23.)

1733 875 1850 910 Naples,
1868 877 1882 903 5
1895 877 2007 910 janvier
2025 877 2100 906 1‘255.

1212 1147 1224 1161 «
1244 1135 1383 1172 Capiticlo
1405 1134 1595 1163 civitatensi.
1621 1134 1741 1164 Petitio
1763 1133 1875 1164 dilecti
1895 1134 1956 1163 filii
1978 1152 2024 1164 —.
2046 1136 2118 1165 Dat.
2136 1141 2168 1165 ut

1170 1197 1280 1227 supra.
1301 1200 1313 1213 n

1205 1293 1237 1320 In
1254 1302 1279 1320 e.
1297 1301 1336 1319 m.
1353 1293 1429 1319 clero
1445 1292 1568 1319 civitatis
1584 1295 1612 1318 et
1626 1292 1751 1318 diocesis
1765 1291 1995 1319 Civitatensium.

1205 1342 1238 1368 ln
1261 1350 1286 1368 e.
1308 1350 1344 1368 m.
1367 1341 1473 1376 populo
1497 1341 1621 1367 civitatis
1637 1344 1665 1366 et
1680 1340 1805 1367 diocesis
1820 1340 2036 1368 civitatensium
2054 1350 2144 1376 usque
2164 1354 2168 1368 :

1171 1391 1272 1417 devote
1289 1390 1380 1425 ipsius
1397 1389 1513 1416 monitis
1529 1392 1557 1415 et
1570 1388 1710 1415 mandatis
1726 1388 1889 1415 salubribus
1903 1389 2103 1416 inviolabiliter
2117 1389 2169 1416 ob-

1170 1438 1300 1465 servetis.
1319 1437 1384 1464 Dat.
1405 1440 1434 1463 ut
1450 1445 1548 1471 supra.
1656 1436 1663 1443 '

1205 1486 1236 1513 In
1253 1495 1278 1513 e.
1291 1494 1327 1512 m.
1339 1485 1470 1511 vassallis
1479 1484 1661 1510 Civitatensis
1676 1484 1797 1511 ecclesie
1808 1492 1899 1518 usque
1914 1495 1918 1511 ε
1931 1485 2066 1519 quatinus
2077 1485 2167 1511 eidem

1169 1536 1260 1562 electo
1282 1534 1418 1569 prestetis
1436 1533 1530 1567 ipsius
1550 1532 1671 1559 ecclesie
1691 1533 1805 1559 nomine
1825 1532 1969 1559 fidelitatis
1989 1533 2072 1559 solite
2088 1535 2171 1567 Jura-

1169 1588 1297 1610 mentum
1313 1586 1342 1608 et
1356 1582 1412 1608 sibi
1429 1581 1463 1607 de
1479 1581 1540 1607 suis
1552 1581 1669 1615 juribus
1684 1581 1794 1615 integre
1810 1581 1984 1615 respondere
1999 1581 2116 1615 curetis,
2132 1583 2170 1608 ita

1169 1632 1245 1668 quod
1260 1633 1289 1658 in
1305 1631 1387 1657 vobis
1403 1630 1566 1664 repperisse
1583 1629 1743 1655 devotionis
1759 1630 1831 1655 filios
1847 1630 1901 1655 sibi
1916 1632 2041 1656 vertatur
2056 1630 2082 1655 in
2100 1638 2170 1664 gau-

1169 1682 1247 1708 dium
1263 1685 1291 1707 et
1308 1688 1359 1706 vos
1376 1680 1402 1705 in
1420 1687 1454 1705 eo
1470 1682 1578 1713 patrem
1595 1679 1724 1704 habeatis
1738 1678 1854 1704 assidue
1873 1679 2040 1712 gratiosum.
2059 1678 2123 1706 Dat.
2142 1682 2170 1705 ut

1168 1739 1265 1765 supra.

1240 1890 1330 1918 210
1719 1886 1835 1920 Naples,
1851 1886 1885 1912 25
1900 1886 2004 1912 fevi-ier
2022 1886 2098 1913 1255.

1203 1952 1342 1986 Magistro
1358 1949 1516 1982 Rostantto,
1531 1949 1707 1975 subdiacono
1721 1951 1748 1974 et
1764 1948 1909 1982 capellano
1924 1955 1986 1978 suo,
2000 1946 2126 1980 indulget
2140 1950 2169 1972 ut

1167 2001 1223 2028 duo
1247 1999 1443 2027 ecclesiastica
1462 1998 1600 2025 beneficia
1620 2005 1685 2024 cum
1706 2005 1773 2023 cura
1789 1996 1831 2021 vel
1848 1996 1911 2022 sine
1926 2004 1994 2022 cura
2010 1995 2083 2021 licite
2100 1995 2169 2021 reci-

1168 2058 1234 2084 pere
1256 2057 1289 2075 ac
1312 2047 1429 2074 insimul
1454 2050 1564 2081 praeter
1584 2046 1698 2072 obtenta
1720 2045 1825 2079 quibus
1847 2052 1915 2070 cura
1934 2043 2091 2069 animarum
2113 2050 2167 2069 nou

1167 2099 1296 2125 imminet
1312 2097 1434 2122 retinere
1452 2096 1550 2121 valeat.
1568 2094 1650 2126 (Rae.
1666 2093 1710 2124 24,
1729 2101 1754 2120 c.
1775 2093 1832 2123 185,
1850 2092 1870 2119 f.
1885 2092 1942 2124 23.)

1208 2212 1221 2225 «
1248 2199 1391 2235 Magistro
1420 2196 1581 2229 Itosmndo,
1610 2195 1792 2223 subdiacono
1817 2198 1842 2221 el
1871 2193 2025 2229 capellano
2053 2197 2162 2220 nostro.

1165 2251 1352 2290 Apostolice
1371 2249 1464 2279 Sedis
1480 2247 1669 2284 benignitas
1685 2263 1733 2274 —-.
1754 2246 1826 2274 Dat.
1842 2243 1990 2282 Neapoli,
2008 2244 2036 2273 V
2051 2243 2166 2273 kalen-

1166 2305 1223 2335 das
1240 2303 1362 2337 martii,
1381 2311 1466 2331 anno
1482 2301 1597 2339 primo.
1619 2312 1632 2326 υ

1236 2468 1289 2496 zi
1302 2467 1322 2494 Ι
1759 2460 1876 2496 Naples,
1893 2460 1908 2487 3
1924 2467 2001 2486 mars
2018 2458 2095 2485 1255.

1200 2529 1338 2564 Magistro
1355 2528 1482 2554 Roherto
1498 2527 1533 2553 de
1547 2525 1693 2558 Tettonia‚
1711 2524 1787 2557 regis
1803 2522 1924 2557 Angliae
1939 2521 2052 2551 clerico,
2069 2519 2166 2546 indul-

1164 2582 1221 2613 get,
1236 2581 1275 2611 ut,
1289 2580 1399 2611 praeter
1412 2575 1561 2602 eeclesiam
1574 2574 1608 2600 de
1620 2572 1780 2602 Weddene,
1795 2569 2016 2597 saresbiriensis
2030 2567 2163 2597 diocesis,

1164 2634 1261 2654 curam
1278 2626 1436 2651 animarum
1454 2623 1605 2649 habentem
1622 2622 1706 2654 cujus
1726 2622 1882 2654 proventus
1898 2617 1925 2643 X
1942 2623 2099 2642 marcarum
2117 2623 2165 2639 va—

1164 2675 1278 2700 lentiam
1296 2672 1378 2699 annis
1395 2671 1517 2705 singulis
1534 2670 1580 2695 vix
1597 2669 1753 2701 excedunt,
1771 2667 1862 2701 possit
1877 2665 1970 2691 adbuc
1987 2664 2099 2690 unicum
2117 2671 2163 2687 ec-

1164 2722 1357 2748 clesiasticum
1373 2719 1544 2746 beneficium
1561 2718 1646 2744 ctiam
1663 2717 1688 2743 si
1704 2716 1827 2750 dignitas
1844 2714 1885 2739 vel
1903 2714 2073 2747 personatus
2089 2711 2164 2736 exis-

1164 2774 1203 2797 tat
1217 2769 1354 2804 recipcre.
1373 2768 1456 2802 (Risu.
1473 2767 1516 2801 2³4,
1533 2774 1558 2792 c.
1577 2766 1636 2798 186,
1655 2765 1673 2791 f.
1689 2764 1746 2796 ⁴23.)

1206 2884 1217 2897 «
1238 2871 1380 2907 Mayistro
1398 2869 1517 2897 lieberto
1539 2867 1572 2895 (Ze
1594 2866 1742 2899 Tetlonia,
1761 2863 1870 2892 rectori
1890 2861 2005 2890 ecclesie
2027 2859 2060 2887 dc
2082 2858 2163 2885 Wal-

2027 2923 2040 2946 8
