2498 3325
208 289 266 319 262
937 285 1178 318 REGISTRES
1199 282 1507 315 D’ALEXANDRE
1530 285 1586 315 IV.

211 354 302 385 adire
327 353 523 389 antistitem,
549 354 690 392 gratiam
706 358 737 385 et
753 353 1021 386 communionem
1043 351 1221 391 apostolice

211 406 306 437 Sedis
336 406 531 442 habentem,
558 406 615 446 qui
638 410 751 437 nostra
776 407 881 437 fretus
907 405 1102 436 auctoritate
1128 403 1222 434 vobis

210 459 298 499 quod
314 468 413 498 super
428 459 489 489 hoc
506 459 648 499 aliisque
664 459 882 490 sacramentis
899 457 1135 489 ecclesiasticis
1151 465 1222 495 pos-

211 512 337 543 tulatur
360 512 540 551 impendat.
564 512 615 542 Ad
635 512 798 542 indicium
819 516 930 542 autern
950 510 1050 550 hujus
1070 513 1222 548 precepte

213 575 231 596 a
247 565 330 596 Sede
352 564 531 604 apostolica
553 564 736 601 libertatis,
763 566 855 595 IIII⁰r
875 564 978 594 libras
1001 572 1074 594 cere
1091 567 1122 593 et
1141 562 1222 592 duos

211 618 328 650 obulos
358 627 476 648 aureos
507 618 603 648 nobis
631 618 820 657 nostrisque
849 616 1098 648 successorihus
1125 615 1224 645 annis

213 671 357 709 singulis
378 671 414 701 in
434 671 519 701 sesto
540 671 790 709 Assumptionis
810 670 904 700 beate
923 669 1076 707 Virginis
1098 667 1224 707 persol-

212 725 309 756 vetis.
324 724 544 755 Decernimus
557 733 634 762 ergo
648 727 682 753 ut
695 723 779 753 nulli
793 723 929 753 omnino
939 722 1114 752 hominum
1127 720 1225 751 liceat

214 777 300 808 hanc
317 777 472 816 paginam
491 781 603 807 nostre
619 775 844 815 protectionis,
863 774 1082 813 exemptionis
1098 778 1129 804 et
1145 782 1224 803 con-

215 830 400 861 stitutionis
428 830 614 868 infringere
637 834 698 859 etc.
724 838 830 868 usque
855 839 861 858 z
886 828 1062 858 contraire.
1089 827 1125 858 Si
1149 826 1225 866 quis

215 887 326 914 autem
349 887 410 914 etc.
435 884 509 913 Dat.
534 882 702 921 Anagnie,
727 883 759 912 II
784 881 942 913 kalendas
963 880 1113 920 augusti,
1139 888 1226 910 anno

214 937 334 976 primo.
354 949 367 963 n

288 1095 374 1124 8¹22

253 1156 408 1184 Universis
419 1156 555 1183 fratribus
566 1156 674 1183 ordinis
686 1155 828 1182 Minoi-um
842 1156 1075 1190 supplicantibus
1086 1155 1224 1190 indulget,

220 1209 251 1232 ut
266 1213 454 1232 successores
463 1205 622 1239 generales,
632 1205 728 1232 statim
741 1208 892 1239 postquam
904 1205 987 1231 electi
1002 1204 1161 1231 secundum
1181 1213 1227 1231 re—

219 1255 313 1289 gulam
330 1257 359 1280 et
378 1254 600 1280 constitutiones
621 1253 741 1285 fuerint,
759 1261 792 1279 eo
813 1254 876 1288 ipso
892 1253 952 1279 veri
968 1252 1100 1287 eJ‘usdem
1118 1252 1227 1280 ordinis

220 1303 312 1330 effecti
334 1303 492 1338 generales,
517 1310 615 1329 curam
631 1302 790 1329 animarum
810 1301 930 1328 fratrum
956 1302 1038 1337 plene
1058 1302 1181 1328 habeant
1200 1306 1229 1328 et

220 1352 308 1379 libere
323 1354 442 1386 gerant;
463 1352 543 1386 ipsos
565 1359 680 1386 quoque
702 1350 804 1377 fratres
819 1350 989 1377 auctoritate
1009 1351 1122 1385 propria
1138 1350 1228 1385 ligare

219 1409 253 1428 ac
268 1401 379 1427 solvere
396 1401 516 1432 valeant,
535 1408 646 1426 necnon
662 1400 690 1426 in
704 1399 806 1426 eodem
821 1407 906 1433 agere
922 1399 1022 1426 ordine
1038 1407 1111 1433 quae
1126 1399 1229 1426 minis-

220 1450 257 1477 tri
272 1453 300 1476 et
315 1449 482 1476 diffinitores
497 1449 532 1475 ad
548 1450 602 1476 hoc
617 1449 700 1475 electi
715 1449 799 1483 juxta
814 1452 987 1475 memoratas
1005 1448 1230 1475 constitutiones

221 1498 330 1525 eisdem
347 1498 441 1525 ordini
454 1502 482 1524 et
504 1498 640 1524 fratribus
659 1497 821 1524 secundum
845 1496 937 1524 Deum
955 1497 1078 1524 viderint
1094 1497 1230 1532 expedire

221 1547 350 1582 aliasque
359 1547 510 1574 ministerii
523 1546 646 1573 officium
660 1546 737 1573 licite
748 1546 776 1572 in
788 1546 923 1573 omnibus
935 1546 1174 1580 exercere„(Rso.
1184 1546 1230 1578 24,

222 1605 247 1624 c.
264 1597 326 1629 707,
342 1597 361 1623 f.
378 1596 444 1628 103;
462 1595 609 1623 Por‘rmsr
626 1595 733 1628 16035.)

770 1093 896 1128 Anagni,
910 1093 926 1120 6
942 1092 1059 1120 octobre
1079 1093 1155 1120 1255.

265 1711 278 1726 α
297 1722 331 1735 ..‚
348 1699 500 1736 generali,
525 1703 550 1726 et
571 1698 818 1736 provincialibus
842 1699 998 1727 ministris
1020 1707 1055 1728 ac
1074 1700 1147 1728 aliis
1164 1700 1232 1735 fra-

226 1753 322 1781 tribus
340 1752 459 1781 ordinis
479 1752 617 1787 fratrum
642 1751 810 1779 Minor-unz.
838 1751 929 1780 Inter
950 1750 1015 1780 alia
1038 1751 1159 1789 quibus
1181 1769 1230 1780 —.

224 1807 297 1835 Dat.
315 1804 478 1842 Anagnie,
497 1805 528 1834 II
546 1812 649 1834 nonas
666 1803 818 1839 octobris,
838 1812 925 1834 anno
940 1804 1057 1842 primo.
1078 1816 1091 1830 »

295 1963 383 1991 8⁸28

260 2025 353 2052 Priori
372 2027 400 2050 et
420 2024 575 2050 conventui
598 2023 764 2049 monasterii
785 2031 809 2050 s.
827 2021 984 2049 salvatoris
1000 2022 1034 2048 de
1055 2021 1129 2056 Urs,
1147 2021 1233 2048 Colo-

225 2073 322 2101 censis
351 2072 494 2107 diocesis,
520 2071 672 2098 ecclesiam
696 2079 720 2098 s.
749 2070 921 2105 Salvatoris,
947 2079 1032 2106 quam
1057 2071 1100 2098 eis
1123 2069 1233 2105 Strigo-

226 2123 346 2156 niensis,
363 2126 432 2148 tunc
447 2120 624 2155 Colocensis‚
638 2120 875 2155 archiepiscopus
890 2128 956 2146 cum
968 2119 1104 2146 omnibus
1117 2120 1233 2154 Juribus

224 2176 253 2198 et
275 2170 455 2206 pertinentiis
477 2170 607 2204 contulit,
626 2170 786 2196 confirmat.
803 2169 885 2203 (Rite.
907 2169 958 2201 24,
980 2177 1005 2196 c.
1031 2169 1097 2202 708,
1125 2169 1144 2195 f.
1167 2168 1233 2201 103;

226 2221 373 2248 Po'r‘rnAs‘r
392 2219 498 2252 16042.)

698 1961 828 1995 Anagni,
846 1962 859 1987 7
877 1960 993 1987 octobre
1012 1960 1089 1988 1255.

266 2335 279 2349 «
300 2345 332 2358 ..‚
347 2323 451 2360 priori
470 2326 496 2350 et
516 2321 681 2351 conventui
696 2320 877 2349 monasterii
894 2321 994 2349 sancii
1013 2320 1185 2349 Salvatoris
1201 2320 1234 2349 de

228 2377 291 2411 Urs,
312 2376 432 2405 ordinis
453 2376 553 2404 sancti
567 2374 745 2412 Augustini,
770 2374 936 2403 Colocensis
957 2373 1091 2402 diocesis.
1116 2373 1200 2404 Cum
1216 2382 1234 2403 a

225 2429 321 2459 nobis
338 2445 388 2457 --.
406 2428 479 2457 Dat.
499 2427 662 2465 Anagnie,
681 2426 778 2456 nonis
795 2425 948 2461 octobris,
972 2434 1058 2456 anno
1078 2426 1197 2464 primo.
1219 2438 1232 2453 »

296 2584 382 2614 829

261 2647 406 2682 Episcopo
422 2645 621 2673 Comei-acensi
637 2645 764 2679 mandat,
782 2645 919 2679 quatinus
942 2645 1067 2680 inquirat
1084 2649 1111 2671 et
1127 2648 1235 2673 statuat

226 2696 260 2722 de
277 2695 425 2723 beneficiis
436 2695 562 2722 indebite
573 2694 699 2721 obtentis
712 2695 739 2721 in
751 2694 858 2721 diocesi
869 2694 972 2728 ipsius.
985 2694 1068 2728 (Rau.
1079 2694 1122 2726 24,
1134 2702 1161 2722 c.
1172 2694 1232 2726 709,

225 2746 244 2772 f.
263 2745 336 2779 103.)

756 2583 882 2617 Anagui,
902 2583 934 2610 v19
950 2583 1067 2609 octobre
1084 2583 1162 2610 1‘255.

268 2852 281 2867 <t
302 2863 334 2875 ..‚
356 2841 489 2877 episcopo
511 2839 732 2868 Cameracensi.
755 2837 947 2867 Exubcrans
970 2837 1049 2867 olim
1071 2837 1106 2867 in
1128 2837 1236 2875 gratia

226 2893 335 2923 felicis
351 2891 590 2922 recordationis
604 2892 630 2921 Ι.
645 2899 728 2929 papa
741 2890 953 2929 predecessor
966 2894 1089 2926 noster,
1106 2900 1164 2928 pro
1180 2899 1235 2920 ne-

228 2945 397 2984 gociorum
409 2948 440 2975 et
454 2949 637 2983 temporum
646 2943 812 2981 exigentia
827 2942 913 2973 circa
929 2943 1063 2979 multos,
1076 2943 1123 2973 eis
1136 2952 1235 2981 super

1303 349 1494 388 provisione
1519 358 1580 380 sua
1602 349 1641 380 de
1663 349 1836 380 beneficiis
1854 348 2091 380 ecclesiasticis
2106 349 2142 378 in
2158 348 2315 380 Camera-

1305 401 1396 432 censi
1410 401 1462 432 vel
1476 401 1552 432 aliis
1565 401 1700 432 illarum
1714 402 1858 441 partium
1872 401 2064 432 civitatibus
2078 405 2109 431 et
2125 401 2314 432 diocesibus

1305 454 1477 492 generales
1493 454 1633 490 litteras,
1652 463 1717 484 non
1733 454 1899 493 expressis
1916 454 1950 483 in
1967 453 2016 484 eis
2035 453 2134 484 certis
2150 453 2313 489 ecclesiis,

1305 506 1428 537 dicitur
1452 507 1669 538 concessisse.
1693 508 1818 537 Verum
1836 516 1949 537 eorum
1966 506 2131 542 nonnulli,
2151 506 2238 536 facta
2249 505 2316 536 sibi

1306 569 1406 598 super
1420 559 1482 590 hoc
1498 560 1605 598 gratia
1620 564 1656 590 ut
1672 560 1859 598 accepimus
1870 563 1993 590 temere
2010 559 2196 594 abutentes,
2214 559 2249 588 in
2265 558 2318 588 di-

1307 612 1413 642 versis
1443 611 1594 642 ecclesiis
1624 612 1770 642 civitatis
1794 616 1825 642 et
1851 611 1993 642 diocesis
2023 611 2317 642 Cameracensium

1306 673 1364 703 per
1380 664 1512 695 easdem
1527 665 1668 700 litteras,
1689 664 1841 704 quamvis
1856 664 1939 694 illud
1956 673 1994 694 ex
2010 664 2115 694 forma
2131 672 2197 693 non
2213 662 2318 694 hahe-

1306 720 1381 747 rent
1405 725 1529 753 earnm,
1547 726 1582 748 se
1606 717 1709 756 recipi
1733 721 1964 756 procurarunt.
1981 716 2049 746 Alii
2070 725 2146 746 vero
2167 716 2317 755 ipsorum

1307 770 1492 808 prebendas
1509 774 1540 800 et
1557 770 1623 800 alia
1640 770 1736 809 plura
1752 770 1913 800 beneficia
1929 770 2030 800 etiam
2052 778 2167 800 curam
2187 769 2318 799 anima-

1307 832 1382 853 rum
1395 823 1554 853 habentia
1565 827 1643 854 sunt
1655 823 1763 862 adepti
1774 832 1831 861 per
1841 823 1943 861 ipsas.
1954 821 2022 852 Alii
2031 826 2153 857 autem,
2164 821 2317 860 quamvis

1308 876 1344 906 in
1362 876 1532 915 aliquibus
1557 875 1708 906 ecclesiis
1735 885 1793 914 per
1816 875 2008 915 hujusmodi
2032 875 2161 905 litteras
2181 874 2249 905 sint
2264 883 2319 905 re-

1309 929 1395 968 cepti
1414 933 1445 959 et
1470 929 1604 968 qnidam
1627 938 1740 959 eorum
1757 928 1926 959 sufficiens
1944 928 2144 958 beneficium
2161 916 2316 964 assecuti,

1309 981 1550 1012 nichilominus
1574 986 1684 1012 tamen
1713 990 1811 1020 super
1833 981 1909 1012 aliis
1931 981 2122 1012 obtinendis
2146 979 2319 1011 beneficiis

1309 1044 1368 1074 per
1394 1035 1483 1074 ipsas
1509 1034 1638 1065 litteras
1665 1039 1778 1064 contra
1804 1034 2025 1065 intentionem
2054 1033 2258 1064 mandatoris
2287 1037 2322 1064 et

1310 1088 1458 1118 mandati
1476 1089 1617 1118 formam
1637 1092 1667 1118 et
1681 1087 1812 1126 proprie
1832 1087 1950 1118 salutis
1975 1086 2160 1125 periculum
2182 1090 2320 1117 conten-

1311 1142 1437 1176 dentes,
1449 1141 1556 1171 adhuc
1568 1140 1747 1171 nonnullas
1759 1140 1916 1171 ecclesias
1926 1140 2067 1178 fatigant
2076 1143 2107 1170 et
2119 1138 2320 1182 exhauriunt

1310 1184 1480 1224 laboribus
1498 1199 1528 1224 et
1545 1194 1710 1232 expensis.
1728 1193 1810 1224 Cum
1827 1193 1930 1231 igitur
1949 1201 2013 1222 non
2031 1192 2074 1222 sit
2088 1191 2207 1222 talium
2222 1190 2322 1222 mali-

1311 1247 1367 1277 tiis
1379 1246 1631 1285 indnlgendum,
1649 1246 1845 1276 mandamus
1862 1245 2032 1284 quatinus,
2045 1244 2209 1283 inquisita
2221 1252 2322 1283 super

1310 1299 1372 1330 hoc
1388 1299 1583 1337 diligentius
1599 1299 1749 1333 veritate,
1767 1298 1796 1328 si
1809 1307 1879 1329 rem
1895 1297 2065 1328 inveneris
2078 1297 2124 1327 ita
2138 1305 2210 1327 esse
2226 1297 2262 1326 in
2277 1296 2321 1327 ci-

1311 1352 1412 1382 vitate
1436 1361 1471 1381 ac
1489 1352 1613 1382 diocesi
1628 1356 1695 1386 tua,
1719 1351 1822 1381 libere
1844 1354 1970 1380 statuas
1993 1349 2189 1380 auctoritate
2209 1353 2322 1380 nostra

1312 1409 1343 1435 et
1359 1404 1492 1435 ordines
1508 1404 1595 1434 circa
1608 1404 1701 1439 tales,
1715 1403 1802 1442 quod
1817 1403 2000 1433 secundum
2015 1403 2121 1433 Deum
2133 1406 2164 1432 et
2174 1401 2323 1433 Ecclesie

1312 1457 1522 1488 honestatem
1545 1457 1696 1494 exigente
1711 1456 1843 1496 justitia
1863 1455 1965 1487 snei-it
1989 1455 2210 1485 statuendum.
2234 1454 2322 1486 Con-

1315 1510 1519 1540 tradictores.
1546 1511 1620 1540 Dat.
1645 1509 1807 1548 Anagnie,
1824 1509 1927 1539 XIIII
1943 1507 2103 1539 kalendas
2119 1507 2322 1544 novembris,

1315 1572 1402 1594 anno
1417 1563 1536 1602 primo.
1556 1576 1569 1589 »

1385 1723 1474 1751 880
1846 1720 1972 1755 Anagni,
1989 1720 2023 1747 ‘25
2039 1720 2157 1746 octobre
2173 1719 2252 1746 1255.

1354 1784 1490 1811 l'otestati
1505 1787 1533 1810 et
1549 1784 1696 1810 communi
1709 1782 2038 1810 Forosimsroniensibus
2049 1781 2192 1814 concedit,
2206 1784 2237 1808 ut
2249 1791 2262 1805 α
2274 1781 2324 1816 qui

1315 1833 1349 1860 ad
1367 1833 1552 1859 habitandum
1568 1840 1620 1859 seu
1636 1832 1818 1859 citadantiam
1829 1832 1857 1858 in
1869 1831 1984 1858 civitate
1998 1834 2092 1858 vestra
2103 1832 2245 1856 venerunt
2259 1830 2324 1857 hac-

1316 1886 1401 1909 tenus
1419 1882 1462 1908 vel
1479 1881 1610 1908 venerint
1625 1882 1652 1908 in
1675 1881 1803 1907 futurum
1820 1891 1832 1904 »
1850 1881 1878 1907 in
1895 1880 1974 1906 cives
1990 1880 2120 1914 ipsorum
2139 1879 2263 1906 civitatis
2279 1886 2326 1905 re-

1315 1932 1372 1966 cipi
1395 1932 1517 1965 possint.
1537 1930 1618 1960 (Rse.
1639 1930 1688 1961 ⁵24,
1706 1938 1732 1956 c.
1754 1929 1819 1961 710,
1842 1929 1861 1955 f.
1882 1928 1959 1959 103v;
1979 1927 2124 1955 Porri-rasa:
2142 1927 2246 1958 160743
2263 1927 2325 1955 Ro-

1315 1988 1449 2013 nannssno,
1467 1984 1487 2006 t.
1505 1979 1557 2012 ΙΙΙ,
1574 1985 1604 2005 n⁰
1618 1978 1700 2010 416¹.)

1357 2093 1370 2108 <t
1397 2104 1429 2117 ..‚
1447 2082 1599 2119 potestati,
1621 2085 1647 2110 et
1669 2081 1827 2110 communi
1846 2078 2195 2116 Forosinfroniensibus.
2217 2078 2326 2108 Devo-

1317 2134 1417 2165 tionis
1440 2138 1548 2164 vestre
1569 2133 1772 2164 sinceritatis
1797 2151 1845 2162 —.
1872 2133 1945 2163 Dat.
1968 2131 2138 2170 Anagnie,
2160 2131 2242 2162 VIII
2265 2131 2326 2162 ka-

1316 2188 1431 2218 lendas
1450 2187 1649 2223 novembris,
1671 2195 1758 2216 anno
1772 2186 1891 2225 primo.
1910 2198 1924 2212 »

1387 2353 1470 2381 881
1845 2350 1973 2385 Anagffl,
1993 2351 2023 2378 19
2038 2350 2156 2377 octobre
2174 2349 2253 2376 1255.

1354 2414 1475 2440 Eosdem
1494 2414 1520 2440 in
1537 2413 1700 2439 demanium
1722 2412 1869 2439 Romanae
1885 2412 2032 2439 Ecclesiae
2054 2411 2178 2447 speciale
2199 2415 2227 2438 et
2249 2410 2278 2438 in
2295 2410 2326 2439 b.

1318 2463 1394 2490 Petri
1412 2463 1618 2498 protectionem
1634 2462 1766 2496 suscipit.
1784 2461 1866 2495 (Rea.
1880 2461 1925 2496 ⁶24,
1937 2469 1962 2489 c.
1975 2461 2037 2492 711,
2049 2461 2068 2487 f.
2083 2460 2161 2492 103v;
2180 2459 2326 2488 ΡοττυΔε-ι·

1319 2512 1421 2543 16068;
1440 2511 1620 2543 Ιίοῡεκῐιειιῡ,
1637 2514 1657 2537 t.
1674 2510 1726 2541 ΙΙΙ,
1744 2516 1774 2537 n⁰
1790 2509 1881 2543 416⁸.)

1359 2626 1371 2641 (ι
1391 2637 1429 2649 ..‚
1450 2615 1605 2652 potestati,
1629 2618 1655 2642 et
1677 2614 1836 2642 communi
1856 2613 1993 2642 civitatis
2014 2611 2322 2647 Forosinfmniensis.

1318 2667 1464 2697 Meretur
1481 2670 1589 2696 vestre
1605 2665 1789 2695 devotionis
1806 2683 1854 2694 —.
1875 2665 1950 2695 Dat.
1965 2663 2129 2702 Anagnie‚
2145 2663 2248 2693 XIIII
2263 2662 2325 2692 ka-

1316 2719 1432 2750 lendas
1449 2718 1649 2753 novembris,
1668 2728 1754 2748 anno
1772 2718 1890 2757 primo.
1910 2730 1923 2743 v>

1388 2884 1474 2913 882

1354 2946 1470 2973 Dudum
1492 2947 1565 2973 inter
1584 2946 1833 2980 archiepiscopum
1849 2949 1877 2971 et
1893 2944 2050 2979 capitulum
2069 2943 2270 2970 Armachanos
2287 2949 2324 2969 ex

1844 2883 1970 2917 Anagni,
1991 2882 2021 2908 14
2038 2881 2156 2915 octobre
2173 2881 2252 2908 11255.
