2498 3325
1008 190 1238 228 nEUXIEME
1260 189 1418 226 ANNEE.
2208 197 2268 227 447

169 271 229 300 tes,
248 275 288 295 ne
303 271 407 295 terras
427 274 484 295 seu
502 265 670 303 quodlibet
694 265 893 295 beneficium
910 265 1048 295 ecclesie
1065 270 1173 295 vestre

168 319 324 349 collatum
342 318 438 348 liceat
460 318 560 347 alicui
576 317 795 356 personaliter
811 318 882 347 dari
899 318 968 348 sive
992 318 1057 348 alio
1079 318 1174 347 modo

169 371 326 406 alienari,
351 371 475 409 absque
498 379 663 400 consensu
685 371 786 400 totius
807 371 943 408 capituli
967 371 1017 401 vel
1039 371 1174 410 majoris

169 428 225 454 aut
251 424 393 453 sanioris
415 424 518 461 partis
536 423 653 461 ipsius.
677 423 711 453 Si
732 433 794 461 que
816 432 892 453 vero
910 423 1104 454 donationes
1123 423 1175 453 vel

169 476 399 511 alienationes,
416 476 512 506 aliter
529 485 625 514 quam
644 476 767 505 dictum
784 480 843 511 est,
861 477 946 506 facte
963 477 1099 511 suerint,
1119 486 1174 506 eas

168 529 281 558 irritas
298 538 370 558 esse
390 538 575 559 censemus.
593 529 743 559 Obeunte
760 538 836 559 vero
859 534 904 563 te,
923 538 1010 558 nunc
1027 529 1175 568 ejusdem

167 582 231 612 loci
253 582 384 617 abbate,
404 582 456 611 vel
476 586 607 611 tuorum
631 582 777 620 quolibet
799 591 1044 616 successorum,
1063 582 1175 612 nullus

168 635 216 665 ibi
239 635 387 674 qualibet
411 635 635 673 subreptionis
659 635 782 664 astutia
804 643 861 664 seu
879 635 1037 664 violentia
1058 644 1175 673 prepo-

169 692 282 723 natur,
302 687 368 716 nisi
382 696 480 726 quem
496 688 616 716 fratres
631 687 797 716 communi
814 696 954 717 assensu
969 687 1019 716 vel
1035 688 1175 716 fratrum

168 740 273 778 major
291 749 366 778 pars
390 739 522 769 consilii
542 739 696 774 sanioris,
715 739 765 769 vel
785 739 823 769 de
846 748 905 769 suo
924 739 975 769 vel
996 739 1033 769 de
1054 739 1173 774 alieno,

168 793 197 822 si
220 793 413 830 oportuerit,
431 792 581 830 collegio,
600 792 782 821 secundum
798 792 859 821 Dei
876 792 1027 821 timorem
1044 796 1074 822 et
1088 792 1176 821 beati

168 845 341 875 Benedicti
357 844 516 882 regulam,
532 845 736 882 providerint
753 844 952 881 eligendum.
972 844 1176 874 Electionem

169 906 300 936 quoque
327 898 476 927 Romano
504 896 654 935 pontifici
685 896 737 926 vel
762 896 868 933 legato
899 896 939 925 ab
969 897 1040 935 ejus
1074 896 1176 926 latere

169 950 344 983 destinato,
364 954 419 979 aut
435 949 477 983 ei,
495 949 548 978 cui
564 949 712 986 pontifex
730 949 900 978 Romanus
916 948 1110 987 injunxerit,
1130 957 1177 978 re-

167 1006 374 1041 presentent,
396 1011 414 1032 a
438 1010 502 1040 quo
519 1001 621 1031 electo
643 1001 905 1030 confirmationis
928 1005 958 1030 et
977 1001 1178 1031 benedictio-

168 1055 222 1085 nis
234 1055 340 1093 gratia
351 1054 573 1092 impendatur.
587 1053 817 1084 Correctiones
831 1053 968 1091 insuper
979 1057 1046 1082 tam
1060 1053 1178 1091 capitis

146 1116 150 1118 “
169 1117 269 1147 quam
293 1107 517 1137 membrorum
534 1115 632 1145 super
648 1106 802 1136 omnibus
826 1115 889 1145 que
915 1106 949 1136 in
969 1106 1052 1144 ipsis
1074 1106 1179 1136 eccle-

169 1160 230 1191 siis
246 1161 372 1190 fuerint
390 1160 600 1198 corrigenda,
619 1159 731 1189 abbati
747 1159 895 1198 ejusdem
916 1159 1112 1189 monasterii
1128 1159 1179 1189 vel

169 1213 222 1243 cui
239 1213 443 1243 commiserit
458 1222 680 1243 reservamus.
698 1212 910 1251 Sepulturam
925 1221 1055 1251 quoque
1072 1212 1178 1250 ipsius

168 1266 233 1296 loci
251 1270 282 1296 et
298 1266 564 1296 obedientiarum
582 1274 719 1295 suarum
737 1265 795 1295 ubi
811 1269 861 1295 est
879 1269 1077 1300 conventus,
1095 1265 1179 1295 libe-

169 1328 241 1349 ram
262 1328 335 1349 esse
356 1319 581 1354 decernimus,
601 1322 636 1347 ut
658 1318 828 1353 omnibus,
848 1317 905 1356 qui
924 1317 1059 1356 sepeliri
1076 1317 1123 1346 ibi
1145 1326 1179 1347 se

169 1371 438 1407 deliberaverint,
463 1371 575 1401 nullus
603 1371 743 1401 obsistat
765 1381 771 1399 z
796 1370 888 1400 salva
915 1374 1025 1400 tamen
1048 1370 1181 1409 justitia

168 1424 304 1455 illarum
326 1424 543 1454 ecclesiarum
566 1433 584 1453 a
607 1423 728 1462 quibus
748 1427 955 1453 mortuorum
972 1432 1108 1461 corpora
1127 1432 1181 1453 as-

170 1482 358 1508 sumuntur.
385 1477 606 1507 Prohibemus
630 1477 743 1514 igitur,
766 1485 806 1506 ne
832 1476 907 1514 quis
931 1476 1105 1514 episcopus
1129 1475 1182 1506 vel

170 1530 317 1570 quelibet
339 1530 405 1560 alia
427 1530 654 1560 ecclesiastica
670 1529 874 1559 secularisve
890 1538 1032 1567 persona
1048 1529 1181 1560 liberta-

169 1588 219 1614 tes
235 1587 266 1613 et
282 1583 506 1621 exemptiones
522 1587 650 1612 vestras
666 1582 862 1620 infringere,
875 1586 940 1618 aut,
953 1582 1091 1612 obtentu
1107 1591 1182 1612 con-

169 1636 374 1671 suetudinis,
398 1635 451 1666 vel
473 1635 538 1665 alio
561 1635 672 1670 modo,
694 1644 712 1665 a
737 1635 830 1665 vobis
858 1635 1038 1674 quicquam
1063 1635 1182 1666 audeat

170 1694 380 1728 extorquere,
403 1698 461 1719 seu
477 1689 512 1718 in
537 1697 592 1718 vos
615 1688 667 1718 vel
684 1688 841 1718 ecclesias
861 1693 988 1718 vestras
1009 1689 1181 1719 interdicti

169 1742 223 1773 vel
241 1742 594 1773 excommunicationis
617 1741 801 1772 sententias
826 1741 1036 1779 promulgare
1063 1750 1181 1780 presu-

168 1801 247 1826 mat.
272 1797 428 1826 Preterea
452 1804 566 1825 omnes
592 1794 764 1824 libertates
791 1799 822 1824 et
840 1794 1069 1825 immunitates
1092 1795 1180 1834 [etc.]

168 1857 275 1888 usque
295 1859 301 1877 z
322 1848 576 1878 communimus.
602 1847 651 1877 Ad
673 1847 832 1877 inditium
852 1851 963 1877 autem
987 1847 1180 1886 hujusmodi

167 1905 319 1941 percepte
347 1910 365 1931 a
388 1901 470 1931 Sede
492 1900 673 1938 apostolica
693 1899 858 1930 libertatis
884 1904 915 1930 et
939 1900 1178 1938 exemptionis,

170 1963 308 1985 aureum
326 1963 430 1983 unum
451 1953 645 1992 persolvetis
662 1954 811 1983 Romano
828 1952 977 1990 pontifici
993 1954 1178 1983 annuatim.

169 2006 388 2037 Decernimus
403 2015 490 2043 ergo,
505 2009 541 2035 ut
556 2005 640 2035 nulli
656 2005 791 2035 omnino
807 2005 981 2035 hominum
995 2005 1094 2036 liceat
1110 2015 1179 2044 pre-

170 2059 275 2089 fatum
294 2058 533 2088 monasterium
552 2062 583 2088 et
601 2058 705 2087 dictas
728 2057 885 2088 ecclesias
907 2062 1029 2088 temere
1050 2062 1181 2096 pertur-

170 2112 248 2142 bare
273 2111 360 2150 [etc.]
383 2120 489 2149 usque
515 2121 521 2139 :
547 2111 737 2148 profutura,
764 2110 856 2140 salva
881 2111 976 2141 Sedis
1002 2110 1180 2149 apostolice

172 2164 379 2195 auctoritate.
413 2163 448 2194 Si
472 2172 537 2202 qua
560 2163 663 2201 igitur
689 2163 724 2192 in
752 2163 902 2193 futurum
927 2163 1014 2203 [etc.]
1039 2173 1144 2202 usque
1171 2174 1178 2192 ε

171 2218 304 2248 ultioni.
331 2217 468 2247 Cunctis
494 2220 604 2246 autem
631 2216 739 2246 eidem
762 2216 832 2246 loco
858 2216 996 2255 ejusque
1021 2217 1180 2247 membris

173 2269 259 2310 [etc.]
278 2279 405 2308 usque:
428 2269 611 2299 inveniant.
636 2270 753 2299 Amen.
776 2270 891 2299 Amen.
919 2270 1036 2300 Amen.
1061 2271 1182 2300 Datum

171 2323 339 2361 Anagnie,
365 2332 422 2361 per
449 2331 584 2352 manum
612 2322 765 2359 magistri
793 2322 950 2359 Rolandi,
976 2327 1089 2353 sancte
1115 2324 1181 2353 Ro-

171 2384 269 2406 mane
296 2375 443 2405 Ecclesie
475 2374 755 2409 vicecancellarii,
786 2376 815 2405 V
846 2375 1006 2406 kalendas
1039 2381 1181 2414 septem-

172 2428 259 2462 bris,
284 2428 467 2458 indictione
492 2428 608 2463 XIIII,
639 2427 882 2457 incarnationis
907 2428 1072 2458 dominice
1094 2438 1181 2458 anno

173 2481 389 2516 M⁰CC⁰LV1⁰,
421 2480 632 2519 pontificatus
656 2479 781 2509 domini
804 2479 984 2510 Alexandri
1011 2490 1092 2519 pape
1114 2482 1181 2512 IIII

174 2543 261 2564 anno
278 2534 434 2564 secundo.
455 2545 468 2560 x>

250 2692 362 2720 1451
758 2691 882 2724 Anagni,
900 2691 933 2718 28
948 2693 1016 2718 aoat
1034 2692 1111 2720 1256.

212 2752 312 2779 Priore
333 2753 458 2787 generali
482 2752 646 2786 ceterisque
669 2751 814 2786 prioribus
830 2757 858 2778 et
873 2752 1010 2780 fratribus
1027 2753 1184 2781 Heremitis

176 2809 200 2828 s.
218 2801 358 2828 Wilielmi
382 2801 611 2835 postulantibus,
633 2809 732 2827 eorum
754 2809 868 2827 eremos
890 2801 944 2828 sub
969 2802 1042 2829 beati
1066 2802 1141 2830 Petri
1157 2807 1186 2830 et

176 2859 230 2877 sua
259 2851 437 2885 protectione
463 2851 586 2885 suscipit
610 2857 770 2884 omnesque
795 2858 894 2877 corum
926 2853 1129 2886 possessiones
1153 2861 1186 2880 ac

1256 262 1339 292 bona,
1362 264 1430 296 jura
1451 270 1483 288 ac
1505 262 1655 297 privilegia
1670 262 1831 288 confirmat.
1849 262 1931 296 (Rae.
1950 263 1993 295 ⁶24,
2012 263 2030 289 f.
2050 264 2121 295 1923
2140 272 2207 290 aun.
2223 263 2263 296 ΙΙ,

1256 319 1280 337 c.
1299 312 1366 342 369;
1386 311 1532 338 Por‘rffls‘r
1551 311 1657 344 16533.)

1299 426 1311 439 κ
1331 414 1434 442 Priori
1449 414 1587 450 qen-ercli
1602 414 1765 450 ceterisque
1782 414 1941 451 prioribus
1963 419 1989 443 et
2006 415 2157 450 fratribus
2174 415 2267 444 Here-

1257 467 1343 494 milis
1361 468 1460 495 sancti
1478 467 1621 494 Il'illelmi
1638 471 1699 494 lam
1714 467 1903 504 presentibus
1921 476 2013 504 quam
2028 469 2156 502 futuris,
2174 477 2267 505 requ-

1259 520 1355 547 tarem
1383 520 1478 547 vitam
1496 520 1638 556 professis
1664 520 1698 547 vin
1718 524 1912 556 perpetuum.
1937 519 2142 557 Religiosam
2162 520 2266 549 vitam

1258 572 1459 609 eligentibus
1474 589 1522 600 —.
1540 573 1614 601 Dat.
1632 572 1794 609 Anagnie,
1812 581 1870 609 per
1885 581 2021 601 manum
2036 572 2188 610 magistri
2204 574 2267 602 Ro-

1257 624 1360 657 landi,
1377 629 1488 654 sancte
1500 626 1648 654 Romane
1663 624 1809 654 Ecclesie
1823 624 2098 659 vicecancellarii,
2113 626 2142 655 V
2154 625 2267 655 kalen-

1258 677 1315 706 das
1335 677 1543 715 septembris,
1564 677 1747 706 indictione
1762 677 1880 710 XIIII,
1900 677 2140 708 incarnationis
2163 678 2269 708 domi-

1259 729 1332 759 nice
1362 738 1449 759 anno
1481 729 1686 763 M⁰CC⁰LVI,
1717 729 1928 767 pontificatus
1958 729 2060 759 donni
2088 730 2269 760 Alexandri

1258 791 1340 819 pape
1359 782 1427 811 IIII
1444 790 1531 811 anno
1548 781 1703 811 secundo.
1723 794 1736 807 >›

1334 952 1449 981 1452
1839 951 1965 986 Anagni,
1984 951 2016 978 ‘22
2032 953 2100 978 aout
2118 952 2196 979 1256.

1296 1013 1411 1039 Eisdem
1435 1012 1585 1044 coneedit,
1608 1015 1638 1038 ut
1655 1012 1710 1038 sub
1732 1012 1830 1046 regula
1846 1012 1922 1038 beati
1940 1012 2090 1040 Benedicti
2107 1013 2270 1040 secundum

1261 1062 1460 1089 institutiones
1480 1061 1556 1087 beati
1576 1060 1717 1086 Willelmi
1739 1069 1888 1087 remanere
1910 1062 1937 1087 in
1955 1061 2054 1088 habitu
2074 1062 2159 1088 solito
2181 1062 2270 1088 libere

1262 1111 1384 1137 valeant.
1402 1110 1485 1143 (Rae.
1502 1109 1552 1141 24,
1569 1109 1588 1136 f.
1607 1109 1667 1141 193,
1686 1117 1753 1135 ann.
1774 1108 1812 1142 II,
1833 1117 1858 1136 c.
1876 1109 1943 1141 370,
1962 1109 2110 1136 PorrnAs'r
2127 1110 2235 1144 16528.)

1305 1224 1318 1238 «
1339 1235 1370 1247 ..,
1395 1212 1533 1249 yenerali
1556 1216 1582 1240 et
1605 1211 1678 1239 aliis
1698 1211 1857 1248 prioribus
1878 1219 1913 1240 ac
1937 1212 2089 1247 s7·‹1l7·ibus
2109 1212 2272 1241 Heremitis

1262 1266 1383 1295 ordinis
1398 1266 1499 1294 sancti
1519 1265 1674 1293 Willelmi.
1692 1264 1783 1294 Licet
1794 1263 1873 1293 olim
1886 1273 1944 1302 pro
1956 1281 2002 1292 —.
2017 1265 2091 1294 Dat.
2105 1264 2273 1302 Anagnie,

1263 1319 1311 1348 XI
1326 1317 1487 1347 kalendas
1504 1316 1713 1355 septembris,
1729 1325 1816 1346 anno
1833 1316 1988 1346 secundo.
2009 1329 2020 1343 >2

1338 1491 1357 1517 1
1364 1490 1453 1518 453

1299 1553 1382 1579 Clero
1398 1552 1433 1578 de
1448 1551 1564 1586 Aquila,
1582 1550 1778 1577 Furconensis
1794 1550 1936 1582 diocesis,
1955 1551 2004 1585 qui
2017 1559 2116 1577 eorum
2133 1552 2272 1586 episcopo

1263 1605 1399 1635 tanquam
1424 1600 1579 1627 diocesano
1602 1602 1737 1626 tenentur
1755 1599 1887 1631 obedire,
1911 1599 2013 1634 spiritu
2036 1600 2201 1627 rebellionis
2224 1608 2274 1627 as-

1264 1653 1391 1684 sumpto,
1400 1651 1582 1681 recusarunt,
1591 1647 1716 1680 mandat,
1724 1648 1863 1682 quatinus
1873 1648 1966 1674 eidem
1977 1648 2114 1683 episcopo
2125 1649 2269 1683 [Bet-ardo]

1262 1698 1424 1724 intendant.
1443 1697 1525 1729 (Rae.
1543 1696 1587 1730 24,
1604 1697 1623 1724 s.
1642 1696 1703 1728 193,
1721 1704 1788 1722 ann.
1804 1695 1847 1731 Π,
1862 1704 1888 1723 c.
1906 1696 1954 1723 371
1969 1706 1975 1727 ς
1992 1697 2171 1731 ΒοῡΕΝΒΕΒσ,
2186 1701 2206 1725 t.
2218 1697 2274 1730 III,

1263 1755 1291 1781 p.
1309 1746 1370 1777 397,
1389 1752 1420 1771 n⁰
1434 1745 1507 1777 439.)

1819 1488 1946 1523 Anagni,
1966 1489 1997 1515 10
2009 1489 2104 1523 juillet
2122 1489 2199 1516 1256.

1305 1859 1318 1873 «
1338 1848 1420 1877 Clero
1439 1847 1472 1875 de
1486 1846 1611 1883 Aquila,
1629 1846 1833 1875 Furconensis
1849 1846 1985 1875 diocesis.
1999 1846 2034 1876 Si
2046 1846 2274 1876 attendissetis

1262 1900 1457 1939 prudenter,
1483 1903 1519 1928 ut
1538 1899 1702 1933 convenit,
1721 1903 1883 1937 quantum
1907 1899 2133 1929 inobedientie
2154 1899 2274 1929 vitium

1263 1956 1449 1987 censeatur,
1468 1951 1652 1981 venerabili
1671 1952 1765 1981 fratri
1782 1956 1895 1982 nostro
1914 1975 1945 1988 ..,
1964 1952 2170 1982 Furconensi
2186 1952 2275 1990 epis-

1263 2014 1353 2043 eopo,
1373 2005 1549 2034 diocesano
1565 2007 1690 2039 vestro,
1712 2012 1827 2042 parere
1846 2004 2024 2034 studeretis
2048 2008 2079 2034 et
2101 2004 2275 2034 intendere

1262 2057 1436 2087 humiliter
1453 2061 1484 2086 et
1504 2056 1630 2086 devote.
1647 2056 1726 2091 Sed,
1745 2056 1830 2086 sicut
1847 2056 1961 2086 eodem
1975 2057 2127 2095 epiScopo
2144 2057 2274 2095 accepi-

1262 2120 1336 2140 mus
1360 2110 1537 2144 referente,
1556 2117 1624 2144 vos,
1644 2118 1709 2138 non
1728 2109 1936 2139 attendentes
1956 2109 2052 2147 quod,
2072 2109 2158 2139 sicut
2174 2109 2276 2140 ceteri

1263 2162 1487 2193 Furconensis
1508 2162 1650 2192 diocesis
1672 2161 1795 2197 clerici,
1815 2162 1922 2192 eidem
1941 2162 2093 2200 episcopo
2117 2167 2276 2201 tanquam

1263 2216 1440 2246 diocesano
1456 2219 1565 2244 vestro
1589 2214 1751 2244 tenemini
1767 2214 1917 2249 obedire,
1938 2214 2060 2252 spiritu
2081 2215 2276 2245 rebellionis

1265 2272 1451 2307 assumpto,
1480 2267 1545 2297 sibi
1570 2267 1715 2297 debitam
1740 2267 1963 2297 obedientiam
1990 2271 2021 2297 et
2053 2268 2276 2298 reverentiam

1264 2322 1421 2352 exhibere
1441 2329 1478 2350 ac
1494 2320 1524 2350 ei
1541 2320 1740 2358 respondere
1757 2320 1795 2350 de
1809 2320 1942 2359 juribus
1961 2320 2205 2359 episcopalibus
2223 2321 2278 2350 in-

1264 2374 1373 2404 debite
1389 2373 1562 2409 recusatis,
1587 2373 1622 2402 in
1640 2381 1738 2402 suum
1761 2376 1792 2403 et
1807 2373 2031 2403 Furconensis
2053 2373 2191 2403 ecclesie
2210 2382 2277 2403 non

1263 2426 1431 2456 modicum
1456 2425 1679 2464 prejudicium
1705 2429 1737 2455 et
1765 2434 1955 2463 gravamen.
1986 2425 2144 2456 Volentes
2173 2426 2277 2464 igitur

1265 2479 1409 2517 experiri
1426 2487 1467 2508 an
1483 2478 1675 2517 hujusmodi
1694 2481 1803 2508 vestre
1824 2478 2051 2508 inobedientie
2070 2478 2195 2508 crimen
2218 2478 2277 2508 be-

1266 2532 1442 2570 nignitatis
1459 2531 1634 2562 dulcedine
1651 2531 1758 2561 valeat
1774 2531 1915 2567 aboleri,
1934 2531 2187 2561 universitatem
2203 2540 2278 2561 ves-

1266 2589 1351 2614 tram
1363 2593 1529 2621 rogamus,
1543 2592 1716 2614 monemus
1731 2587 1762 2614 et
1775 2583 1947 2613 hortamur
1959 2587 2094 2618 attente,
2106 2592 2165 2621 per
2181 2592 2278 2621 apos-

1266 2637 1364 2667 tolica
1385 2636 1478 2666 vobis
1498 2636 1620 2674 scripta
1639 2636 1851 2674 precipiendo
1868 2636 2080 2671 mandantes,
2102 2636 2273 2674 quatinus,

1265 2689 1459 2729 preteritam
1481 2689 1744 2719 inobedientiam
1766 2698 1824 2727 per
1841 2689 2099 2727 subsequentem
2119 2689 2278 2719 obedien-

1268 2743 1347 2772 tiam
1363 2741 1576 2777 redimenteS,
1593 2741 1700 2771 eidem
1716 2741 1868 2779 episcopo
1884 2745 2041 2779 tanquam
2052 2741 2137 2779 patri
2154 2745 2185 2771 et
2201 2750 2278 2779 pas-

1269 2795 1331 2825 tori
1359 2795 1548 2824 animarum
1574 2797 1771 2829 vestrarum,
1799 2794 1835 2823 in
1863 2794 2018 2824 omnibus
2046 2803 2109 2833 que
2136 2793 2176 2823 ad
2206 2794 2278 2832 ejus

1268 2847 1414 2879 officium
1436 2847 1615 2886 pertinent,
1640 2846 1814 2876 humiliter
1838 2846 2061 2882 intendentes,
2088 2846 2126 2876 de
2144 2846 2279 2885 juribus
