2498 3325
243 237 300 266 ‘288
968 237 1208 268 REGISTRES
1229 235 1537 267 D'ALEXANDRE
1560 238 1616 267 IV.

315 302 403 330 956
756 303 869 335 Lau-an,
888 304 916 330 11
934 303 1086 330 decembre
1103 304 1180 331 1255.

281 364 509 398 Arclniepiscopo
533 364 698 391 Nicosicnsi
723 365 852 398 mandat,
877 366 1014 400 quatinus
1035 367 1254 402 archiepiscopo

244 412 419 444 Nam-ensi,
437 414 633 439 conservatori
655 414 812 447 legatorum
833 414 1120 449 rcdcmptionumque
1136 414 1254 441 Militiae

245 460 355 495 Templi
371 468 588 491 concessorum,
603 462 762 496 prohibeat,
777 471 811 488 nc
824 462 1000 497 patriarchae
1010 462 1254 498 «ierosolymitano

248 509 335 535 ullum
351 514 507 543 generetur
522 510 741 545 praejudicium.
763 510 844 543 (Res.
861 511 906 543 24,
921 520 948 538 e.
965 512 1039 546 767⁷,
1055 513 1074 539 f.
1092 513 1178 546 11:5¹¹.)

288 630 300 644 «
322 641 354 652 ..‚
369 619 595 656 archiepiscopo
607 620 787 648 Nil-ostensi.
802 620 876 649 Non
891 620 1002 650 minus
1017 625 1186 659 acceptum
1202 638 1253 650 ——.

247 671 332 700 Sane
350 671 551 701 venerabilis
571 672 673 701 frater
696 676 808 702 noster
828 696 861 709 ..‚
884 673 1074 712 patriarcha
1095 674 1256 705 Jerosoli-

248 723 404 757 mitanus,
421 723 599 761 apostolice
616 724 711 755 Sedis
726 724 864 763 legatus,
882 726 978 756 nobis
995 727 1155 765 exposuit,
1169 727 1257 766 quod

248 775 355 805 felicis
375 776 614 807 recordationis
634 778 659 807 Ι.
680 787 761 816 papa
776 778 989 816 predecessor
1007 784 1119 810 noster
1139 803 1171 815 ..‚
1189 789 1255 809 ma-

248 829 350 865 gistro
379 833 407 858 et
436 829 597 859 fratribus
624 830 744 860 Militie
771 831 915 869 Templi⁷
945 836 981 861 ut
1008 833 1096 862 intel·
1124 833 1189 862 alia
1217 833 1255 863 de

248 882 531 920 reden]ptionibus
562 887 710 913 votorum
747 884 1061 921 Crucesignatorum
1093 885 1127 914 in
1156 887 1256 916 Terre

249 935 367 965 Sancte
382 935 580 971 subsidium,
597 946 678 975 quos
691 946 708 966 a
720 938 950 975 prosecutione
966 939 1033 968 voti
1050 939 1102 969 sui
1116 948 1256 978 pauper-

249 993 298 1018 tas
313 988 362 1017 vel
380 988 560 1027 probabilis
573 999 789 1028 personarum
807 991 961 1022 debilitas
978 1001 1036 1021 seu
1050 992 1184 1022 obtenta
1200 1002 1258 1031 per

249 1041 366 1070 Sedem
397 1042 610 1079 apostolicam
638 1043 842 1081 dispensatio
869 1049 1075 1075 commutans
1104 1045 1139 1074 in
1169 1045 1257 1076 reale

249 1094 436 1123 subsidium
456 1095 630 1132 personale
652 1096 879 1126 executionem
901 1098 968 1127 voti
990 1097 1181 1137 hujusmodi
1203 1108 1257 1128 ex-

249 1147 388 1183 cusabit,
406 1156 534 1177 necnon
549 1149 631 1179 etde
650 1151 856 1180 testamentis
869 1150 1017 1180 fidelium
1028 1160 1091 1190 que
1104 1151 1258 1189 legantur

248 1200 282 1229 in
300 1200 488 1230 subsidium
505 1201 589 1231 dicte
605 1203 715 1238 Terre,
729 1212 794 1232 non
809 1204 974 1241 expressis
990 1203 1071 1234 locis
1088 1204 1258 1243 aliquibus

248 1252 300 1283 vel
322 1253 489 1291 personis,
507 1263 613 1292 usque
634 1255 675 1285 ad
693 1264 856 1285 summam
872 1257 903 1286 X
922 1256 1054 1285 milium
1070 1266 1259 1287 marcarum

249 1306 377 1343 argenti
399 1306 602 1345 ubicumque
620 1307 766 1337 locorum
789 1312 878 1337 extra
902 1317 1041 1346 regnum
1059 1309 1258 1340 Alamannie

249 1359 377 1396 possint
394 1359 558 1397 recipere,
582 1359 643 1389 sul»
660 1364 746 1389 certa
764 1361 868 1390 forma
886 1370 943 1399 per
961 1370 1039 1391 suas
1058 1362 1151 1391 duxit
1167 1362 1258 1393 litte-

250 1420 303 1441 ras
329 1411 568 1449 indulgendum
595 1423 601 1441 :
625 1413 809 1443 venerabili
833 1414 928 1443 fratri
949 1418 1061 1444 nostro
1084 1438 1120 1450 ..‚
1148 1415 1258 1445 archi-

250 1465 402 1503 episcopo
424 1466 617 1501 Nam-onst,
646 1476 745 1504 super
769 1466 830 1496 hoc
855 1467 903 1497 eis
927 1472 1159 1498 conservatore
1180 1478 1259 1499 con-

250 1527 353 1548 cesso.
377 1518 479 1557 Cujus
499 1519 706 1557 indulgentie
727 1524 893 1558 pretextu,
919 1521 1021 1551 iidem
1043 1522 1203 1559 magister
1228 1526 1259 1553 et

250 1572 369 1601 fratres
386 1572 630 1610 redemptiones
647 1576 678 1602 et
696 1573 803 1610 legata
820 1573 1011 1612 hujusmodi
1032 1574 1066 1604 in
1085 1584 1186 1613 regno
1202 1577 1259 1606 Je-

252 1624 496 1659 rosolimssano,
527 1625 603 1655 sede
626 1626 902 1656 sex-osolimitana
927 1631 1082 1659 vacante.
1111 1629 1259 1667 recipere

250 1676 456 1715 inceperunt.
473 1678 597 1707 Verum
612 1678 701 1716 quia,
717 1678 800 1708 sicut
817 1679 1003 1717 patriarcba
1016 1680 1086 1718 ipse
1102 1681 1256 1717 asseruit,

249 1730 498 1768 predecessores
524 1731 575 1759 sui
598 1731 841 1769 redemptiones
868 1736 897 1761 ct
920 1732 1028 1770 legata
1050 1734 1198 1772 predicta
1223 1734 1258 1763 in

250 1783 362 1813 eodem
377 1792 489 1819 regno,
505 1784 635 1822 quando
650 1784 778 1822 legatus
794 1785 980 1815 destinatus
996 1786 1033 1815 de
1049 1786 1152 1817 latere
1167 1796 1258 1825 apos-

248 1835 347 1865 tolico
365 1836 399 1865 in
422 1836 491 1865 illis
514 1837 663 1875 partibus
685 1846 749 1867 non
768 1838 895 1873 existit,
914 1843 1158 1869 consueverunt
1174 1840 1259 1869 reci-

249 1898 325 1927 pere
343 1898 359 1918 a
378 1889 486 1927 longis
501 1890 704 1927 tempmibus
717 1891 902 1926 retroactis,
919 1900 989 1926 nos⁷
1008 1891 1114 1929 ipsius
1131 1892 1258 1922 devotis

249 1942 548 1980 supplicationibus
560 1942 724 1978 inclinati,
735 1947 782 1979 ut,
794 1952 851 1981 per
863 1944 1001 1974 eandem
1013 1945 1259 1983 indulgentiam

248 2004 306 2025 seu
326 1995 507 2033 quamlibet
529 1996 717 2033 generalem
738 1996 789 2026 vel
810 1997 987 2034 specialem
1007 1997 1089 2035 ipsis
1107 2007 1165 2027 seu
1182 1998 1258 2029 aliis

245 2048 407 2078 fratribus
423 2048 662 2087 cujuscumque
680 2049 808 2079 ordinis
826 2049 877 2079 vol
895 2050 995 2079 etiam
1012 2050 1143 2081 clericis
1163 2060 1258 2081 secu-

246 2101 373 2131 laribus
397 2109 587 2131 concessam
608 2111 707 2139 super
725 2101 793 2131 hiis
815 2112 833 2132 a
856 2103 938 2132 Sede
958 2103 1138 2141 apostolica
1155 2104 1207 2133 vel
1223 2104 1258 2133 in

246 2158 415 2193 posterum
439 2154 697 2190 concedendam,
721 2155 828 2185 eidem
855 2156 1044 2193 patriarche
1071 2157 1179 2195 quoad
1205 2167 1258 2187 re-

247 2208 432 2245 ceptionem
463 2207 728 2245 redemptionum
761 2211 792 2237 et
822 2208 1007 2245 legatorum
1042 2208 1190 2247 ipsorum
1222 2210 1257 2239 in

246 2269 349 2297 regno
369 2254 663 2298 predicto‘nutlum
688 2264 864 2298 generetur
886 2261 1124 2300 prejudicium.
1145 2266 1258 2293 aueto-

246 2313 344 2343 ritate
376 2312 563 2342 litterarum
597 2317 786 2343 nostrarum
816 2314 970 2344 duximus
1002 2314 1255 2353 indulgendum.

246 2365 344 2397 Unde
370 2365 478 2395 eidem
504 2365 753 2404 archiepiscopo
779 2367 902 2397 nostris
932 2367 1048 2398 damus
1072 2367 1195 2398 litteris
1221 2368 1257 2398 in

246 2418 430 2451 mandatis,
445 2422 481 2447 ut
497 2418 535 2447 dc
552 2419 803 2449 conservatione
820 2419 1029 2459 hujusmodi,
1048 2421 1155 2460 quoad
1172 2421 1257 2452 solu-

246 2471 370 2501 tionem
387 2471 625 2508 premissorum
648 2471 834 2501 faciendam
857 2473 939 2511 ipsis
963 2474 1122 2511 magistro
1139 2478 1170 2504 et
1189 2475 1258 2505 sra-

247 2524 364 2559 tribus,
387 2533 421 2553 se
437 2523 629 2554 nullatenus
646 2524 856 2555 intromittat.
874 2526 1034 2562 Quocirca
1053 2527 1257 2557 fraternitati

246 2580 301 2606 tue
314 2586 372 2614 per
384 2576 563 2614 apostolica
576 2577 698 2616 scripta
710 2578 906 2609 mandamus
922 2579 1091 2618 quatinus,
1109 2580 1137 2610 si
1149 2580 1257 2611 dictus

247 2629 516 2668 archiepiscopus
541 2630 734 2660 mandatum
761 2635 911 2661 nostrum
940 2632 1123 2670 neglexerit
1151 2634 1256 2663 adim-

246 2682 347 2722 plere,
367 2686 401 2712 tu
424 2682 463 2712 ab
481 2682 543 2712 hoc
569 2692 643 2713 enm
665 2684 825 2714 desistere
845 2685 1029 2715 monitione
1049 2686 1255 2724 presentium

247 2735 443 2765 auctoritate
466 2739 579 2765 nostra
603 2736 790 2774 compellas.
820 2738 894 2767 Non
918 2738 1070 2768 obstante
1096 2739 1126 2768 si
1149 2738 1256 2769 eidem

247 2788 512 2826 archiepiscopo,
545 2788 631 2826 quod
664 2788 838 2821 interdici,
871 2791 1030 2828 suspendi
1063 2795 1093 2821 et
1127 2800 1256 2821 excom-

245 2841 410 2871 municari
439 2850 505 2870 non
531 2841 653 2879 possit,
682 2846 729 2872 est
759 2842 798 2871 ab
824 2843 896 2880 ipsa
920 2843 1002 2873 Sede
1028 2843 1195 2874 indultum
1226 2847 1256 2873 et

246 2894 482 2924 constitutione
504 2894 542 2924 de
565 2894 692 2925 duabus
716 2895 814 2925 dietis
833 2896 919 2926 edita
941 2896 975 2926 in
996 2897 1138 2927 coneilio
1156 2905 1256 2935 genc-

1335 301 1408 332 rali.
1430 303 1503 332 Dat.
1521 303 1692 339 Laterani,
1711 304 1760 334 III
1777 303 1851 334 idus
1871 304 2071 340 decembris,
2090 313 2176 334 anno
2191 305 2309 344 primo.
2329 319 2342 334 n

1406 468 1492 496 95¹2
1862 468 1976 502 Lau-an,
1993 469 2010 496 9
2026 469 2178 496 decembre
2197 470 2273 498 1255.

1370 528 1502 556 Judaicis
1516 529 1551 555 ad
1568 529 1652 556 fidem
1669 530 1830 564 conversis,
1842 531 1870 557 in
1884 530 2097 558 parisiensibus
2112 531 2228 558 civitate
2240 531 2269 559 e't
2283 531 2346 560 dio-

1336 579 1396 605 cesi
1411 578 1668 611 commorantibus,
1686 578 1827 613 indulget,
1841 582 1871 605 ut
1886 583 1966 606 extra
1981 580 2100 606 eandem
2117 581 2254 607 diocesim
2271 581 2345 608 trahi

1338 635 1392 653 nou
1410 627 1523 661 possint
1539 626 1567 652 iu
1589 634 1705 653 causam
1717 648 1723 658 ‚
1742 626 1898 653 dummodo
1919 628 2006 662 parati
2024 629 2082 654 sint
2096 636 2191 654 coram
2209 629 2346 664 episcopo

1338 676 1494 702 parisiensi
1511 676 1756 710 conquerentibus
1767 676 1952 712 respondere.
1964 676 2047 711 (tiso.
2060 677 2102 708 ²24,
2116 686 2143 705 c.
2155 677 2348 712 768,t·.113'.)

1380 790 1392 804 «
1423 779 1579 807 L'niversis
1603 779 1786 807 christianis
1813 778 1846 807 de
1864 778 1992 816 judaice
2015 780 2152 808 cecitatis
2178 788 2280 809 errore
2307 780 2348 810 ad

1336 832 1424 869 fidem
1445 832 1607 866 conversis,
1624 832 1655 860 in
1673 832 1898 861 Parisiensibus
1911 833 2034 861 civitate
2047 837 2073 861 et
2089 832 2200 862 diocesi
2218 841 2347 863 commo-

1338 885 1491 913 rantibus.
1510 884 1555 913 Ex
1571 888 1662 922 parte
1683 887 1793 913 vestra
1808 883 1871 913 fuit
1886 884 2092 922 propositum
2110 894 2220 915 coram
2238 885 2346 922 nobis,

1339 937 1425 976 quod
1444 945 1684 975 nonnunquam
1702 945 1842 975 persone
1861 936 2087 967 ecclesiastice
2104 938 2349 969 Parisiensium

1339 994 1370 1020 et
1386 990 1631 1020 Senonensium
1648 990 1820 1019 civitatum
1837 994 1865 1019 et
1883 990 2051 1020 dioccsum
2067 999 2084 1020 a
2098 990 2220 1030 quibus
2236 995 2350 1023 aucto-

1339 1043 1436 1073 ritate
1450 1043 1544 1073 Sedis
1557 1042 1734 1081 apostolice
1747 1043 1812 1073 vite
1825 1043 2013 1073 necessaria
2027 1043 2156 1073 debetis
2166 1043 2347 1083 percipere,

1339 1095 1432 1126 vobis
1449 1104 1548 1134 super
1566 1095 1633 1125 hiis
1655 1105 1688 1125 se
1712 1100 1915 1134 opponentes
1936 1096 2032 1132 adeo,
2051 1096 2091 1126 ad
2107 1096 2238 1127 diversa
2254 1101 2286 1128 et
2300 1106 2350 1128 re-

1339 1152 1427 1178 mota
1440 1148 1510 1178 loca
1522 1158 1580 1187 per
1593 1148 1721 1179 litteras
1737 1149 1832 1179 Sedis
1847 1149 1994 1188 ejusdem
2008 1158 2065 1180 vos
2080 1149 2215 1180 trahunt
2228 1150 2263 1180 in
2275 1159 2349 1181 cau-

1340 1210 1409 1231 sam
1426 1201 1512 1240 quod
1528 1201 1681 1232 nonnulli
1699 1206 1845 1232 vestrum
1858 1202 1974 1232 litibus
1988 1202 2103 1233 cedere
2119 1203 2154 1232 in
2171 1212 2269 1233 suum
2282 1211 2350 1234 non

1338 1254 1503 1284 modicum
1537 1254 1758 1293 prejudicium
1788 1254 2031 1293 compelluntur
2062 1265 2068 1284 z
2098 1259 2232 1294 propter
2262 1255 2351 1296 quod

1339 1306 1517 1345 apostolice
1536 1307 1631 1337 Sedis
1649 1307 1834 1337 remedium
1846 1307 2060 1346 implorastis.
2080 1309 2149 1338 Nos
2160 1308 2274 1346 igitur,
2292 1317 2350 1340 vo-

1338 1358 1445 1389 lentes
1464 1359 1699 1398 tranquillitati
1717 1363 1747 1389 et
1761 1360 1995 1398 indempnitati
2012 1365 2120 1391 vestre
2132 1365 2270 1400 paterna
2283 1361 2350 1392 sol-

1338 1412 1513 1442 licitudine
1530 1413 1713 1451 providere,
1730 1413 1850 1443 vestris
1868 1413 2168 1452 supplicationibus
2183 1414 2349 1451 inclinati,

1340 1465 1434 1496 vobis
1455 1466 1651 1495 auctoritate
1667 1466 1873 1504 presentium
1890 1466 2119 1504 indulgemus,
2136 1471 2173 1497 ut
2188 1477 2246 1506 per
2260 1467 2351 1499 litte-

1341 1528 1394 1549 ras
1409 1519 1504 1549 Sedis
1521 1519 1668 1558 ejusdem
1685 1519 1737 1549 vel
1752 1519 1936 1557 legatorum
1954 1520 2059 1558 ipsius
2076 1524 2167 1550 extra
2183 1521 2351 1552 civitatem

1342 1576 1373 1602 et
1393 1572 1553 1602 diocesim
1573 1572 1782 1602 Parisienses
1803 1581 1821 1602 a
1837 1582 2004 1612 quoquam
2024 1573 2113 1603 trahi
2130 1582 2197 1604 non
2214 1573 2351 1612 possitis

1341 1625 1375 1654 in
1391 1634 1536 1660 causam,
1552 1625 1728 1655 dummodo
1745 1626 1851 1663 parati
1869 1626 1943 1655 sitis
1959 1635 2068 1655 coram
2082 1626 2268 1657 venerabili
2282 1627 2352 1657 fra-

1342 1682 1390 1708 tre
1407 1681 1519 1707 nostro
1538 1701 1570 1714 ..‚
1589 1678 1774 1708 Parisiensi
1794 1678 1962 1717 episcopo,
1980 1679 2019 1709 de
2035 1679 2129 1710 vobis
2145 1688 2352 1719 conqueren-

1342 1731 1430 1761 tibus
1456 1731 1665 1770 respondere.
1694 1731 1787 1762 Nulli
1813 1735 1873 1762 etc.
1901 1736 2012 1762 nostre
2037 1733 2263 1764 concessionis
2288 1737 2350 1764 etc.

1341 1785 1415 1814 Dat.
1434 1784 1601 1820 Laterani,
1619 1785 1649 1814 V
1663 1784 1738 1815 idus
1756 1785 1951 1821 decembris,
1972 1794 2059 1816 anno
2076 1786 2194 1824 primo.
2216 1798 2229 1812 n

1412 1950 1503 1978 958
1850 1950 1964 1985 Lati-au,
1987 1951 2015 1978 ¹3
2031 1951 2183 1978 decembre
2202 1951 2280 1978 1255.

1375 2011 1515 2038 Jacobino
1536 2011 1570 2038 dc
1593 2010 1723 2038 Valentia
1739 2016 1766 2038 et
1785 2012 1908 2044 Atisiac,
1928 2017 2009 2039 natae
2024 2013 2166 2048 quondam
2185 2012 2300 2040 Viviaui
2315 2013 2351 2040 dc

1342 2060 1568 2095 Pontetremulo,
1592 2061 1704 2087 civibus
1725 2061 1934 2094 Janucnsibus,
1962 2062 2139 2097 dispensatio
2165 2062 2350 2090 matrimonii.

1342 2109 1424 2142 (Rite.
1439 2109 1484 2140 24,
1501 2118 1526 2136 0.
1544 2109 1606 2141 769,
1623 2110 1642 2136 s.
1662 2110 1746 2144 113V.)

1383 2223 1395 2237 «
1417 2233 1449 2246 ..‚
1467 2212 1693 2249 archiepiscopo
1713 2212 1875 2241 Januensi.
1899 2211 2082 2242 Consuevit
2102 2211 2203 2242 Sedes
2220 2216 2351 2251 aposto-

1340 2263 1405 2294 lica
1424 2267 1484 2294 etc.
1502 2272 1608 2302 usque
1628 2273 1634 2292 :
1654 2264 1830 2302 impertiri.
1853 2264 1937 2295 Cum
1957 2265 2071 2303 igitur,
2097 2265 2183 2295 sicut
2205 2273 2244 2295 ex
2258 2269 2351 2304 parte

1341 2316 1453 2346 dilecti
1474 2316 1536 2345 filii
1558 2316 1711 2347 Jacobini
1731 2317 1769 2347 de
1793 2317 1948 2348 Valentia
1970 2321 2000 2347 et
2024 2317 2131 2347 Alisie
2150 2322 2226 2348 nate
2245 2326 2351 2357 quon-

1341 2369 1415 2400 dam
1431 2369 1567 2400 Viviani
1583 2369 1621 2399 de
1638 2370 1886 2400 Pontetremulo
1905 2370 2029 2400 civium
2044 2371 2269 2401 Januensium
2286 2371 2351 2401 fuit

1339 2422 1545 2462 propositum
1561 2431 1671 2452 eoram
1694 2423 1805 2458 nohis,
1828 2423 1893 2461 ipsi
1910 2423 1989 2454 olim
2009 2423 2048 2453 de
2071 2424 2157 2454 facto
2178 2423 2350 2454 matrimo-

1341 2476 1434 2506 nium
1455 2475 1494 2505 ad
1512 2476 1657 2505 invicem
1677 2476 1831 2506 duxerint
1851 2476 2131 2512 contrahendum,
2154 2485 2191 2507 ac
2209 2500 2242 2513 ..‚
2259 2477 2350 2508 vica-

1339 2529 1410 2559 rius
1422 2529 1506 2559 bone
1519 2529 1678 2559 memorie
1689 2529 1935 2568 predecessoris
1950 2530 2009 2565 tui,
2024 2539 2083 2568 pro
2095 2538 2132 2560 eo
2147 2529 2235 2568 quod
2244 2533 2350 2561 mater

1340 2582 1425 2612 dicte
1443 2582 1482 2612 A.
1500 2581 1609 2620 ipsum
1625 2582 1824 2613 Jacobinum
1841 2583 1879 2612 de
1896 2592 1989 2613 sacro
2004 2583 2095 2613 sonte
2110 2582 2244 2619 levavit,
2261 2583 2350 2614 inter

1340 2644 1395 2665 eos
1414 2634 1548 2664 divortii
1565 2635 1767 2665 sententiam
1786 2635 2022 2674 promulgarit,
2046 2635 2200 2674 idemque
2215 2634 2350 2666 Jacohi-
2372 2677 2374 2679 Ι

1340 2696 1403 2718 nus
1427 2696 1525 2726 super
1545 2687 1607 2717 hoe
1631 2687 1915 2726 dispensationem
1939 2698 1956 2718 a
1977 2688 2086 2718 felicis
2108 2687 2348 2720 recordationis

1340 2741 1366 2770 I.
1380 2749 1464 2779 papa
1478 2740 1709 2778 predecessore
1724 2745 1836 2771 nostro
1851 2741 1889 2771 de
1901 2741 2042 2771 divortio
2057 2740 2249 2780 hujusmodi
2259 2749 2348 2771 men-

1340 2793 1428 2823 tione
1446 2802 1511 2823 non
1525 2793 1640 2823 habita
1651 2794 1848 2832 impetrarit,
1864 2803 1936 2829 nos,
1956 2793 2104 2832 ipsorum
2119 2794 2150 2824 J.
2168 2797 2199 2824 et
2215 2793 2252 2823 A.
2274 2802 2348 2833 sup-

1338 2843 1576 2882 plicationibus
1590 2843 1753 2881 inclinati,
1766 2844 1962 2874 mandamus
1977 2844 2135 2882 quatinus
2149 2852 2222 2873 cum
2237 2843 2285 2874 eis
2298 2847 2345 2879 ut,

1338 2896 1575 2935 impedimento
1590 2901 1620 2927 et
1636 2897 1777 2927 divortio
1792 2896 1984 2936 hujusmodi
1997 2905 2205 2935 nequaquam
2217 2895 2348 2926 obstan-

2495 3164 2498 3173 -
2484 2373 2498 3154 ss-fi——Q-...satn—Am—-1-——2-...t--.Q—
2492 2275 2498 2358 ....—
