2441 3330
972 197 1196 235 PREMIERE
1218 198 1377 235 ANNEE.
2165 208 2219 238 139

125 274 251 305 siarum
281 272 375 311 regni
410 271 524 302 Sicilie
553 271 676 310 prefixo
707 271 746 300 de
776 269 1132 308 archiepiscopatibus.

125 326 385 366 episcopatibus,
404 325 547 355 abbatiis
567 329 599 354 et
618 323 820 362 prioratibus
842 331 900 352 sue
917 322 1135 352 dominationi

124 379 308 410 reservavit
323 373 363 408 et*
371 386 511 416 regnum
526 377 636 415 ipsum
653 375 826 414 supposuit
843 375 1067 405 ecclesiastico
1083 375 1137 403 in-

126 431 264 461 terdicto
278 454 284 466 ‚
304 430 342 460 de
360 434 389 459 te
405 429 519 459 hahita
536 429 601 458 fuit
618 428 809 467 hujusmodi
826 427 942 458 electio
959 431 989 456 et
1004 436 1137 465 proces-

127 491 196 517 sus,
223 482 318 512 nobis
344 481 517 511 humiliter
542 480 735 519 supplicasti
758 484 793 509 ut
817 479 989 518 providere
1016 480 1077 508 tibi
1101 479 1136 508 in

126 534 189 564 hac
203 538 296 573 parte
311 533 489 563 salubriter
505 542 708 563 curaremus.
724 533 791 562 Nos
808 532 910 569 igitur
925 531 992 561 tuis
1011 532 1136 562 devotis

127 587 282 625 precibus
299 586 463 619 inclinati,
482 586 569 624 quod
584 594 683 623 super
698 585 759 614 1100
775 594 794 614 a
808 584 947 623 prefatis
960 588 1135 619 conventu⁷

129 639 282 678 episcopo
299 644 328 669 et
349 639 419 678 ejus
437 638 562 676 collega
579 639 703 668 factum
722 642 787 673 est,
805 641 914 666 ratum
929 637 1090 666 habentes
1107 640 1138 665 et

128 692 276 727 firmum,
295 691 377 721 illud
398 691 593 720 auctoritate
616 690 795 729 apostolica
818 690 1052 720 confirmamus
1075 693 1135 719 etc.

127 754 233 783 usque
249 754 255 772 :
274 744 529 779 communimus,
548 743 635 782 quod
653 743 891 772 monasterium
905 743 1014 781 ipsum
1030 751 1138 772 reser-

127 797 259 827 vatione
280 796 443 826 dictarum
458 796 686 834 provisionum
703 799 733 826 et
754 795 931 824 interdicto
946 794 1138 834 hujusmodi

128 859 337 889 nequaquam
360 849 569 879 obstantibus
592 849 686 882 licite,
703 848 878 888 [re]tinere
898 848 1009 883 valeas
1030 852 1138 878 tecum

127 903 388 933 misericorditer
411 902 655 941 dispensantes.
681 901 775 932 Nulli
798 905 858 932 etc.
886 905 997 931 nostre
1019 900 1139 931 confir-

127 956 284 987 mationis
307 960 338 986 et
360 955 620 994 dispensationis
637 959 697 985 etc.
715 956 789 985 Dat.
811 954 966 993 Neapoli,
983 956 1017 985 Π
1033 963 1139 985 nonas

127 1009 219 1045 maii,
241 1018 327 1039 anno
342 1008 460 1047 primo.
481 1021 493 1035 η

199 1186 289 1215 468
734 1185 851 1220 Naples,
869 1186 884 1212 5
900 1186 969 1212 avril
988 1185 1065 1213 1255.

166 1246 381 1283 Stawrangensi
409 1249 563 1283 episcopo,
585 1249 680 1274 abbati
705 1248 740 1274 de
763 1248 859 1274 Holmi
882 1256 916 1274 ac
934 1248 1020 1282 priori
1045 1248 1080 1274 de
1105 1247 1136 1275 S.

131 1297 215 1331 Sede,
232 1306 256 1324 5.
277 1297 425 1324 Benedicti
441 1301 469 1324 et
484 1306 509 1325 s.
524 1297 684 1331 Augustini
701 1297 843 1331 ordinum,
859 1296 1058 1323 Nidrosiensis
1073 1297 1138 1323 dio-

131 1347 219 1381 cesis,
245 1346 361 1372 mandat
384 1347 535 1381 quatinus,
560 1354 626 1372 cum
646 1347 802 1380 episcopus
828 1345 1000 1380 Boi-gensis,
1029 1347 1139 1380 priores

131 1394 330 1421 Nidrosiensis
348 1398 375 1420 et
389 1395 542 1421 Osloensis
557 1395 592 1421 de
604 1395 703 1421 ordine
720 1394 951 1421 Praedicatorum
967 1395 1073 1429 quibus
1089 1395 1138 1421 In—

131 1444 284 1470 nocentius
302 1453 373 1478 papa
389 1443 429 1470 IV
455 1444 602 1478 negotium
627 1444 661 1470 de
686 1444 743 1470 vita
763 1447 791 1469 et
812 1444 958 1470 miraculis
980 1443 1138 1478 Augustini

131 1492 341 1527 archiepiscopi
362 1492 562 1519 Nidrosiensis
583 1492 746 1531 inquirendi
764 1493 948 1518 commiserat
968 1493 995 1518 in
1012 1493 1066 1519 hoc
1088 1501 1138 1519 ne-

77 1563 83 1566 .
129 1541 207 1575 gotio
224 1541 319 1567 minus
337 1541 453 1575 provide
470 1541 676 1576 processerint,
694 1541 721 1567 in
739 1541 838 1567 eodem
855 1542 936 1574 juxta
953 1541 1079 1576 priorum
1096 1542 1139 1567 di-

129 1593 271 1616 rectarum
288 1590 322 1616 ad
341 1590 404 1616 illos
419 1590 629 1616 continentiam
641 1590 798 1616 litterarum
814 1589 979 1624 procedant.
993 1590 1077 1623 (Rea.
1092 1591 1137 1622 24,

130 1646 156 1665 0.
173 1638 233 1671 385,
252 1639 271 1665 f.
289 1639 351 1669 56v·‚
370 1638 519 1665 Pomfflsr
536 1639 645 1671 15775.)

172 1753 184 1767 «
209 1764 242 1776 ..,
261 1741 492 1778 Stawranyensi
507 1742 650 1778 episcopo,
670 1745 696 1770 et
709 1741 825 1770 dilectis
842 1741 918 1778 filiis
935 1765 967 1777 ..‚
985 1742 1086 1771 abbati
1106 1743 1139 1771 de

127 1795 240 1829 Holmi,
271 1802 307 1823 ac
334 1817 366 1829 ..‚
387 1795 490 1831 priori
515 1794 548 1822 de
574 1794 688 1823 Sancta
711 1794 792 1829 Sede,
817 1796 917 1824 sancti
939 1795 1092 1824 Benedicti
1114 1801 1140 1824 et

128 1848 229 1877 sancei
247 1848 415 1884 Augustini
430 1847 592 1882 ordinum,
611 1847 817 1876 Nidrosiensis
836 1848 968 1877 diocesis.
991 1849 1139 1878 Venera-

127 1899 205 1929 bilis
222 1900 325 1929 srater
340 1903 453 1929 noster
465 1918 513 1928 —.
532 1901 605 1929 Dat.
625 1899 775 1938 Neapoli,
797 1900 894 1930 nonis
911 1900 1037 1939 aprilis,
1052 1910 1138 1931 anno

126 1953 244 1991 primo.
267 1965 279 1978 n

197 2132 285 2160 4820

162 2193 326 2220 Theobaldo
347 2195 444 2220 comiti
466 2194 633 2221 Barriducis
655 2198 683 2221 et
699 2194 866 2226 Johannae,
892 2200 972 2222 natae
993 2197 1137 2231 quondam

127 2242 270 2269 Johannis
285 2243 320 2269 de
335 2243 472 2274 Toncrio,
494 2243 644 2278 dispensat
660 2248 691 2270 ut
706 2244 733 2270 in
755 2245 935 2272 matrimonio
952 2246 1028 2272 licite
1046 2254 1137 2272 rema-

128 2295 228 2322 neant,
252 2300 307 2318 non
330 2292 463 2318 obstante
478 2292 553 2326 quod
570 2291 703 2319 Johanna
719 2294 863 2327 quondam
885 2293 1047 2321 Johannam
1066 2304 1136 2322 uxo-

128 2349 187 2367 rem
196 2340 352 2367 Theobaldi
362 2344 463 2375 quarta
474 2342 735 2376 consanguinitatis
747 2342 819 2368 linea
830 2344 988 2378 contingat.
996 2343 1079 2377 (Rea
1093 2344 1135 2376 ς24,

127 2397 153 2416 0.
171 2389 232 2422 386,
249 2389 268 2415 f.
286 2389 352 2420 56v.)

732 2132 848 2167 Naples,
867 2134 897 2160 1⁵2
914 2134 967 2160 mai
989 2134 1064 2161 1255.

171 2503 183 2517 «
201 2491 301 2520 Nobili
317 2492 384 2519 viro
402 2492 575 2527 Theobalclo,
589 2494 695 2522 comiti
710 2494 900 2529 Barriducis,
919 2499 945 2523 et
960 2495 1057 2523 nobili
1072 2505 1137 2524 mu-

129 2544 200 2573 lieri
214 2544 369 2579 Johanne,
388 2550 457 2574 nate
473 2546 628 2583 quondam
640 2547 791 2576 Jolzannis
807 2547 840 2575 de
856 2548 994 2577 Tonerz'o.
1012 2548 1061 2577 Ad
1078 2547 1139 2578 hoc

128 2597 217 2626 Deus
231 2595 280 2625 —‘.
299 2597 344 2626 Ex
359 2601 451 2635 parte
470 2597 635 2637 siquidem
652 2602 761 2629 vestra
776 2599 840 2629 fuit
856 2600 951 2630 nohis
968 2600 1140 2631 humiliter

129 2649 364 2688 supplicatum,
393 2654 429 2679 ut
456 2659 554 2689 super
577 2659 614 2680 eo
640 2652 727 2690 quod
751 2656 796 2687 tu,
818 2652 886 2682 lilia
905 2654 948 2686 J..
973 2654 1139 2692 quondam

127 2703 315 2734 Johannam
341 2712 477 2733 uxorem
499 2708 607 2739 tuam,
636 2704 683 2733 fili
707 2714 830 2741 0011105,
856 2710 973 2744 quarta,
998 2716 1140 2735 consan-

128 2755 303 2794 guinitatis
323 2755 413 2785 linea
434 2756 667 2794 contingebas,
686 2757 879 2796 dispensare
896 2759 1064 2788 vohisvnm
1082 2759 1139 2797 qui

128 2809 377 2839 matrimonium
394 2809 429 2838 in
445 2809 530 2839 facie
548 2809 694 2841 Ecclesie
710 2820 767 2839 vos
787 2811 868 2841 alias
892 2812 1075 2849 proponitis
1092 2811 1139 2841 le-
1179 2818 1181 2845 ζ

128 2861 242 2900 gitime
261 2862 464 2892 contraxisse
486 2862 524 2892 sle
547 2863 751 2901 benignitate
773 2864 867 2894 Sedis
889 2865 1066 2903 apostolice
1083 2874 1140 2894 cu-
1180 2887 1181 2896 1

1216 279 1377 300 raremus.
1407 271 1497 301 Licet
1520 272 1623 309 igitur
1645 272 1851 311 conjugalem
1874 272 2022 310 copulam
2044 273 2079 302 111
2104 277 2221 312 quarto

1218 323 1517 360 consanguinitatis
1534 329 1564 353 et
1583 324 1754 354 affinitatis
1773 325 1875 362 gradu
1891 325 1976 355 sacri
1993 325 2125 355 concilii
2144 335 2222 356 con-

1218 374 1347 403 stitutio
1362 375 1549 411 interdicat7
1571 377 1778 406 attendentes
1796 380 1904 406 tamen
1926 377 2054 407 sincere
2076 378 2222 408 devotio-

1218 426 1270 455 nis
1294 428 1447 456 affectum
1470 438 1568 466 quem
1589 429 1629 458 ad
1650 429 1786 458 eandem
1810 429 1927 459 Sedem
1948 430 2061 466 geritis
2083 434 2113 460 et
2136 430 2224 468 quod

1219 478 1353 507 evidens
1372 479 1499 509 utilitas
1517 480 1798 518 dispensationem
1817 481 1975 519 exposcit7
1994 483 2112 511 vestris
2129 482 2221 512 devo-

1218 530 1261 559 tis
1289 531 1586 568 suppli‹-ationilnis
1614 532 1777 567 inclinati,
1802 533 1994 563 auctoritate
2018 535 2222 571 presentium

1218 582 1311 611 vobis
1328 584 1538 613 concedimus
1555 585 1775 622 dispensando
1793 588 1839 619 ut,
1857 585 2090 622 impedimento
2106 586 2222 625 hujus-

1218 635 1307 663 modi
1324 644 1389 664 non
1413 636 1580 671 obstante,
1602 637 1736 674 possitis
1753 637 1786 665 in
1805 637 1851 665 sic
1869 641 2033 667 contracto
2054 639 2222 668 matrimo—

1220 687 1275 717 nio
1286 687 1376 717 licite
1391 697 1573 718 remanere.
1586 689 1679 718 Nulli
1693 693 1754 718 etc.
1771 694 1880 719 nostre
1893 690 2149 727 dispensationis
2161 696 2221 721 etc.

1219 741 1293 769 Dat.
1311 741 1460 778 Neapoli,
1479 742 1547 771 IIII
1563 741 1637 771 idus
1653 741 1743 774 maii,
1763 750 1848 771 anno
1864 742 1980 779 primo.
2000 754 2013 768 n

1290 919 1381 947 4³20

1256 981 1439 1011 Eberhardo,
1465 982 1628 1016 praeposito
1654 981 1793 1007 ecclesiae
1816 980 2006 1012 Werdensis,
2031 981 2226 1015 Frisingensis

1221 1031 1359 1061 diocesis,
1384 1030 1522 1064 indulget,
1545 1033 1575 1056 ut
1598 1029 1702 1056 dictam
1727 1031 1952 1064 praeposituram
1975 1033 2003 1056 et
2026 1030 2165 1056 ecclesias
2192 1030 2226 1056 de

1221 1079 1481 1110 Drathschirchen,
1505 1079 1538 1104 de
1559 1078 1827 1105 Neuwenchircnen
1840 1100 1846 1111 ‚
1863 1078 1897 1104 de
1916 1078 2117 1105 Cuncelhovcn
2139 1087 2171 1105 ac
2191 1079 2226 1105 de

1219 1128 1322 1154 Telves
1339 1136 1436 1153 curam
1451 1128 1610 1153 animarum
1628 1127 1768 1153 habentes
1786 1127 1876 1161 possit
1895 1127 1969 1153 licite
1988 1127 2124 1158 retinere,
2140 1131 2167 1153 et
2183 1135 2227 1153 re-

1809 918 1926 953 Naples,
1941 918 1973 945 30
1989 920 2057 945 avril
2077 920 2153 946 1255.

1221 1177 1362 1211 signando
1385 1177 1456 1202 duas
1477 1185 1511 1202 ex
1538 1176 1609 1210 ipsis
1629 1176 1682 1202 alia
1705 1176 1760 1201 duo
1788 1176 1925 1201 beneficia
1947 1176 2142 1202 ecclesiastica
2161 1184 2227 1202 cum

1220 1234 1289 1253 cura
1310 1226 1353 1251 vel
1377 1226 1439 1251 sine
1461 1233 1530 1251 eura
1553 1224 1680 1258 ipsarum
1706 1225 1767 1250 loco
1794 1225 1922 1258 recipere
1948 1224 2047 1250 valcat.
2069 1224 2151 1256 (Rae.
2175 1224 2226 1258 24,

1220 1284 1246 1303 0.
1264 1275 1324 1309 387,
1342 1275 1361 1302 f.
1379 1274 1447 1306 56V.)

1263 1390 1275 1405 «
1300 1377 1487 1411 Ebot-harde),
1510 1377 1659 1413 preposito
1684 1375 1800 1404 ecclesie
1825 1375 2005 1409 ll'rrclensis,
2023 1375 2227 1411 Frisinyensis

1221 1431 1355 1459 diocesis.
1385 1429 1455 1458 Etsi
1487 1432 1618 1466 propter
1651 1427 1865 1457 ambitionem
1889 1445 1935 1455 ——.
1968 1428 2041 1456 Dat.
2067 1426 2224 1464 Neapoli,

1220 1484 1253 1513 II
1269 1482 1429 1513 kalendas
1445 1482 1536 1516 maii,
1556 1490 1641 1511 anno
1657 1481 1774 1519 primo.
1795 1493 1807 1507 n

1291 1662 1374 1690 421
1816 1657 1935 1691 Names,
1955 1658 1982 1683 ll
2004 1658 2059 1684 mai
2077 1658 2154 1684 1255.

1258 1724 1419 1751 Conventui
1436 1722 1602 1749 monasterii
1619 1729 1642 1748 s.
1662 1721 1765 1747 Mariae
1781 1720 1815 1746 de
1831 1720 1927 1746 Gloria
1944 1720 2099 1754 Anagnini,
2114 1720 2226 1746 Floreni

1222 1775 1341 1804 ordinis,
1359 1773 1510 1799 ecclesiam
1527 1780 1551 1797 s.
1572 1770 1709 1797 Leonardi
1726 1770 1760 1795 de
1778 1770 1875 1804 Magor
1892 1769 2087 1795 Landavensis
2103 1769 2228 1795 diocesis

1221 1825 1345 1859 projure
1358 1824 1525 1856 patronatus
1537 1829 1551 1846 a
1563 1820 1597 1846 Gv.
1611 1819 1755 1853 quondam
1766 1820 1871 1845 comite
1884 1818 2042 1844 Pembrock
2055 1818 2228 1844 marescalco

1221 1872 1344 1906 Angliae
1361 1874 1389 1896 et
1406 1872 1433 1896 in
1452 1878 1523 1896 usus
1547 1869 1678 1903 proprios
1694 1877 1708 1893 a
1725 1869 1814 1893 bonae
1832 1868 1984 1893 memoriae
2000 1866 2032 1893 E.
2052 1866 2228 1892 Landavensi

1221 1922 1358 1957 episcopo
1374 1924 1401 1946 et
1419 1919 1557 1953 Gregorio
1575 1927 1645 1952 papa
1664 1917 1706 1943 [X
1723 1925 1891 1943 concessam
1908 1917 2067 1943 confirmat.
2087 1916 2169 1948 (Rho.
2183 1916 2227 1948 ⁶34,

1220 1979 1246 1997 c.
1263 1970 1324 2001 388,
1341 1970 1359 1997 f.
1376 1969 1444 2000 ᾗόν)

1263 2084 1274 2097 t(
1292 2094 1324 2105 ...
1338 2070 1439 2099 abbati
1452 2073 1478 2097 et
1489 2068 1652 2097 conventui·
1666 2067 1846 2095 0101103181·ίί
1858 2071 1959 2095 sanese
1971 2066 2065 2094 Maria·
2078 2066 2111 2094 de
2125 2066 2228 2094 Gloria

1219 2125 1390 2162 Anaynini,
1415 2123 1536 2151 Florrni
1559 2121 1686 2149 ordinis.
1707 2120 1788 2149 Cum
1807 2128 1824 2148 a
1843 2118 1937 2147 nobis
1954 2118 2077 2156 petitur
2093 2122 2152 2147 0111.
2171 2128 2227 2147 115-

1176 2183 1179 2198 ⁷
1220 2186 1283 2216 que
1300 2186 1305 2205 :
1325 2176 1488 2205 effectum.
1506 2174 1588 2203 Cum
1606 2173 1727 2210 itaque.
1745 2171 1829 2200 sicut
1846 2170 1940 2199 nobis
1957 2179 2116 2207 exponere
2131 2179 2226 2199 eura-

1219 2229 1326 2263 vistis,
1346 2227 1509 2266 quondam
1533 2226 1572 2255 G.
1590 2234 1698 2254 eomes
1721 2224 1844 2253 Pehroc
1866 2222 2086 2252 marescalcus
2108 2222 2226 2259 Anglie

1217 2283 1271 2322 jus
1299 2283 1490 2319 patronatus
1521 2278 1607 2316 quod
1632 2276 1773 2306 habebat
1796 2276 1829 2305 in
1854 2275 1993 2305 ecelesia
2016 2275 2120 2304 sancti
2144 2276 2226 2304 Leo-

1220 2334 1315 2364 nardi
1338 2333 1375 2362 (le
1401 2333 1525 2369 Magor,
1544 2329 1769 2360 Landavensis
1786 2328 1938 2363 diocesis,
1957 2336 1993 2356 ac
2009 2327 2126 2357 deinde
2142 2327 2226 2357 bone

1220 2386 1377 2417 memorie
1400 2386 1435 2414 E.
1460 2383 1686 2413 Landavensis
1706 2382 1878 2420 episcopus
1900 2385 1930 2411 et
1950 2381 2155 2419 postmodum
2178 2381 2227 2410 fe-

1220 2440 1294 2469 licis
1311 2437 1550 2468 recm‘tlationis
1575 2437 1611 2465 G.
1640 2444 1723 2473 papa
1745 2434 1956 2473 predecessor
1979 2437 2090 2463 noster
2106 2433 2226 2461 (lictant

1221 2493 1395 2524 ecclesiam
1413 2491 1506 2520 vobis
1523 2494 1553 2519 et
1569 2499 1626 2527 per
1647 2498 1703 2518 vos
1720 2487 1920 2517 monas-trudo
1941 2490 2047 2516 vestro
2064 2486 2097 2514 in
2114 2494 2227 2523 puram

1221 2545 1435 2576 elemosinam
1457 2548 1488 2573 et
1508 2543 1541 2571 in
1565 2542 1713 2580 proprios
1737 2545 1767 2570 ct.
1793 2544 1965 2578 perpetuos
1987 2548 2066 2567 usus
2094 2546 2226 2567 ronces-

1221 2599 1312 2632 seril.
1337 2601 1432 2635 prout
1456 2597 1487 2625 in
1512 2595 1700 2625 eorumdem
1723 2593 1863 2627 comitis,
1885 2591 2029 2629 episcopi
2051 2600 2086 2619 ac
2112 2589 2226 2627 prede-

1221 2651 1362 2682 cessoris
1384 2649 1503 2679 lina-ris
1527 2648 1656 2686 plenius
1673 2647 1871 2681 continetur.
1891 2654 1949 2675 1105
1967 2644 2084 2673 vestris
2102 2642 2226 2680 snppli-

1221 2704 1406 2735 canonibus
1425 2702 1587 2737 inclinati,
1607 2700 1690 2739 quod
1712 2700 1751 2729 al»
1774 2699 1897 2729 eisdem
1923 2697 2056 2731 comite,
2075 2695 2225 2732 episcopo

1222 2763 1252 2788 et
1266 2757 1496 2795 1›1·‹·‹ls=eess‹›1·e
1509 2755 1632 2784 santum
1648 2757 1695 2782 est
1707 2753 1739 2781 111
1756 2752 1813 2781 1111(-
1828 2755 1928 2789 parte,
1947 2754 2051 2779 ratum
2069 2748 2224 2777 {inlu-ntes

1223 2814 1253 2841 et
1269 2813 1408 2847 gratum,
1434 2808 1465 2837 id
1490 2807 1683 2836 auctoritate
1707 2804 1885 2843 apostoliea
1909 2804 2139 2832 ronlirumnius
2163 2804 2222 2829 etv.

1223 2872 1326 2900 usqne
1348 2872 1352 2889 ς
1375 2859 1627 2889 0011111111111111115,
1654 2857 1849 2895 Supplenles
1872 2856 2033 2885 desertum
2053 2853 2078 2881 si
2098 2852 2171 2890 «piis
2191 2852 2223 2879 in
