2498 3325
971 229 1201 268 DEUXIEME
1223 229 1381 266 ANNEE.
2177 238 2235 267 320

199 311 220 338 1
226 310 315 338 094

162 371 360 405 Iasi-ascriptis
375 370 505 401 mandat,
523 370 661 404 quatinus
677 377 792 395 sorores
808 376 859 394 seu
876 367 1031 394 canonicas
1051 365 1139 391 cccle-

675 308 794 341 Latran,
810 307 842 333 *27
858 305 971 339 janvier
990 303 1066 330 1256.

128 421 188 446 siae
206 423 372 445 sanctorum
389 418 518 444 Simonis
534 422 562 444 et
577 417 669 444 Judae
688 416 848 443 Brixiensis
861 419 1004 447 moneant,
1024 418 1053 440 ut
1068 413 1141 439 iutra

129 471 193 494 octo
209 467 272 493 dies
289 472 353 501 post
370 466 555 492 monitionem
571 466 604 491 ad
622 466 791 492 electionem
809 473 905 491 earum
924 463 1064 498 praelatae
1076 470 1142 496 pro-

129 516 242 548 cedant,
261 515 400 541 electione
414 515 442 541 in
460 515 603 541 discordia
619 515 760 540 celebrata
776 514 810 539 dc
823 513 927 539 Savina
938 513 1010 538 etde
1029 513 1142 543 Agnete

130 564 279 590 sororibus
293 565 350 597 jam
368 563 402 588 ab
420 563 558 597 episcopo
576 562 729 588 Mantuano
745 566 867 588 cassata.
880 561 964 593 (lieo.
982 561 1024 592 94,
1043 561 1061 586 f.
1083 559 1141 591 ¹36,

129 621 196 638 ann.
214 611 256 640 ΙΙ,
275 620 300 639 c.
319 612 373 642 58.)

175 725 187 739 «
213 735 245 747 ..,
264 714 415 750 preposito
433 714 551 741 ecclesie
570 714 670 741 sancti
688 712 872 745 salvatoris,
893 717 918 740 et
939 713 1035 747 fratri
1054 712 1144 739 Inve-

131 766 235 794 rardo.
252 767 355 794 lectori
366 767 502 801 fratrum
517 766 745 794 Proclicatorwn
761 766 982 793 Brim'ensiam.
997 763 1145 793 Ecclesia

132 822 322 848 sanctorum
343 818 499 856 Symonis
516 822 547 847 et
568 817 653 848 Jude
672 817 869 851 Brixiensis,
892 817 1019 846 ordinis
1039 815 1145 845 sancti

131 871 328 908 Augustini,
359 870 399 900 ad
421 872 605 900 Romanam
633 870 815 899 Ecclesiam
842 874 877 899 ut
905 869 1027 899 dicitur
1053 868 1145 898 nullo

132 923 240 953 medio
263 923 462 960 pertinente,
485 923 610 961 prelate
629 922 822 961 jamdudum
848 922 934 951 sicut
957 921 1145 960 accepimus
1186 954 1187 964 γ

132 975 296 1013 regimine
320 975 495 1005 destituta.
519 984 649 1005 sorores
676 984 734 1005 seu
755 975 914 1004 canonice
935 975 1042 1012 ipsius
1063 975 1145 1004 duas

132 1028 329 1063 electiones,
359 1037 458 1057 unam
488 1028 642 1058 videlicet
670 1028 708 1057 de
737 1028 859 1058 Savina
885 1032 915 1058 et
946 1028 1083 1058 alteram
1106 1028 1145 1057 de

132 1082 275 1119 Agnete,
301 1081 470 1111 sororibus
493 1090 551 1111 seu
570 1081 793 1111 canonicabus
811 1081 950 1111 ecclesie
967 1081 1143 1115 antedicte,

133 1134 168 1163 in
187 1134 353 1163 discordia
369 1133 591 1164 celebrarunt,
618 1134 713 1164 Unde
730 1134 839 1163 felicis
857 1134 1097 1164 recordationis
1119 1135 1144 1164 Ι.

133 1196 216 1225 papa
245 1187 457 1225 predecessor
486 1191 598 1216 noster
626 1186 810 1216 venerabili
838 1187 933 1216 fratri
966 1191 1078 1216 nostro
1112 1210 1144 1221 ..,

135 1239 287 1277 episcopo
305 1240 497 1271 Mantuano,
517 1240 587 1269 suis
607 1239 695 1269 dedit
711 1239 833 1269 litteris
849 1239 882 1268 in
900 1239 1078 1275 mandatis,
1098 1244 1144 1275 ut,

135 1292 300 1330 inquisita
330 1292 368 1322 de
398 1292 493 1321 modo
521 1292 720 1322 electionum
750 1292 945 1329 eligentium
971 1292 1090 1322 studiis
1117 1297 1148 1322 et

136 1345 264 1374 meritis
284 1345 461 1374 electarum
479 1345 673 1383 diligentius
689 1346 838 1381 veritate,
860 1345 996 1375 alteram
1014 1346 1148 1376 electio-

138 1407 217 1426 num
233 1398 380 1436 ipsarum
398 1407 495 1436 quam
512 1398 679 1429 inveniret
695 1399 733 1428 de
750 1408 890 1437 persona
906 1400 1033 1438 ydonea
1049 1410 1148 1430 cano-

138 1450 211 1480 nice
225 1451 435 1486 celebratam,
449 1455 577 1480 cassata
586 1451 726 1490 reliqua,
744 1452 953 1481 confirmaret
966 1462 972 1481 1
985 1452 1145 1491 alioquin,

136 1507 275 1542 utraque
291 1508 430 1538 cassata,
446 1504 485 1534 de
498 1513 639 1542 persona
656 1504 786 1542 ydonea
802 1505 908 1534 eidem
920 1505 1059 1535 ecclesie
1075 1515 1148 1535 auc-

135 1556 267 1586 toritate
286 1556 466 1594 apostolica
481 1557 679 1594 provideret.
698 1557 761 1587 Sed
780 1556 858 1587 licet
875 1558 1048 1596 episcopus
1064 1559 1146 1596 ipse,

136 1609 174 1639 de
193 1608 384 1648 hujusmodi
401 1609 620 1639 electionibus
637 1609 810 1648 inquisito,
829 1614 1003 1648 utramque
1016 1611 1150 1649 justitia

136 1661 287 1699 exigente
301 1662 451 1697 cassarit‚
465 1661 606 1691 ulterius
621 1665 730 1692 tamen
746 1662 786 1691 ad
801 1663 1025 1700 provisionem
1042 1664 1148 1702 ipsius

136 1715 275 1745 ecclesie
289 1724 355 1745 non
370 1715 541 1753 processit.
559 1716 608 1745 Ne
623 1715 727 1753 igitur
743 1715 917 1745 ecclesiam
934 1716 1040 1754 ipsam
1055 1726 1148 1755 prop-

135 1772 185 1798 ter
202 1769 407 1798 vacationem
427 1768 591 1798 diutinam
608 1769 742 1806 gravius
758 1769 826 1806 pati
843 1769 1012 1807 contingat
1028 1770 1062 1799 in
1080 1770 1148 1809 spi-

136 1821 314 1851 ritualibus
333 1825 364 1851 et
384 1821 622 1860 temporalibus
645 1822 896 1857 detrimentum,
913 1823 1073 1861 pastorali
1092 1833 1148 1854 vo-

135 1875 242 1905 lentes
274 1874 499 1904 sollicitudine
531 1875 703 1912 providere
718 1898 723 1910 ,
758 1875 954 1905 mandamus
989 1877 1147 1915 quatinus

136 1936 266 1957 sorores
282 1936 339 1957 seu
363 1928 540 1957 canonicas
560 1927 699 1957 ecclesie
721 1928 885 1958 antedicte
902 1929 1061 1959 attentius
1078 1939 1148 1960 mo-

136 1981 255 2015 neatis,
273 1984 308 2010 ut
324 1980 412 2009 infra
425 1984 497 2010 octo
513 1980 584 2010 dies
598 1984 671 2018 post
686 1981 904 2011 monitionem
918 1987 1060 2012 vestram
1074 1993 1149 2021 per·
1188 1998 1190 2004 ι

135 2042 250 2063 sonam
262 2033 415 2062 idoneam
429 2042 487 2071 per
499 2033 694 2063 electionem
707 2034 900 2063 canonicam
912 2038 942 2064 et
954 2036 1148 2065 concordem

135 2085 200 2115 sibi
220 2086 394 2124 preficiant
412 2086 447 2114 in
466 2085 625 2124 prelatam
647 2096 652 2114 :
674 2086 839 2125 alioquin,
860 2096 932 2123 vos,
954 2093 1072 2117 extunc
1089 2089 1148 2118 ba-

135 2139 251 2169 bentes
268 2147 324 2176 pre
340 2138 446 2168 oculis
467 2138 574 2168 solum
593 2140 709 2173 Deum,
733 2139 771 2169 de
792 2148 930 2177 persona
949 2140 1068 2170 idonea
1084 2151 1147 2180 que

137 2191 180 2221 sit
204 2191 243 2221 de
268 2191 374 2229 ipsius
398 2191 541 2229 capitulo
565 2196 596 2221 et
621 2191 813 2230 hujusmodi
836 2192 1030 2230 prelationis
1054 2194 1147 2224 oneri

137 2249 307 2282 congruat,
326 2244 354 2273 si
372 2243 447 2273 talis
463 2244 510 2273 ibi
528 2244 640 2279 suerit,
662 2245 690 2274 si
709 2254 774 2274 non
792 2250 901 2275 autem
919 2245 1054 2276 aliunde
1071 2256 1149 2276 auc-

137 2297 268 2326 toritate
285 2301 397 2326 nostra
412 2296 614 2334 provideatis
632 2297 770 2327 ecclesie
786 2298 932 2328 viduate.
955 2299 1150 2329 Contradic-
1167 2306 1173 2313 ·

138 2354 236 2379 tores.
249 2349 343 2385 Quod
357 2349 385 2377 si
400 2358 464 2378 non
480 2349 575 2378 ambo
590 2354 648 2379 etc.
664 2350 736 2379 Dat.
751 2350 918 2386 Laterani,
930 2352 975 2381 VI
989 2351 1149 2382 kalendas

138 2402 314 2437 februarii,
334 2410 420 2431 anno
439 2401 594 2431 secundo.
616 2415 628 2428 n

214 2580 330 2609 1⁰95

177 2643 281 2669 Abbati
298 2642 478 2669 Claniaccnsi
503 2642 664 2668 facultatem
686 2642 818 2669 concedit
838 2645 1000 2678 corrigendi
1018 2649 1045 2670 ct
1068 2653 1150 2671 amo-

691 2579 803 2614 Latran,
821 2580 854 2608 ‘20
869 2581 984 2615 janvier
1001 2582 1078 2609 1256.

142 2692 224 2718 vendi
243 2692 353 2726 priores
368 2695 417 2717 aut
434 2692 533 2717 fratres
550 2690 659 2716 ordinis
671 2691 773 2725 ipsius,
786 2700 840 2718 non
853 2693 1037 2719 obstantibus
1049 2694 1152 2720 litteris
1191 2712 1193 2721 .

140 2740 306 2775 apostolicis
321 2740 429 2765 eisdem
446 2739 606 2766 concessis,
626 2738 708 2771 (Heu.
725 2739 768 2770 24,
788 2740 808 2766 f.
830 2741 889 2773 1:56,
908 2750 974 2767 ann.
997 2741 1032 2771 ΙΙ,
1049 2750 1074 2767 c.
1097 2742 1151 2775 79.)

183 2854 196 2868 «
217 2865 248 2876 ..,
269 2842 370 2870 abbati
386 2841 593 2871 Cluni'accnsi.
617 2841 719 2876 Quia,
740 2841 825 2871 sicut.
845 2844 1049 2880 accepimus.
1069 2854 1152 2873 non-

143 2894 225 2924 nulli
244 2895 369 2932 priores
386 2898 416 2923 ct
433 2893 490 2922 alii
507 2894 626 2923 fratres
645 2893 691 2922 tui
708 2894 846 2930 ordinis,
865 2900 900 2925 ut
916 2905 933 2925 a
950 2897 1152 2934 prioratibus

268 2959 490 2984 ALEXANDRE
510 2959 560 2989 lv,
580 2962 598 2982 t.
619 2959 637 2983 l.

1224 306 1253 331 et
1270 302 1351 331 locis
1368 303 1489 340 quibus
1508 307 1645 340 presunt
1668 303 1811 332 amoveri
1830 302 2026 340 simpliciter
2042 303 2093 332 vel
2110 303 2234 341 absque

1222 354 1358 384 licentia
1376 359 1488 384 nostra
1512 364 1576 384 non
1594 355 1742 389 valeant,
1765 364 1863 392 super
1880 355 2130 384 confirmatione
2147 355 2236 393 ipso-

1224 416 1297 436 rum
1316 408 1520 444 prioratuum
1539 411 1569 437 et
1587 407 1731 436 locorum
1752 408 1900 437 diversas
1918 417 1933 436 a
1952 408 2034 437 Sede
2056 407 2237 445 apostolica

1226 460 1451 497 indulgentias
1474 464 1504 489 et
1525 460 1653 489 litteras
1676 459 1913 497 impetrarunt,
1937 469 2011 494 nos,
2035 459 2185 489 nolentes
2202 464 2237 489 ut

1226 522 1283 550 per
1296 513 1357 542 hoc
1369 512 1596 551 jurisdictioni
1612 516 1665 541 tue
1680 512 1713 540 in
1729 512 1839 550 aliquo
1854 512 2037 547 derogetur,
2053 512 2236 551 exequendi

1226 566 1313 595 circa
1338 566 1425 604 ipsos
1449 575 1628 603 eorumque
1652 565 1888 595 correctionem
1909 570 1938 594 et
1956 566 2165 600 amotionem,
2184 566 2237 595 in-

1227 619 1407 656 dulgentiis
1426 623 1455 647 et
1472 619 1594 648 litteris
1610 618 1799 656 hujusmodi
1817 626 1881 646 non
1899 618 2117 654 obstantibus,
2137 618 2237 647 officii

1227 672 1274 701 tui
1293 671 1451 702 debitum,
1471 675 1565 709 prout
1584 671 1643 700 tibi
1661 671 1698 700 de
1713 671 1786 709 jure
1805 670 1854 700 vel
1872 671 2111 700 consuetudine
2128 675 2182 700 aut
2200 681 2236 700 cx

1226 724 1412 762 privilegiis
1428 724 1479 753 vel
1491 724 1710 759 indulgentiis
1723 723 1912 761 apostolicis
1927 724 2092 761 competit,
2106 724 2236 761 plenam

1228 777 1287 806 tibi
1319 777 1513 807 auctoritate
1548 776 1753 814 presentium
1786 775 1997 805 concedimus
2033 775 2234 805 facultatem.

1227 830 1320 860 Nulli
1354 834 1412 859 etc.
1447 833 1557 858 nostre
1594 828 1819 858 concessionis
1857 832 1917 857 etc.
1953 830 2025 857 Dat.
2065 828 2235 858 Laterani.

1226 883 1310 912 XIII
1327 882 1485 912 kalendas
1503 881 1675 915 februarii,
1695 890 1780 910 anno
1798 881 1953 910 secundo.
1977 894 1988 906 υ

1301 1055 1320 1082 1
1329 1053 1419 1081 036

1263 1115 1388 1149 Jacobo,
1405 1116 1582 1150 patriarchae
1598 1114 1856 1149 Jerosolymitano,
1877 1122 1926 1148 pro
1943 1113 2131 1148 expediendis
2147 1113 2240 1139 cccle-

1784 1052 1895 1082 Latran,
1911 1052 1945 1078 ‘29
1959 1052 2072 1086 janvier
2092 1051 2168 1079 12¹56.

1228 1165 1287 1191 siae
1307 1165 1441 1198 negotiis,
1455 1164 1587 1191 concedit
1603 1163 1766 1190 facultatem
1780 1157 1966 1189 contrahendi
1980 1166 2111 1188 mutuum
2124 1166 2239 1187 centum

1229 1218 1257 1240 et
1272 1214 1481 1247 quinquaginta
1500 1212 1647 1238 unciarum
1664 1212 1725 1237 auri
1742 1220 1756 1236 a
1775 1211 1928 1244 Raibardo,
1943 1211 2116 1236 marescalco
2134 1210 2240 1244 Hospi-

1229 1263 1294 1289 talis
1306 1262 1336 1288 S.
1349 1261 1492 1287 -loliannis
1502 1260 1748 1295 Jerosolymitani.
1761 1260 1842 1293 (Rae.
1856 1259 1899 1291 ⁶24,
1914 1260 1931 1285 1,
1949 1259 2005 1291 136,
2018 1268 2072 1285 ann
2097 1259 2133 1290 It,
2147 1267 2172 1285 c⁴
2184 1258 2237 1286 80.)

1272 1377 1283 1390 «
1303 1365 1420 1398 jacobo,
1436 1363 1614 1400 patriarche
1629 1363 1887 1391 Jerosolimilaao.
1906 1361 2000 1392 Cum,
2017 1361 2099 1390 sicut
2115 1361 2148 1389 in
2164 1369 2241 1390 nos-

1230 1421 1278 1446 tra
1299 1416 1499 1455 proposuisti
1520 1415 1687 1453 presentia
1708 1415 1926 1449 constitutus,
1948 1424 2006 1452 pro
2028 1414 2241 1452 expediendis

1188 1490 1190 1502 ,»
1229 1469 1500 1500 Jerosolimitane
1519 1468 1657 1497 ecclesie
1676 1468 1834 1505 negociis,
1855 1477 1912 1505 pro
1929 1467 2050 1505 quibus
2067 1467 2106 1496 ad
2124 1467 2241 1496 Sedem

1231 1522 1443 1561 apostolicam
1464 1521 1646 1555 accessisti,
1667 1529 1784 1558 magna
1803 1524 1833 1550 te
1850 1520 1962 1549 subire
1979 1523 2126 1557 oporteat
2142 1528 2243 1549 onera

1188 1598 1189 1601 ¹
1231 1583 1459 1614 expensarum,
1480 1583 1519 1603 ne
1537 1582 1594 1611 pro
1611 1573 1740 1603 defectu
1757 1573 1905 1610 ipsarum
1923 1573 2035 1602 eadem
2053 1572 2242 1609 inexpedita

1230 1636 1401 1658 remanere
1422 1626 1609 1663 contingat,
1635 1635 1710 1661 1108,
1737 1626 1802 1655 tuis
1827 1625 2125 1663 supplicationibus
2145 1624 2243 1653 incli-

1230 1681 1315 1715 nati,
1343 1679 1561 1709 contrahendi
1584 1683 1735 1708 mutuum
1759 1682 1890 1716 propter
1911 1677 1971 1707 hoc
1995 1673 2013 1707 a
2034 1677 2152 1707 dilecto
2175 1677 2243 1707 filio

1229 1733 1331 1762 fratre
1345 1731 1522 1764 Baibardo,
1536 1730 1736 1760 marescalco
1751 1730 1935 1768 Hospitalis
1950 1729 2062 1759 Sancti
2078 1729 2243 1759 Johannis

1229 1784 1504 1818 Je1·osolimitani,
1523 1793 1628 1822 usque
1645 1783 1685 1812 ad
1701 1792 1863 1813 summam
1882 1787 2013 1812 centum
2030 1787 2061 1812 et
2077 1782 2243 1821 quinqua-

1188 1850 1190 1864 :
1231 1838 1322 1875 ginta
1345 1837 1520 1866 unciarum
1547 1836 1619 1865 auri
1642 1836 1676 1864 in
1702 1835 1827 1865 tarenis
1854 1835 1893 1864 ad
1916 1835 2043 1873 pondus
2066 1834 2159 1871 regni
2186 1843 2245 1863 no-

1230 1890 1319 1919 mine
1336 1889 1607 1920 Jerosolimitane
1624 1888 1774 1918 ecclesie.
1794 1892 1824 1917 et
1840 1887 2008 1925 obligandi
2026 1887 2121 1916 fratri
2140 1895 2244 1925 usque

1231 1943 1270 1973 ad
1283 1952 1446 1972 summam
1461 1941 1651 1981 hujusmodi
1665 1946 1694 1971 te
1707 1945 1736 1970 et
1750 1949 1958 1970 successores
1971 1944 2054 1973 tuos,
2070 1939 2244 1969 ecclesiam

1229 1996 1536 2027 Jerosolimitanam
1560 1999 1591 2025 et
1614 1995 1698 2024 bona
1722 1994 1808 2033 ejus.
1828 2003 1863 2023 ac
1883 1993 2103 2023 renunciandi
2120 1993 2244 2022 consti—

1230 2050 1351 2080 tutioni
1378 2049 1415 2078 de
1440 2049 1568 2078 duabus
1593 2048 1690 2078 dietis
1716 2048 1801 2077 edite
1824 2047 1857 2075 in
1883 2046 2022 2076 concilio
2042 2045 2189 2082 generali
2213 2050 2244 2075 ct

1230 2103 1392 2132 beneficio
1411 2101 1633 2131 restitutionis
1654 2101 1689 2129 in
1705 2101 1889 2137 integrum,
1910 2108 2036 2129 necnon
2054 2103 2084 2128 et
2101 2107 2244 2128 conven-

1233 2156 1314 2186 tioni
1327 2156 1488 2194 judicum,
1509 2155 1535 2184 si
1554 2155 1701 2192 ipsorum
1719 2153 1917 2183 creditorum
1937 2152 2070 2181 nomine
2087 2151 2245 2189 apostoli-

1231 2219 1285 2239 cas
1300 2209 1428 2238 litteras
1442 2208 1680 2247 cujuscumque
1698 2207 1822 2236 tenoris
1836 2206 1870 2234 in
1887 2209 2054 2243 posterum
2073 2204 2244 2242 impetrari

1189 2264 1191 2276 ”
1231 2262 1458 2297 contingeret,
1489 2260 1684 2289 auctoritate
1714 2259 1773 2288 tibi
1800 2258 2004 2296 presentium
2033 2257 2244 2287 concedimus

1231 2315 1435 2345 facultatem.
1455 2314 1503 2342 Ita
1522 2317 1630 2341 tamen
1645 2312 1731 2350 quod
1749 2316 1780 2340 tu
1799 2315 1829 2340 ct
1846 2319 2054 2340 successores
2072 2310 2117 2338 tui
2132 2313 2244 2339 tenea-

1232 2367 1315 2397 mini
1337 2367 1377 2396 ad
1398 2365 1588 2404 hujusmodi
1608 2365 1781 2402 pecuniam
1804 2363 2053 2401 persolvendam
2075 2366 2105 2391 et
2129 2362 2167 2391 ad
2188 2372 2245 2400 pe-

1233 2430 1320 2455 nam,
1337 2420 1489 2457 dampna,
1508 2427 1668 2456 expensas
1685 2421 1713 2447 ct
1733 2417 1906 2450 interesse,
1926 2416 1953 2444 si
1971 2416 2004 2444 in
2024 2415 2164 2444 termino
2181 2424 2199 2444 a
2215 2418 2245 2444 te

1234 2472 1408 2503 statuendo
1434 2471 1609 2509 pecuniam
1631 2479 1694 2499 non
1718 2469 1916 2507 persolveris
1938 2472 2170 2502 memoratam,
2189 2476 2246 2497 su·-

1234 2526 1321 2555 blata
1346 2525 1426 2562 ipsis
1450 2523 1669 2553 creditoribus
1694 2522 1891 2552 necessitate
1908 2520 2069 2559 probandi
2087 2520 2173 2558 quod
2188 2528 2246 2558 pe-

1233 2578 1331 2607 cunia
1353 2577 1466 2607 cadem
1486 2577 1528 2606 sit
1547 2585 1705 2605 conversa
1723 2575 1756 2604 in
1775 2575 1952 2604 utilitatem
1973 2573 2109 2603 ecclesie
2128 2582 2244 2610 supra-

1233 2631 1334 2665 dicte,
1370 2633 1519 2668 pretextu
1552 2628 1694 2667 alicujus
1724 2627 1973 2657 constitutionis
2006 2625 2164 2655 canonice
2194 2624 2246 2654 vel

1234 2683 1361 2713 civilis:
1378 2691 1442 2711 non
1455 2681 1665 2711 obstantibus
1680 2680 1848 2718 aliquibus
1864 2678 2048 2716 privilegiis
2063 2687 2119 2707 scu
2135 2676 2247 2705 indul-

1235 2736 1368 2773 gentiis,
1385 2736 1423 2765 de
1440 2735 1561 2774 quibus
1580 2735 1612 2763 in
1628 2734 1750 2763 nostris
1763 2733 1884 2761 litteris
1899 2735 2042 2769 oporteat
2064 2730 2134 2760 tieri
2154 2739 2246 2759 men-

1192 2809 1193 2817 ,
1236 2790 1357 2818 tionem
1381 2792 1408 2818 et
1428 2798 1484 2826 per
1503 2797 1565 2825 que
1593 2792 1624 2815 tu
1647 2791 1678 2815 ct
1701 2794 1910 2815 stit-‹essores
1933 2785 1979 2813 tui
2005 2783 2089 2812 tueri
2114 2791 2169 2811 vos
2189 2791 2246 2811 va-

1235 2843 1342 2872 leatis.
1371 2844 1443 2871 Dat.
1471 2841 1642 2874 Laterani,
1676 2841 1738 2869 [Ill
1768 2838 1926 2868 kalendas
1957 2836 2131 2870 februarii,
2160 2844 2246 2864 anno

1236 2894 1390 2925 secundo.
1416 2906 1427 2919 n

2094 2954 2120 2976 ἸΤΖ
