2441 3330
173 183 227 214 136
896 186 1136 217 REGISTRES
1157 186 1466 217 D'ALEXANDRE
1488 187 1544 217 IV.

170 250 255 276 unico
272 249 422 282 beneficio,
439 250 523 276 etiam
541 249 565 276 si
581 258 649 276 cura
665 251 824 278 animarum
841 252 897 278 ittis
913 252 950 279 sit
965 260 1086 282 annexa,
1105 252 1179 278 reci-

169 305 236 332 pere
248 298 348 324 valeat.
363 297 447 330 (Rae.
464 298 508 332 24,
525 306 550 325 c.
568 298 630 332 377,
647 299 666 327 f.
683 300 752 331 55¹¹.)

211 404 223 419 «
244 393 387 430 Maqistro
402 394 539 422 Johanni
551 394 645 430 Mahe,
665 395 812 424 canonico
831 396 1011 425 Tui-ortensi.
1032 396 1122 426 Licet
1138 404 1179 426 ne

170 445 245 484 quis
258 463 306 474 —.
324 446 398 475 Dat.
416 445 566 485 Neapoli,
587 448 619 477 II
633 456 738 478 nonas
754 448 845 483 maii,
866 457 953 478 anno
966 449 1083 487 primo.
1103 461 1117 476 »

240 610 327 639 459
788 612 906 648 Naples,
923 613 938 640 3
956 616 1010 641 mai
1030 615 1106 642 1255.

205 670 336 706 Capituio
352 672 492 699 ecclesiae
508 672 716 708 Mortariensis‚
735 674 885 710 papiensis
899 676 1034 708 diocesis,
1047 677 1180 704 concedit

170 720 332 747 facultatem
351 721 505 756 recipiendi
527 722 554 748 in
567 723 723 750 canonicos
741 724 818 750 viros
834 724 964 755 idoneos,
981 726 1068 752 salvis
1085 730 1178 753 tamen

169 769 392 796 adhaerentibus
406 774 455 796 aut
470 770 537 796 filiis
555 771 778 798 adhaerentibus
801 772 952 800 Frederico
972 774 1039 801 oiim
1056 775 1179 809 impera-

170 819 240 848 tori,
258 826 312 844 non
330 819 462 845 obstante
479 819 650 846 inhibitione
672 821 757 855 legati
781 820 816 848 G.
833 822 868 848 de
885 822 1080 858 Montelongo,
1097 824 1179 850 electi

170 866 399 901 Aquilegiensis.
416 868 500 902 (Rea.
516 869 559 900 24,
577 877 602 895 c.
621 868 680 901 378,
698 870 717 896 f.
735 870 806 903 55¹.)

213 973 226 988 α
249 985 282 996 ..,
301 964 452 1000 preposito
474 968 499 992 et
519 965 654 1002 capitulo
674 966 792 994 ecclesie
813 966 1037 1003 Mortariensis‚
1063 968 1103 996 ad
1124 969 1180 997 Ro-

170 1023 296 1044 manam
307 1016 472 1045 Ecclesiam
483 1017 569 1046 nullo
580 1017 732 1047 mediante
742 1019 936 1055 pertinentis,
949 1020 1069 1050 ordinis
1081 1022 1181 1050 sancti

170 1067 355 1104 Augustini,
373 1069 531 1106 I'apiensis
552 1070 686 1099 diocesis.
706 1070 798 1100 Sicut
816 1071 933 1109 petitio
953 1077 1062 1103 vestra
1084 1073 1181 1104 nobis

171 1118 319 1149 exhibita
341 1121 546 1157 continebat,
571 1121 711 1152 dilectus
734 1123 823 1154 filius
845 1124 883 1154 G.
907 1124 947 1155 de
970 1126 1181 1164 Montelongo

172 1171 296 1202 electus
308 1173 556 1212 Aquilegensis,
570 1178 648 1205 tunc
663 1176 698 1204 in
713 1177 864 1214 partibus
878 1178 1074 1209 Lombardie
1090 1188 1181 1218 apos-

171 1224 269 1254 tolice
292 1226 387 1256 Sedis
407 1226 551 1264 legatus,
574 1227 612 1258 de
634 1229 789 1259 mandato
810 1230 919 1260 felicis
942 1231 1181 1263 recordationis

172 1278 198 1307 1.
216 1286 298 1316 pape
314 1279 558 1316 predecessoris
575 1281 681 1310 nostri
693 1281 883 1313 inhibuisse
897 1283 1019 1314 dicitur
1035 1293 1076 1315 ne
1092 1285 1182 1324 capi-

170 1330 250 1366 tula,
268 1336 461 1367 conventus,
478 1337 623 1363 rectores
639 1333 691 1364 vel
706 1334 819 1364 clerici
835 1336 1037 1367 conditionis
1057 1337 1109 1368 vel
1129 1347 1182 1367 or-

172 1383 260 1413 dinis
279 1385 516 1424 quuscumque
538 1385 769 1423 ecclesiarum,
794 1388 965 1418 civitatum
987 1394 1018 1420 et
1029 1390 1183 1421 ‘locorum

171 1435 305 1466 illorum
325 1446 389 1475 que
405 1438 571 1476 quondam
588 1439 640 1469 Fr.
658 1439 738 1469 olim
759 1440 952 1481 imperatori
969 1446 999 1472 et
1017 1443 1088 1482 ejus
1107 1443 1183 1473 fau-

172 1489 298 1519 toribus
311 1490 515 1521 adherebant
530 1491 675 1531 aliquem
690 1493 725 1522 in
738 1493 904 1532 prelatum
916 1504 975 1525 seu
986 1496 1184 1526 canonicum

172 1541 311 1572 ecclesie
328 1543 528 1574 cathedralis
550 1545 602 1575 vel
625 1545 774 1582 alterius,
796 1546 965 1579 clericum.
983 1549 1184 1579 monachum

172 1595 223 1625 vel
245 1604 441 1626 conversum
467 1597 589 1635 eligere
612 1603 861 1638 attemptarent;
886 1601 1045 1640 quicquid
1069 1606 1184 1632 cont-ra

171 1647 410 1678 inhibitionem
419 1649 602 1688 predictam
612 1652 737 1682 sactum
748 1653 845 1688 foret,
856 1653 1038 1684 decernens
1049 1654 1183 1685 irritum

173 1704 204 1730 et
228 1700 340 1731 inane.
372 1702 480 1738 Quare
503 1703 599 1734 nobis
621 1704 795 1735 humiliter
819 1705 1032 1744 supplicastis
1058 1711 1109 1743 ut,
1141 1717 1182 1738 ne

170 1757 281 1783 vestra
302 1754 440 1785 ecclesia
459 1755 624 1786 defectum
644 1757 679 1786 in
698 1758 916 1788 servitoribus
932 1760 1088 1797 patiatur,
1106 1770 1182 1799 pro-

171 1806 283 1837 videre
299 1807 392 1837 vobis
415 1795 445 1838 et
461 1808 569 1838 eidem
585 1809 724 1840 ecclesie
741 1819 839 1849 super
859 1811 920 1841 hoc
935 1816 1073 1850 paterna
1089 1813 1182 1843 solli-

171 1859 318 1889 citudine
336 1868 539 1891 curaremus.
566 1862 635 1892 Nos
653 1862 765 1901 itaque
785 1864 906 1893 vestris
930 1864 1182 1902 supplicationi-

169 1911 232 1942 bus
252 1912 421 1946 inclinati,
439 1914 622 1952 recipiendi
639 1915 729 1945 viros
750 1916 888 1947 idoneos
903 1917 939 1946 in
958 1918 1134 1949 canonicos
1151 1923 1182 1949 et

169 1964 205 1993 in
223 1964 359 2001 fratres,
380 1966 555 1997 dummodo
575 1976 640 1997 non
664 1968 731 1998 sint
753 1969 792 1999 de
811 1969 881 2000 illis
906 1979 1046 2009 quorum
1070 1976 1181 2009 patres

170 2017 223 2047 vel
243 2018 307 2056 ipsi
326 2019 492 2057 quondam
510 2021 546 2050 F.
567 2020 646 2051 olim
663 2022 858 2060 imperatori
876 2023 928 2054 vel
946 2025 1017 2063 ejus
1040 2026 1181 2055 fautori-

169 2069 231 2100 bus
247 2070 450 2101 adheserunt
466 2076 497 2102 et
512 2073 660 2104 nondum
673 2083 772 2113 super
787 2075 849 2106 hoc
865 2076 906 2106 ad
923 2077 1115 2107 mandatum
1132 2087 1180 2109 ec-

169 2122 270 2153 clesie
293 2128 370 2153 sunt
393 2126 536 2162 reversi,
557 2126 724 2157 devotioni
747 2133 874 2165 vestre,
891 2128 1094 2161 inhibitione
1114 2141 1180 2162 non

169 2175 320 2206 obstante
333 2177 492 2215 predicta,
507 2178 648 2209 liberam
666 2181 878 2212 concedimus
894 2183 1090 2214 auctoritate
1105 2194 1180 2222 pre-

169 2229 315 2259 sentium
333 2230 535 2261 facultatem.
553 2233 627 2262 Dat.
644 2233 795 2272 Neapoli,
815 2235 844 2265 V
862 2244 966 2266 nonas
982 2237 1074 2271 maii.
1093 2246 1180 2268 anno

166 2290 285 2320 primo.
305 2294 318 2309 ι)

237 2440 328 2468 460

203 2501 302 2529 Electo
326 2503 448 2530 Albensi
471 2505 586 2532 mandat
606 2508 759 2541 quatinus,
783 2509 817 2535 ad
836 2510 990 2545 sopiendas
1010 2512 1177 2539 inimicitias

167 2551 242 2577 inter
257 2551 436 2579 Maon-edum
453 2553 487 2579 de
503 2553 620 2582 Carreto
636 2562 663 2582 et
680 2556 837 2592 Georgium
854 2558 889 2584 de
905 2558 979 2585 Ceva
996 2561 1177 2588 marchiones

168 2607 202 2625 ex
219 2604 299 2634 parte
319 2609 374 2627 una
390 2605 417 2628 et
435 2601 614 2630 Bonifacium
633 2605 826 2633 marchionem
844 2607 878 2633 de
894 2607 1010 2634 Carreto
1027 2618 1060 2636 ex
1077 2610 1174 2642 altera,

168 2648 317 2683 dispenset
340 2650 553 2678 matrimonium
575 2653 649 2679 inter
669 2654 776 2681 dictum
800 2655 957 2691 Georgium
980 2661 1007 2683 et
1030 2658 1174 2692 Agnetem

168 2696 307 2724 Bonifacii
331 2706 474 2734 sororem,
494 2701 582 2728 tercio
604 2705 632 2728 et
655 2707 756 2737 quarto
778 2706 1004 2739 consanguineis
1027 2707 1175 2741 gradibus.

167 2745 250 2777 (Rau.
268 2747 313 2782 24,
329 2755 355 2774 c.
372 2748 434 2782 379,
451 2748 469 2775 f.
488 2749 552 2782 55v3
568 2749 749 2783 Ronennnnc,
765 2756 784 2779 t.
803 2752 856 2785 ΙΙΙ,
875 2761 905 2780 n⁰
920 2754 992 2788 398.)

786 2446 904 2481 Naples,
922 2447 936 2474 3
953 2449 1009 2475 mai
1028 2448 1104 2477 1255.

209 2853 222 2868 «
245 2865 277 2877 ..‚
296 2843 383 2872 electo
398 2844 529 2873 Albensi,
552 2845 622 2874 Etsi
644 2846 832 2885 conjunctio
852 2849 967 2887 copule
990 2850 1174 2889 conjugalis

1262 251 1297 281 in
1313 252 1411 282 tertia
1429 256 1461 282 et
1476 258 1593 291 quarta
1609 254 1911 292 consanguinitatis
1927 254 1978 284 vel
1994 255 2166 285 affinitatis
2182 255 2274 287 linea

1262 304 1366 334 sacris
1389 305 1431 334 sit
1457 305 1640 336 canonibus
1663 306 1857 342 interdicta,
1880 306 2016 345 provide
2041 312 2150 338 tamen
2173 317 2274 347 super

1261 355 1329 386 hiis
1345 356 1512 386 interdum
1528 358 1676 389 Romane
1692 359 1951 397 dispensationis
1969 359 2116 390 Ecclesie
2130 361 2272 392 maxime

1262 417 1336 439 cum
1355 418 1478 447 urgens
1497 411 1679 441 necessitas
1698 411 1749 441 vel
1767 411 1903 442 evidens
1918 412 2047 442 utilitas
2066 413 2099 442 id
2115 413 2270 452 exposcit.

1262 461 1343 492 Cum
1362 461 1474 500 itaque
1491 462 1530 492 ad
1547 472 1664 500 graves
1675 463 1879 501 *inimicitias
1895 464 2019 494 dudum
2037 469 2166 495 exortas
2184 465 2275 496 inter

1262 514 1407 544 nobilem
1428 515 1536 544 virum
1557 516 1767 546 Manfredum
1783 516 1822 546 de
1838 516 1974 547 Carreto
1990 521 2021 547 et
2036 517 2216 555 Georgium
2232 517 2272 548 de

1261 566 1349 598 Ceva
1377 567 1586 598 marchiones
1614 577 1651 599 ex
1678 573 1769 608 parte
1794 578 1861 599 una
1887 574 1919 600 et
1945 570 2157 600 Bonisacium
2183 579 2273 601 mar-

1261 620 1415 650 chionem
1432 621 1471 651 de
1487 621 1623 652 Carreto
1641 630 1678 651 ex
1695 621 1798 652 altera
1814 622 1990 661 sopiendas
2008 627 2177 653 asseratur
2197 623 2275 662 plu-

1262 673 1384 703 rimum
1409 674 1577 712 expedire,
1595 674 1684 713 quod
1708 674 1797 705 inter
1818 675 2026 705 nominatum
2042 675 2223 714 Georgium
2240 680 2273 707 et

1262 725 1406 756 nobilem
1428 726 1603 757 mulierem
1626 728 1805 765 Agnetem‚
1829 728 1996 758 Bonisacii
2017 728 2158 767 predicti
2180 737 2274 760 soro-

1261 788 1349 814 rem,
1367 779 1469 810 tercio
1485 784 1516 810 et
1539 784 1656 819 quarto
1674 780 1977 818 consanguinitatis
1995 781 2152 819 gradibus
2168 790 2204 812 se
2219 781 2274 812 in-

1262 831 1366 862 vicem
1402 832 1633 870 contingentes
1664 833 1914 863 matrimonium
1945 833 2179 870 contrahatur,
2212 842 2274 864 nos

1262 885 1350 915 inter
1366 894 1420 915 eos
1441 894 1554 923 pacem
1577 885 1730 916 stabilem
1749 886 1961 922 affectantes,
1979 886 2175 917 mandamus
2191 895 2277 926 qua-

1263 937 1371 973 tinus,
1394 937 1422 967 si
1448 938 1536 967 inter
1556 939 1720 976 predictas
1739 943 1848 978 partes
1873 948 1931 978 per
1950 939 2142 979 hujusmodi
2157 939 2275 970 matri-

1263 990 1411 1020 monium
1428 991 1519 1029 pacis
1538 990 1695 1022 solidatas
1719 992 1894 1031 provenire
1912 993 2052 1031 poterit,
2078 992 2275 1024 auctoritate

1263 1047 1375 1073 nostra
1396 1052 1471 1073 cum
1493 1044 1618 1074 eisdem
1643 1045 1817 1075 Bonifacio
1837 1049 1869 1076 et
1890 1047 2018 1084 Agnete
2041 1045 2214 1084 dispenses
2237 1049 2275 1076 ut

1262 1095 1353 1127 licite
1368 1097 1497 1135 possint
1513 1097 1554 1127 ad
1569 1098 1712 1128 invicem
1728 1099 2020 1129 matrimonialiter
2034 1098 2193 1138 copulari,
2209 1098 2275 1129 im-

1262 1149 1451 1187 pedimento
1472 1149 1664 1190 hujusmodi
1691 1159 1757 1180 non
1783 1151 1946 1182 obstante.
1975 1152 2048 1182 Dat.
2072 1151 2213 1190 Neapoli
2237 1155 2276 1182 ut

1263 1210 1374 1240 supra.
1393 1213 1406 1228 »

1334 1355 1417 1408 461
1887 1361 2005 1416 Naples,
2019 1381 2036 1408 6
2052 1382 2106 1408 mai
2123 1381 2199 1409 1‘255.

1301 1442 1383 1469 Clero
1399 1442 1697 1478 archipresbyteratus
1713 1443 1748 1469 de
1765 1442 1836 1470 Faro
1847 1465 1854 1476 ,
1872 1442 2120 1478 compostellanae
2136 1443 2274 1478 diocesis,

1265 1495 1373 1518 statuta
1387 1492 1630 1518 confraternitatis
1646 1492 1673 1518 in
1693 1492 1802 1519 honore
1817 1500 1841 1520 s.
1859 1492 1986 1528 Spiritus
2005 1497 2034 1519 et
2050 1493 2148 1520 beatae
2168 1493 2276 1521 Mariae

1269 1539 1396 1575 Virginis
1412 1541 1503 1567 factae
1519 1541 1680 1574 confirmat,
1698 1541 1832 1568 nonnulla
1849 1541 1973 1568 citando.
1992 1540 2077 1575 (Rea.
2097 1541 2146 1573 Ἡ,
2165 1549 2191 1569 c.
2211 1541 2274 1575 380,

1264 1589 1282 1615 f.
1302 1589 1370 1622 55V.)

1307 1703 1319 1718 «
1336 1692 1419 1721 Clero
1435 1692 1741 1730 archipresbiteratus
1758 1693 1792 1721 de
1812 1693 1905 1728 Faro,
1923 1693 2158 1730 Compostellane
2175 1692 2278 1722 dioce-

1263 1746 1315 1774 sis.
1338 1745 1422 1775 Cum
1447 1754 1465 1775 a
1488 1745 1583 1775 nobis
1599 1746 1722 1784 petitur
1739 1750 1799 1776 etc.
1814 1755 1920 1784 usque
1941 1756 1946 1774 :
1970 1745 2134 1776 effectum.
2156 1744 2275 1776 Oblata

1264 1797 1398 1836 quidem
1420 1798 1516 1828 nobis
1540 1807 1576 1828 ex
1599 1803 1690 1836 parte
1708 1803 1818 1829 vestra
1839 1798 1955 1837 petitio
1977 1797 2167 1828 continebat
2187 1797 2276 1837 quod

1264 1859 1320 1880 vos
1343 1850 1479 1888 provida
1505 1850 1744 1881 deliberatione
1766 1855 1960 1889 pensantes,
1985 1860 2022 1880 ea
2047 1859 2110 1889 que
2133 1849 2275 1880 salutem

1262 1903 1447 1941 respiciunt
1461 1904 1660 1937 animarum,
1675 1904 1890 1934 confratriam
1906 1903 2082 1942 quamdam
2097 1903 2133 1932 in
2148 1902 2277 1933 honore

1264 1956 1376 1986 Sancti
1394 1956 1537 1994 Spiritus
1556 1961 1586 1986 et
1602 1956 1817 1987 beateMarie
1832 1956 1983 1993 Virginis
2004 1956 2184 1986 ordinastis
2198 1964 2276 1994 per-

1262 2009 1372 2047 petuis
1401 2009 1524 2039 futuris
1549 2010 1788 2040 observandam
1814 2009 2036 2048 temporibus,
2065 2013 2272 2045 statuentes,

1262 2061 1326 2092 loci
1350 2062 1519 2092 diocesani
1541 2072 1639 2101 super
1656 2062 1718 2093 hoc
1739 2063 1914 2093 accedente
1930 2057 2110 2097 consensu,
2128 2066 2164 2092 ut
2178 2061 2275 2093 vobis

1263 2119 1294 2144 et
1318 2114 1394 2145 aliis
1414 2115 1537 2145 suturis
1559 2116 1782 2146 confratribus
1804 2116 1912 2154 prima
1936 2115 1988 2145 die
2010 2115 2176 2145 dominica
2199 2118 2276 2153 post

1262 2168 1383 2198 festum
1403 2168 1510 2198 sancti
1523 2168 1697 2198 Michaelis
1713 2168 1904 2206 archangeli
1921 2168 2007 2206 apud
2022 2172 2148 2198 certum
2163 2167 2274 2198 locum

1262 2221 1537 2251 convenientibus
1554 2222 1744 2256 annuatim,
1762 2221 1809 2250 ibi
1830 2221 1919 2259 prior
1941 2221 1998 2260 qui
2016 2229 2103 2250 anno
2119 2219 2275 2259 sequenti

1261 2282 1374 2303 curam
1399 2279 1490 2311 gerat
1508 2274 1792 2304 confraternitatis
1816 2274 1922 2312 ipsius
1948 2278 1980 2303 et
1998 2274 2061 2315 Vll
2083 2273 2273 2312 presbyteri

1261 2326 1319 2365 qui
1334 2327 1471 2357 visitent
1489 2336 1557 2362 vos,
1575 2327 1604 2357 si
1620 2326 1751 2365 qnando
1769 2326 1915 2365 aliquem
1931 2331 2078 2365 vestrum
2095 2325 2273 2364 contigerit

1259 2379 1435 2414 infirmari,
1450 2384 1481 2409 et
1494 2380 1641 2418 ipsorum
1654 2380 1910 2410 necessitatibus
1924 2379 2144 2418 spiritualiter
2152 2382 2184 2409 et
2192 2382 2271 2409 tem·
2315 2417 2318 2420 Δ

1259 2432 1417 2470 poraliter
1431 2433 1636 2470 provideant,
1655 2433 1840 2470 eligantur3
1859 2437 1889 2462 et
1906 2441 1980 2462 cum
1996 2431 2119 2471 aliquis
2141 2431 2180 2462 de
2201 2431 2272 2462 sra-

1259 2484 1415 2515 ternitate
1433 2485 1504 2523 ipsa
1527 2485 1662 2520 obierit,
1681 2485 1823 2524 quilibet
1843 2484 1995 2515 sacerdos
2014 2483 2272 2514 confraternita-

1259 2536 1302 2566 tis
1320 2537 1468 2576 ejusdem
1483 2547 1541 2576 per
1556 2539 1619 2568 VII
1635 2539 1705 2568 dies
1722 2539 1899 2568 missarum
1915 2537 2111 2575 sollempnia
2126 2535 2272 2566 celebret

1258 2598 1316 2628 pro
1337 2590 1408 2629 ejus
1433 2590 1545 2620 anima
1566 2591 1665 2621 horas
1687 2591 1770 2621 alias
1795 2600 1859 2621 non
1882 2590 2056 2625 omittens;
2079 2589 2136 2628 qui
2158 2591 2270 2619 autem

1259 2643 1411 2673 sacerdos
1434 2652 1499 2673 non
1519 2644 1621 2674 fuerit
1641 2645 1675 2674 id
1698 2645 1771 2675 fieri
1794 2644 1895 2674 faciat
1915 2652 1974 2682 per
1994 2642 2140 2681 aliquem
2158 2649 2269 2672 sacer-

1258 2695 1366 2725 dotem
1378 2706 1383 2731 3
1399 2696 1581 2727 adicientes
1593 2698 1735 2736 quedam
1749 2697 1814 2727 alia
1830 2696 1963 2727 statutis
1976 2694 2168 2734 hujusmodi
2182 2693 2268 2724 salu-

1257 2747 1329 2777 bria
1346 2752 1375 2778 et
1397 2748 1535 2779 honesta
1559 2759 1621 2788 qne
1640 2751 1680 2780 ad
1697 2751 1883 2780 animarum
1899 2748 2143 2780 edificationem
2164 2746 2269 2784 perti-

1257 2809 1336 2831 nere
1363 2806 1546 2832 noscuntur
1575 2803 1648 2833 sine
1671 2803 1758 2842 juris
1787 2802 1970 2842 prejudicio
1995 2800 2108 2831 alieni.
2136 2798 2267 2830 Vestris

1256 2853 1359 2890 igitur
1375 2854 1674 2892 supplicationibus
1692 2855 1856 2890 inclinati,
1877 2853 1964 2893 quod
1979 2862 2078 2891 super
2093 2850 2269 2890 premissis
