2498 3325
1042 256 1272 294 DEUXIEME
1294 256 1453 293 ANNEE.
2240 267 2297 297 397

197 329 303 364 sonis,
331 334 394 358 tam
418 329 653 359 ecclesiasticis
676 338 774 368 quam
797 329 1014 365 secularibus,
1042 329 1129 368 1111011
1153 329 1206 358 111-

200 381 328 415 tei-dici,
348 382 505 420 suspendi
524 381 576 411 vel
593 381 883 417 excommunicari,
909 386 964 412 aut
985 382 1069 421 quod
1092 392 1205 413 eorum

199 439 286 465 terre
304 435 410 465 subici
431 435 656 465 ecclesiastico
677 435 853 465 interdicto
877 444 941 464 non
965 436 1104 473 possint,
1132 435 1206 474 qui-

200 488 339 518 busdam
369 488 502 526 quidem
530 487 570 517 ad
601 492 725 518 certum
758 492 896 527 tempus,
919 489 1117 527 quibusdam
1148 498 1206 519 au-

200 545 265 570 tem
298 541 370 570 sine
401 541 556 579 temporis
593 541 881 576 determinatione,
922 551 940 571 a
968 542 1050 572 Sede
1082 546 1206 580 aposto-

199 593 263 623 lica
295 593 416 623 dicitur
447 603 519 624 esse
548 594 726 628 indultum,
760 598 891 632 propter
920 595 1007 633 1111011
1037 605 1054 625 a
1085 595 1206 625 talibus

199 646 303 676 multa
327 646 470 676 sumitur
490 646 697 684 malignandi
722 648 862 677 materia
884 652 914 677 et
940 648 1077 678 audacia
1100 648 1207 678 delin-

200 699 334 737 quendi,
357 708 427 734 nos,
447 708 546 738 super
564 699 624 729 hoc
640 700 814 738 providere
834 700 997 736 volentes,
1016 702 1127 731 onmia
1144 701 1207 731 hu-

196 752 343 791 jusmodi
374 752 552 790 apostolica
591 753 719 782 indulta
752 753 1018 793 quibuscumque
1051 763 1207 784 concessa

198 805 363 843 personis,
382 805 415 834 in
432 809 592 844 quantum
614 815 672 843 per
694 815 731 836 ea
753 806 997 836 ordinariorum
1018 807 1207 846 jurisdictio

200 857 399 895 impeditur,
425 858 639 895 restringitur
663 859 713 888 vel
743 863 868 888 artetur
893 860 1053 895 totaliter,
1081 861 1119 890 de
1141 862 1208 890 fra-

200 914 286 939 trum
312 915 499 939 nostrorum
523 911 662 940 consilio
687 920 879 941 revocamus
903 922 909 940 ι
931 912 976 942 ita
1000 913 1086 951 quod
1106 913 1207 943 iidem

199 963 406 992 ordinariiin
420 972 578 1000 personas
592 968 622 993 et
635 967 739 993 terras
751 964 851 1002 ipsas,
868 965 1002 1002 regibus
1020 969 1051 995 et
1068 966 1204 1003 reginis,

199 1020 361 1055 quantuni
388 1017 427 1045 ad
453 1025 552 1054 regna
575 1026 633 1046 sua
660 1020 799 1052 tantum,
818 1022 847 1047 et
875 1018 986 1055 regnis
1009 1019 1111 1056 ipsis,
1135 1028 1207 1049 nec-

200 1078 265 1099 non
302 1078 417 1107 regum
452 1070 601 1107 ipsorum
640 1069 720 1099 filiis
750 1074 781 1100 et
811 1070 986 1101 fratribus.
1028 1081 1062 1101 ac
1094 1081 1207 1102 eorum

198 1121 374 1157 uxoribus,
409 1127 439 1152 et
474 1122 654 1152 eorundem
691 1122 853 1158 filiorum,
892 1123 1033 1153 fratrum
1065 1128 1095 1154 et
1131 1134 1207 1155 uxo-

199 1184 273 1205 rum
294 1175 392 1205 terris
410 1175 565 1214 exceptis,
585 1175 856 1214 jurisdictionem
880 1186 985 1212 suam,
1009 1177 1132 1207 talibus
1155 1178 1208 1207 in—

198 1228 302 1258 dultis
324 1237 535 1267 nequaquam
559 1228 787 1263 obstantibus,
812 1229 952 1265 valeant,
978 1235 1075 1268 prout
1094 1231 1133 1260 ad
1153 1240 1207 1261 eos

198 1283 343 1320 pertinet
364 1291 526 1313 exercere.
555 1282 648 1313 Nulli
675 1287 735 1312 etc.
762 1287 873 1313 nostre
895 1284 1118 1314 revocationis
1145 1289 1205 1315 etc.

200 1337 273 1367 Dat.
294 1336 460 1370 Laterani,
480 1337 529 1367 111
545 1336 706 1366 kalendas
724 1336 850 1374 aprilis,
871 1346 956 1367 anno
976 1337 1132 1367 secundo.
1154 1350 1165 1363 ›>

275 1511 294 1537 1
304 1510 390 1538 :328

236 1571 357 1604 Statuit,
381 1576 410 1598 ut
430 1571 567 1606 deinceps
588 1572 641 1598 soli
659 1571 806 1606 episcopi,
825 1571 944 1597 abbates
964 1575 991 1597 et
1012 1571 1143 1598 canonici
1159 1580 1209 1598 ca-

198 1620 370 1648 thedralium
387 1621 590 1653 ecelesiarum,
609 1620 733 1646 maxime
752 1620 778 1645 tii
795 1620 843 1654 qui
858 1623 926 1646 sunt
943 1620 968 1646 in
987 1620 1059 1654 ipsis
1076 1620 1208 1646 ecelesiis

785 1508 896 1539 Latraa¹
915 1509 947 1535 ²23
963 1517 1039 1534 mars
1058 1509 1134 1535 1256.

199 1669 390 1703 dignitatibus
415 1668 546 1703 praediti,
570 1671 597 1694 et
621 1668 713 1694 nullae
736 1668 805 1694 aliae
829 1676 970 1702 personae
995 1668 1208 1695 ecclesiasticae

199 1721 421 1744 conservatores
437 1717 573 1744 existant.
593 1716 699 1743 Statuit
716 1717 845 1751 insuper,
869 1716 943 1751 quod
962 1717 1038 1743 nulla
1053 1717 1209 1743 ecclesias-

201 1766 256 1792 tica
271 1765 447 1792 secularisve
465 1773 597 1800 persona,
615 1765 747 1799 exceptis
764 1764 882 1798 regibus
899 1768 927 1790 et
944 1764 1053 1798 reginis
1069 1767 1208 1798 quantum

199 1814 234 1841 ad
250 1823 337 1849 regna
355 1823 420 1848 sua,
437 1818 670 1840 conservatorem
687 1813 807 1844 habeat,
824 1817 851 1839 et
866 1813 942 1848 quod
959 1822 1060 1840 omnes
1077 1813 1123 1839 atii
1139 1821 1209 1839 con-

199 1866 364 1889 servatores
394 1863 569 1897 quicumque
600 1870 675 1888 anno
702 1863 799 1896 elapso
835 1865 1016 1889 revocentur.
1049 1861 1132 1894 (Reti.
1164 1861 1208 1893 24,

198 1910 218 1937 s.
235 1910 294 1941 167,
313 1919 379 1937 ann.
397 1910 434 1942 ΙΙ,
448 1919 472 1937 c.
486 1910 580 1942 268103
598 1910 745 1937 PoTTnAsr
764 1909 870 1943 16301)

241 2027 254 2042 (t
272 2014 316 2044 Ad
328 2019 505 2052 perpetuam
526 2018 578 2042 etc.
598 2012 684 2049 Quia
699 2012 738 2042 de
755 2012 1045 2042 conservatoribus
1067 2029 1115 2040 —.
1134 2013 1207 2041 Dat.

200 2067 367 2098 Laterani.
383 2067 415 2096 X
430 2065 588 2096 kalendas
608 2065 736 2104 aprilis,
756 2074 843 2095 anno
861 2065 1017 2095 secundo.
1041 2077 1053 2091 »

274 2239 388 2267 1329

237 2301 353 2332 Statuit,
372 2305 402 2327 ut
419 2300 536 2326 abbates
557 2299 787 2326 benedictionem
805 2299 944 2334 impertiri
960 2307 1009 2333 per
1026 2299 1087 2325 vias
1103 2301 1152 2325 aut
1168 2299 1210 2324 ci-

199 2351 304 2378 vitates
321 2358 376 2376 non
395 2349 516 2375 valeant.
534 2348 618 2382 (Rue.
635 2347 679 2379 24,
699 2348 717 2374 s.
737 2348 796 2381 168,
814 2357 881 2374 ann.
899 2347 937 2379 Il,
954 2357 980 2375 c.
997 2348 1093 2380 ς26811.)

784 2236 897 2268 Lati-an,
915 2236 947 2263 24
967 2244 1042 2262 mars
1060 2236 1137 2263 1256.

243 2465 256 2480 α
279 2453 324 2482 Ad
345 2456 525 2490 perpetuam
561 2451 606 2480 rei
639 2451 832 2479 memoriam.
864 2450 1028 2486 Quoniam
1057 2450 1211 2480 nonnulli

200 2505 348 2541 abbates,
369 2513 452 2543 quos
476 2503 656 2542 apostolica
676 2503 776 2534 Sedes
800 2503 1001 2542 specialibus
1024 2503 1210 2542 privilegiis

199 2558 392 2597 insignivit,
410 2561 477 2587 tam
495 2557 530 2586 in
549 2556 754 2587 exhibitione
773 2557 1016 2589 benedictionis
1037 2565 1136 2595 super
1154 2565 1212 2595 po-

200 2611 327 2650 pulum,
346 2619 445 2649 quam
462 2609 538 2639 aliis
555 2609 706 2648 pluribus
723 2609 878 2639 seruntur
891 2609 1058 2645 excedere,
1074 2618 1132 2648 per
1148 2619 1211 2649 que

200 2663 323 2694 multos
340 2672 405 2693 non
428 2663 594 2692 modicum
613 2662 848 2697 scandalizant,
868 2671 938 2697 nos,
960 2662 1160 2693 turbationis
1182 2667 1213 2693 et

200 2716 397 2748 offensionis
420 2716 455 2745 in
482 2715 544 2745 hac
569 2719 661 2754 parte
686 2715 859 2745 materiam
882 2715 997 2746 tollere
1023 2716 1210 2754 cupientes,

200 2769 356 2800 duximus
373 2768 624 2804 declarandum,
643 2768 729 2807 quod
745 2769 810 2807 ipsi
829 2769 979 2805 abbates,
1002 2769 1059 2808 11111
1083 2773 1213 2808 aposto-

200 2822 266 2852 lica
295 2831 393 2860 super
417 2821 485 2851 hiis
510 2821 633 2851 habent
658 2821 851 2859 privilegia,
881 2822 915 2851 in
941 2822 1011 2852 suis
1041 2821 1210 2857 ecclesiis,

201 2874 333 2914 quando
354 2875 388 2904 in
412 2874 460 2904 eis
487 2874 600 2903 divina
627 2874 735 2903 officia
757 2873 940 2909 celebrant,
961 2879 1115 2912 possunt,
1141 2878 1213 2913 post

201 2928 379 2958 missarum
400 2926 597 2965 sollempnia
614 2930 644 2956 et
664 2927 870 2964 vespertinas
890 2936 926 2956 ac
943 2927 1123 2957 matutinas
1141 2927 1212 2956 lau-

1291 328 1358 364 des,
1369 328 1633 359 benedictionem
1647 330 1861 368 sollempnem
1876 340 1974 369 super
1983 331 2138 369 populum
2150 331 2295 369 elargiri.

1289 381 1378 410 Alibi
1402 386 1511 412 autem
1539 383 1684 420 publice,
1705 389 1757 413 aut
1778 393 1836 422 per
1854 385 1941 420 vias,
1960 385 2122 419 civitates,
2143 390 2251 415 castra
2267 390 2298 416 et

1289 434 1385 464 villas
1402 435 1531 473 populis
1549 440 1579 465 et
1598 436 1749 474 plebibus
1767 437 2030 467 benedictionem
2048 438 2156 468 facere
2173 438 2224 469 vel
2240 439 2298 468 im-

1288 488 1405 525 pertiri
1425 497 1489 517 non
1507 489 1627 521 valent,
1647 490 1712 519 nisi
1732 490 1791 519 boc
1809 490 1856 519 eis
1876 500 2027 528 expresse
2044 491 2221 529 apostolico
2235 492 2300 530 pri-

1289 540 1410 578 vilegio
1428 541 1470 570 sit
1487 550 1696 577 concessum,
1720 551 1777 572 nec
1795 548 1844 572 est
1862 543 1944 580 ipsis
1962 543 2089 572 licitum
2108 544 2183 574 aliis
2200 554 2298 583 quam

1290 594 1567 623 monasteriorum
1589 604 1723 624 suorum
1748 597 1932 627 conversis,
1961 601 1991 625 et
2014 596 2080 626 hiis
2103 598 2159 636 11111
2179 598 2217 627 ad
2241 598 2299 627 illa

1290 645 1550 675 convolaverint.
1570 651 1601 676 et
1620 647 1653 675 in
1675 656 1756 685 quos
1777 647 2034 677 ecclesiasticam
2053 653 2080 678 et
2100 650 2195 687 quasi
2212 650 2299 688 epis-

1290 698 1436 735 copalem
1463 699 1733 737 jurisdictionem
1757 700 1922 735 obtinent,
1948 701 2086 738 primam
2112 702 2298 731 clericalem

1291 751 1440 780 conferre
1462 755 1646 786 tonsuram,
1673 752 1739 781 nisi
1759 753 1807 782 eis
1832 753 1864 781 id
1882 758 2043 791 competat
2059 763 2095 783 ex
2113 754 2209 791 pleno
2225 764 2300 793 pre-

1291 804 1356 833 fate
1384 804 1478 834 Sedis
1508 804 1635 834 indulto
1661 805 1712 834 vel
1740 806 1979 835 consuetudine
2006 807 2073 844 jam
2106 808 2298 845 prescripta.
2326 817 2328 819 ’

1290 856 1383 886 Nulli
1416 861 1476 886 etc.
1516 861 1626 886 nostre
1665 857 1898 887 declarationis
1932 862 1991 887 etc.
2024 860 2096 888 Dat.
2126 860 2297 895 Laterani,

1290 910 1389 938 VIIII
1405 909 1564 939 kalendas
1585 910 1711 948 aprilis,
1731 920 1818 939 anno
1838 911 1990 940 secundo.
2017 924 2028 936 u

1365 1100 1480 1128 1330
1906 1101 2019 1134 Latran,
2036 1102 2051 1128 6
2066 1103 2134 1129 avril
2152 1103 2229 1131 1250.

1328 1162 1559 1197 Areliiepiscopo
1585 1167 1612 1188 et
1636 1163 1761 1198 capitulo
1784 1163 1941 1191 Nazarenis
1966 1165 2108 1199 indulget,
2136 1170 2165 1192 ut
2188 1171 2302 1202 tempus

1291 1211 1408 1245 triginta
1428 1215 1456 1237 et
1473 1219 1573 1237 novem
1590 1220 1730 1238 annorum
1752 1221 1766 1238 a
1789 1220 1845 1246 quo
1862 1213 1986 1239 ecclesia
2002 1213 2149 1240 Nazarena
2166 1215 2192 1241 in
2211 1216 2302 1242 mani-

1290 1259 1346 1286 bus
1368 1267 1545 1294 paganorum
1566 1264 1625 1291 cst,
1644 1269 1699 1286 uon
1721 1256 1812 1294 prosit
1833 1261 1917 1288 alicui
1943 1266 2043 1289 contra
2063 1271 2135 1289 eam.
2158 1263 2239 1295 (Rae.
2257 1264 2300 1294 24,

1290 1308 1485 1340 f.167v,anu.
1507 1308 1545 1340 ΙΙ,
1563 1317 1588 1336 c,
1605 1309 1677 1340 ί269.)

1333 1423 1345 1436 a
1417 1411 1654 1449 archiepiscopo,
1675 1417 1700 1440 el
1719 1413 1853 1449 capitulo
1869 1414 2050 1442 Nazarenis.
2068 1414 2175 1444 ι1115115
2191 1416 2303 1452 provi-

1292 1463 1402 1493 dentie
1425 1468 1533 1494 vestre
1557 1465 1710 1502 precibus
1732 1465 1913 1503 benignum
1935 1467 2163 1505 impertientes
2187 1478 2303 1498 assen-

1292 1526 1376 1551 sum,
1396 1517 1590 1547 auctoritate
1603 1518 1696 1547 vobis
1708 1519 1912 1556 presentium
1926 1520 2148 1558 indulgemus,
2163 1526 2208 1556 ut,
2228 1531 2302 1551 cum

1291 1569 1463 1599 Nazarena
1493 1569 1633 1599 eeclesia
1657 1571 1725 1609 jam
1755 1580 1811 1609 per
1838 1572 1976 1609 triginta
1999 1577 2029 1602 et
2054 1582 2170 1603 novem
2196 1583 2300 1604 annos

1291 1622 1506 1660 percussione
1522 1623 1635 1652 divina
1654 1624 1751 1653 suerit
1771 1625 1804 1653 in
1822 1625 1976 1655 manibus
1993 1635 2206 1664 paganorum,
2223 1632 2301 1658 tem-

1291 1683 1352 1712 pus
1369 1674 1560 1714 hujusmodi
1580 1680 1610 1705 et
1629 1676 1662 1705 id
1678 1685 1735 1714 per
1755 1677 1840 1715 1111011
1861 1677 2001 1708 ecclesia
2026 1679 2112 1716 ipsa7
2137 1680 2204 1709 Deo
2227 1690 2302 1718 per-

1291 1727 1454 1763 mittente,
1466 1728 1634 1757 tenebitur
1647 1738 1662 1757 a
1678 1729 1828 1766 paganis,
1841 1730 1947 1760 eidem
1961 1740 2024 1761 non
2040 1736 2149 1761 currat
2164 1732 2301 1763 ecclesie

1292 1789 1352 1811 nec
1369 1781 1408 1810 ad
1429 1781 1702 1819 prescribendum
1721 1782 1825 1820 prosit
1850 1782 1950 1813 alicui
1975 1789 2086 1814 contra
2107 1794 2188 1815 eam.
2209 1786 2302 1815 Nulli

1292 1838 1353 1863 etc.
1378 1838 1489 1864 nostre
1511 1834 1737 1864 concessionis
1761 1838 1822 1865 etc.
1840 1836 1913 1865 Dat.
1937 1837 2108 1873 Laterani,
2126 1839 2207 1868 VIII
2227 1838 2302 1868 idus

1293 1887 1420 1925 aprilis,
1440 1896 1526 1917 anno
1543 1888 1698 1917 secundo.
1720 1900 1732 1914 »

1367 2080 1475 2108 1331

1328 2140 1459 2176 Capitulo
1477 2140 1663 2168 Laudunensi
1687 2143 1837 2169 confirmat
1859 2144 2100 2171 consuetudinem
2116 2146 2303 2174 animadver-

1292 2190 1371 2217 tendi
1406 2191 1432 2216 in
1469 2199 1640 2224 pervasores
1670 2191 1810 2218 bonorum
1840 2192 1981 2220 ecclesiae
2006 2202 2115 2221 eorum.
2149 2194 2230 2228 (Risu.
2257 2197 2302 2229 2³4,

1293 2239 1312 2266 f.
1334 2240 1404 2270 lss7v,
1423 2248 1488 2265 ann.
1505 2239 1542 2270 ΙΙ,
1560 2248 1585 2266 0.
1601 2240 1676 2273 ⁶270.)

1915 2081 2028 2114 Latrau,
2047 2084 2060 2109 7
2079 2084 2132 2109 mai
2152 2084 2230 2111 1256.

1337 2355 1349 2368 11
1374 2365 1405 2377 ..,
1425 2343 1547 2378 decano,
1567 2347 1592 2371 ct
1609 2344 1743 2380 capitulo
1761 2344 1967 2373 Lazcdwzensz'.
1988 2345 2026 2374 Et
2044 2346 2162 2376 vestris
2179 2347 2305 2386 suppli-

1295 2395 1482 2426 cationibus
1499 2413 1546 2424 —.
1571 2396 1725 2434 Exposita
1749 2397 1915 2436 siquidem
1941 2407 2048 2427 coram
2076 2399 2171 2430 nobis
2196 2404 2305 2431 vestra

1294 2448 1410 2487 petitio
1430 2448 1631 2483 continebat,
1653 2449 1749 2487 quod,
1770 2459 1843 2480 cum
1863 2451 2016 2480 nonnulli
2035 2452 2177 2482 Romani
2195 2454 2305 2491 ponti-

1295 2502 1388 2537 fices,
1416 2501 1666 2539 predecessores
1694 2503 1814 2536 nostri,
1841 2503 1934 2533 vobis
1960 2504 2245 2536 animadvertendi
2270 2507 2305 2536 in

1295 2563 1488 2593 pervasores
1505 2554 1666 2584 bonorum
1688 2555 1828 2586 ecclesie
1850 2561 1958 2587 vestre
1979 2557 2055 2587 olim
2080 2560 2306 2590 concesserint

1295 2617 1352 2647 per
1372 2617 1449 2638 suas
1465 2607 1594 2638 litteras
1618 2608 1825 2645 facultatem,
1846 2614 1994 2648 pretextu
2013 2612 2237 2642 concessionis
2255 2613 2306 2652 ip-

1296 2661 1383 2696 sius,
1403 2661 1606 2691 consuetudo
1626 2661 1834 2700 hujusmodi,
1860 2663 2119 2701 approbantibus
2143 2665 2304 2704 episcopis

1296 2714 1576 2744 Laudunensibus
1603 2714 1660 2753 qui
1688 2715 1781 2745 fuere
1806 2724 1864 2754 pro
1890 2720 2051 2755 tempore,
2079 2722 2145 2746 tam
2168 2727 2186 2748 a
2210 2719 2304 2749 vobis

1296 2776 1395 2806 quam
1412 2775 1429 2796 a
1448 2766 1738 2805 predecessoribus
1756 2768 1874 2798 vestris
1891 2768 2026 2806 pacifice
2044 2770 2082 2799 ab
2100 2771 2236 2809 antiquo
2252 2781 2304 2802 us-

1296 2828 1359 2858 que
1376 2819 1416 2849 ad
1433 2819 1493 2849 hec
1510 2824 1656 2858 tempora
1674 2824 1722 2849 est
1739 2820 1883 2855 obtenta,
1899 2821 1984 2859 quod
2000 2821 2033 2850 in
2052 2831 2117 2857 cos,
2137 2832 2305 2861 1111051110-

1296 2872 1436 2902 nifestos
1450 2871 1598 2909 legitime
1615 2872 1817 2909 cognovistis
1836 2877 1942 2903 vestre
1959 2873 2188 2905 malefactores
2205 2876 2304 2906 eccle-

1296 2925 1344 2955 sie
1370 2924 1572 2954 bonorumve
1599 2925 1706 2963 ipsius
1731 2925 1850 2963 impios
1876 2925 2062 2962 invasores,
2091 2928 2303 2964 exercuistis,
