2498 3325
221 280 280 310 280

226 357 240 372 n

226 410 240 424 1)

226 462 240 478 1)

227 515 239 530 1)

227 567 240 583 n

227 620 240 635 11

227 672 240 688 1)

227 726 240 740 n

229 779 241 793 1)

228 832 242 846 i»

230 885 242 899 »

229 938 242 953 1)

230 991 242 1006 >)

230 1043 243 1058 n

230 1096 243 1111 1)

231 1149 244 1164 »

231 1201 244 1216 1)

231 1253 244 1268 ῃ

232 1306 244 1320 )1

231 1358 244 1374 n

232 1412 245 1426 ›)

233 1465 245 1479 n

233 1518 246 1531 ))

234 1570 246 1584 »

234 1622 246 1637 »

234 1675 246 1690 n

235 1728 248 1743 1)

235 1781 248 1796 ))

235 1833 248 1848 ))

235 1887 247 1901 1)

234 1940 246 1954 n

234 1992 246 2006 >1

233 2046 246 2060 »

232 2099 244 2114 n

232 2152 245 2166 »

233 2205 245 2219 ))

232 2258 245 2272 1)

232 2312 245 2326 ›>

232 2364 244 2379 ›)

232 2417 245 2432 )>

232 2470 244 2484 11

199 2513 203 2517 ’
232 2523 244 2537 n

231 2575 244 2590 >³

231 2629 244 2643 1)

231 2681 244 2696 1)

231 2734 243 2749 ))

231 2787 243 2801 1)

231 2840 244 2855 5>

230 2894 243 2909 n

230 2947 243 2962 ))

263 345 433 384 copalihus
447 345 580 384 juribus
596 346 635 376 de
651 346 744 377 Bello
759 351 881 383 monte,
899 351 929 377 et
944 355 1073 386 quoque
1092 345 1130 376 ad
1147 345 1230 384 epis-

264 398 391 436 copalia
407 398 441 427 in
455 398 556 433 villis,
572 399 606 428 in
623 399 741 429 castris
759 399 796 429 de
814 400 934 429 Sancto
948 400 1108 432 Romano,
1126 399 1229 432 Anco,

263 450 384 488 Cogia,
416 451 580 486 Lanrosa,
613 452 783 487 Midones',
815 453 1016 489 Petragono,
1049 451 1229 489 Figueino,

264 503 398 539 Dornis,
416 504 633 542 Aquisbeffis,
645 506 753 543 Arega
769 514 843 535 cum
856 505 1009 535 terminis
1021 509 1051 535 et
1066 504 1232 543 pertinen-

266 556 322 585 tiis
338 556 487 586 omnium
503 557 726 594 predictorum
739 557 903 592 locorum;
919 562 950 588 et
964 566 1063 595 super
1077 557 1232 587 omnibus

265 608 341 638 aliis
357 608 508 639 ecclesiis
529 610 604 639 sitis
621 620 638 639 a
655 610 765 640 Monte
786 610 843 649 qui
863 610 985 640 dieitur
1003 609 1107 640 Asina
1126 610 1234 640 Brava

266 665 297 691 et
324 670 342 690 a
365 662 457 691 Nava
483 662 521 692 de
549 663 694 693 Juncoso
720 662 789 692 sive
816 662 911 692 Naba
936 662 1052 693 Fluvio
1080 663 1138 701 qui
1162 662 1234 693 fluit

263 714 356 753 juxta
370 718 514 744 castrum
532 714 570 744 de
586 714 729 745 Thomar
743 715 1005 754 Templariorum
1020 715 1107 745 circa
1118 724 1234 746 versus

269 767 456 803 Egitaniam
469 767 592 797 directe
603 772 633 797 et
646 767 891 803 collateraliter,
903 768 1010 807 quoad
1023 768 1234 807 episcopalia,

267 824 298 850 et
323 820 524 857 generaliter
548 821 586 850 de
613 821 768 851 omnibus
791 821 918 858 litibus,
949 822 1181 861 questionibus
1205 826 1237 853 et

267 873 503 903 controversiis
523 873 622 903 motis
642 878 673 904 et
694 884 757 913 que
780 875 905 905 moveri
923 879 1058 913 possent
1076 875 1110 905 iu
1126 879 1236 914 poste-

267 935 340 955 rum
362 926 449 956 inter
472 926 635 964 predictos
658 927 828 966 episcopos
851 932 882 958 et
904 927 1062 958 ecclesias
1079 937 1174 964 suas,
1199 937 1236 959 30

267 982 496 1018 procuratores
511 980 668 1017 prefatos,
682 984 746 1009 tam
764 980 803 1010 de
815 981 1091 1019 sequestratione,
1104 981 1236 1011 restitu-

269 1031 368 1067 tione,
384 1032 583 1070 proprietate
595 1032 827 1071 temporalium
839 1037 870 1063 et
883 1033 1120 1072 spiritualium,
1137 1043 1235 1073 quam

269 1084 308 1114 de
324 1084 488 1114 divisione
504 1085 715 1115 limitationis
734 1085 903 1116 diocesum
919 1087 1110 1122 earundem,
1125 1087 1236 1126 dispo-

267 1136 474 1173 liationibus,
497 1138 740 1174 invasionibus,
761 1139 930 1177 dampnis,
948 1139 1100 1178 injuriis,
1120 1141 1236 1170 fructi-

269 1189 330 1219 bus
347 1194 378 1219 et
397 1190 564 1228 expensis,
585 1191 818 1221 submittentes
837 1202 870 1221 se
890 1192 924 1221 in
944 1193 1099 1223 omnibus
1119 1197 1149 1223 et
1165 1193 1236 1223 sin-

270 1241 357 1279 gulis
396 1242 599 1272 ordinationi
615 1267 620 1279 ,
664 1243 875 1282 dispositioni
892 1268 897 1278 ,
941 1245 1212 1276 determinationi
1228 1269 1234 1282 ‚

269 1294 474 1330 diffinitioni,
490 1299 519 1325 et
536 1296 719 1334 provisioni
731 1297 879 1335 ejusdem
895 1297 1020 1327 domini
1037 1298 1234 1329 cardinalis:

269 1347 316 1377 ita
332 1348 419 1386 quod
434 1348 504 1386 ipse
520 1348 674 1379 dominus
696 1349 875 1379 cardinalis
891 1350 925 1379 in
946 1351 1101 1381 omnibus
1118 1356 1149 1382 et
1167 1352 1238 1382 sin-

271 1400 357 1438 gulis
373 1401 595 1438 predictorum
610 1402 786 1440 procedere
802 1403 916 1440 possit.
935 1403 992 1433 lite
1009 1408 1191 1434 contestata
1207 1409 1239 1435 et

271 1461 336 1482 non
364 1458 557 1489 contestata,
584 1454 828 1493 sollempnitate
850 1455 936 1494 juris
962 1461 1091 1487 servata
1117 1461 1148 1487 et
1172 1467 1237 1487 non

271 1510 411 1541 servata,
431 1515 529 1535 causa
548 1507 712 1537 instructa
728 1512 759 1537 et
774 1517 838 1538 11011
856 1509 1035 1544 instructa,
1055 1511 1237 1540 secundum

272 1558 358 1596 quod
374 1558 438 1588 sibi
459 1559 578 1589 melius
596 1560 702 1589 visum
725 1561 840 1596 suerit,
869 1565 898 1591 et
922 1562 1008 1600 quod
1031 1563 1135 1601 possit
1150 1563 1239 1594 idem

271 1611 425 1641 dominus
450 1612 630 1642 cardinalis
655 1613 778 1647 dicere,
806 1614 992 1652 precipere,
1016 1616 1237 1652 sententiare,

272 1664 438 1699 arbitrari,
457 1665 626 1701 ordinare,
645 1665 806 1701 diffinire,
827 1667 1004 1697 terminare
1029 1672 1059 1697 et
1079 1669 1239 1699 amicabi-

272 1716 349 1746 liter
369 1726 563 1755 componcre
583 1718 671 1748 inter
686 1720 830 1756 prefatos
848 1720 1017 1758 episcopos
1034 1726 1064 1751 et
1083 1731 1239 1759 procura-

273 1770 654 1807 10105,015111050111111115
668 1771 914 1807 etabsentibus,
929 1773 963 1802 in
977 1775 1109 1812 scriptis
1123 1780 1153 1804 et
1167 1776 1239 1806 sine

273 1822 417 1860 scriptis,
436 1822 538 1852 semel
554 1828 584 1853 et
600 1823 737 1861 pluries,
756 1824 890 1854 divisim
908 1830 938 1855 01
955 1827 1145 1864 separatim,
1170 1828 1239 1858 die-

272 1874 333 1904 bus
350 1875 480 1904 seriatis
497 1879 527 1905 et
543 1884 608 1905 non
624 1876 766 1908 feriatis,
784 1886 851 1906 una
865 1883 956 1916 parte
971 1884 1123 1917 presente
1142 1885 1173 1910 et
1192 1880 1239 1910 al·-

272 1932 342 1958 tera
365 1928 517 1963 absente,
541 1929 639 1958 citata
663 1933 694 1959 et
716 1938 780 1959 non
804 1930 915 1961 citata,
944 1932 1111 1963 mutando.
1136 1933 1240 1962 corri-

272 1980 377 2018 gendo
389 1985 419 2010 et
432 1981 680 2019 interpretando
694 1983 877 2012 secundum
888 1984 973 2022 qnod
986 1984 1092 2013 eidem
1107 1985 1239 2015 domino

271 2033 430 2063 cardinali
449 2034 568 2063 melius
585 2035 693 2064 visum
709 2036 824 2071 fuerit,
850 2037 950 2066 etiam
971 2042 1041 2075 post
1056 2039 1239 2069 ordinatio-

270 2096 357 2122 nem,
378 2088 622 2123 diffinitionem,
643 2089 965 2126 determinationem,
986 2091 1239 2129 dispositionem

269 2144 299 2170 et
323 2140 547 2178 provisionem
575 2150 657 2180 quas
684 2142 772 2171 idem
798 2143 978 2173 cardinalis
1004 2144 1038 2173 111
1066 2146 1239 2183 premissis

271 2194 425 2223 omnibus
442 2198 471 2223 et
491 2194 633 2231 singulis
657 2195 787 2224 duxerit
808 2196 994 2233 faciendas,
1016 2199 1238 2235 promittendo

269 2255 345 2284 pars
361 2246 445 2284 parti
464 2246 639 2285 sollempni
654 2247 868 2285 stipulatione
885 2249 925 2278 ad
940 2255 1052 2280 sancta
1070 2252 1238 2281 130101311-

270 2299 357 2337 gelia
369 2300 512 2338 jurando
527 2301 714 2336 attendere,
733 2301 924 2335 observare,
950 2307 980 2332 et
1001 2308 1190 2334 curaturam
1207 2310 1238 2335 et

270 2353 430 2382 facturam
457 2353 665 2389 attendendi,
691 2358 722 2383 et
747 2354 916 2384 observari
938 2355 1048 2386 facere
1073 2357 1185 2387 omnia
1207 2362 1239 2388 et

271 2405 404 2443 singula
428 2415 491 2444 que
520 2406 627 2436 dictus
649 2406 803 2437 dominus
829 2407 1009 2438 cardinalis
1035 2411 1236 2448 preceperit,

270 2458 400 2494 dixerit,
419 2458 598 2488 arbitratus
614 2459 727 2494 fuerit,
743 2460 956 2496 ordinaverit,
972 2463 1236 2499 sententfflrerit,

269 2511 450 2550 providerit
472 2511 522 2541 vel
546 2512 699 2541 statuerit
720 2513 809 2543 inter
832 2513 963 2544 easdem
982 2514 1032 2545 vel
1055 2524 1169 2545 earum
1189 2515 1237 2546 al-

269 2567 446 2599 terutram,
465 2568 495 2593 et
511 2563 572 2593 1100
588 2564 622 2593 111
640 2574 724 2602 pena
746 2565 797 2595 vel
821 2566 882 2595 sub
903 2576 989 2605 pena
1004 2568 1095 2599 1111110
1110 2578 1237 2599 1113103-

269 2625 342 2646 rum
359 2617 430 2646 auri
448 2617 489 2646 ad
502 2617 645 2647 invicem
660 2617 834 2657 sollempni
849 2619 1063 2657 stipulatione
1074 2622 1238 2660 premissa

270 2669 430 2707 exigenda
446 2678 504 2707 pro
521 2669 667 2707 quolibet
686 2671 829 2708 capitulo
852 2681 925 2701 cum
948 2673 1066 2703 effectu
1083 2678 1113 2703 et
1131 2675 1165 2704 in
1183 2685 1237 2705 so-

268 2722 373 2751 lidum
396 2726 427 2751 et
449 2727 563 2751 contra
590 2723 771 2760 quemlibet
798 2728 827 2753 et
855 2734 913 2762 pro
942 2726 1089 2764 quolibet
1114 2728 1236 2758 totiens

269 2774 422 2813 quotiens
439 2778 690 2804 contraventum
704 2776 765 2805 erit
779 2776 829 2806 vel
844 2777 987 2815 paritum
1003 2788 1068 2809 non
1085 2780 1158 2813 0111,
1172 2789 1236 2819 que

269 2828 377 2858 soluta
393 2832 504 2858 exacta
521 2828 623 2857 semel
640 2829 691 2858 vel
711 2830 840 2867 sepius,
859 2832 1014 2862 omnibns
1030 2833 1187 2871 predictis
1204 2839 1236 2865 et

269 2881 412 2919 singulis
429 2881 463 2910 in
486 2890 546 2910 sua
566 2881 722 2911 firmitate
743 2884 970 2917 manentibus,
989 2894 1063 2915 011111
1079 2887 1235 2917 0011111115-

269 2934 362 2964 sione
379 2938 409 2963 et
426 2933 595 2963 exactione
613 2934 760 2972 ejusdem
776 2944 869 2973 pene.
892 2937 929 2965 Et
948 2946 1006 2975 pro
1022 2937 1088 2967 hiis
1104 2938 1234 2976 predic-

1315 355 1328 370 ὶῚ

1315 408 1328 423 D

1316 462 1329 476 7)

1315 514 1330 529 7)

1317 566 1330 582 7)

1317 619 1330 634 Ἰ)

1318 672 1331 687 D

1319 725 1331 740 D

1319 777 1332 792 1)

1319 830 1332 845 D

1319 883 1332 898 5)

1320 936 1333 951 7)

1320 989 1333 1004 ))

1320 1041 1333 1056 D

1320 1095 1333 1110 ))

1321 1147 1334 1163 ))

1321 1201 1334 1216 ἦ

1321 1254 1334 1269 ))

1322 1307 1334 1322 ))

1322 1361 1334 1375 ))

1322 1413 1335 1428 ))

1323 1466 1335 1481 ))

1323 1519 1336 1533 ))

1324 1573 1336 1588 ))

1324 1626 1337 1641 ))

1325 1680 1337 1694 ))

1325 1733 1337 1748 ))

1325 1785 1338 1800 ))

1325 1838 1338 1853 ))

1326 1891 1338 1904 ))

1325 1943 1338 1958 ὶ)

1325 1997 1337 2011 ))

1325 2049 1337 2064 >i

1325 2103 1337 2117 ))

1325 2156 1337 2170 ))

1325 2209 1337 2224 ))

1325 2262 1337 2276 ))

1324 2316 1337 2331 ))

1324 2369 1337 2384 ))

1324 2423 1337 2439 ))

1323 2476 1336 2492 ))

1323 2529 1336 2545 5>

1323 2581 1335 2597 ))

1323 2635 1336 2651 ))

949 279 1188 311 REGISTRES
1209 277 1517 309 D’ALEXANDRE
1540 280 1596 309 IV.

1352 343 1394 373 tis
1415 344 1570 375 omnihus
1591 349 1622 376 et
1642 345 1786 383 singulis
1804 345 2014 376 attendendis
2038 348 2069 375 et
2089 345 2321 380 observandis,

1355 396 1434 427 dicti
1455 397 1599 436 episcopi
1621 403 1652 428 et
1674 402 1904 437 procuratores
1926 397 1993 428 sibi
2017 397 2056 428 ad
2078 398 2220 428 invicem
2238 398 2323 428 bona

1353 450 1466 480 omnia
1495 450 1710 481 ecclesiarum
1739 459 1874 481 suarum
1900 455 1931 481 et
1958 450 2178 489 capitulorum
2208 459 2321 481 earum

1354 503 1485 541 pignori
1503 503 1694 540 obligarunt
1710 507 1776 533 tam
1792 513 1850 542 pro
1872 512 1957 542 pena
1979 512 2078 542 quam
2094 513 2152 542 pro
2167 503 2323 534 omnibus

1355 554 1431 585 aliis
1448 555 1658 586 attendendis
1680 560 1712 586 et
1731 555 1967 587 observandis.
1990 556 2217 586 renunciando
2236 556 2324 595 quod

1356 616 1421 637 non
1440 608 1569 646 possint
1589 608 1698 639 dicere
1717 617 1752 639 se
1773 608 1936 646 obligatos
1958 609 2031 639 sine
2054 617 2154 639 causa
2169 608 2220 639 vel
2233 609 2324 648 justa

1356 669 1472 696 causa,
1499 661 1549 691 vel
1570 661 1657 700 quod
1680 670 1744 692 non
1768 662 1835 691 sint
1862 661 2031 692 certiorati
2053 661 2092 692 de
2116 660 2272 692 omnibus
2292 665 2324 692 et

1357 713 1501 750 singulis
1519 714 1670 744 articulis
1691 714 1845 753 superius
1865 715 2075 750 memoratis,
2098 718 2129 744 et
2148 713 2240 744 omni
2253 713 2324 754 juri

1357 766 1494 804 speciali
1520 771 1551 796 et
1572 766 1719 804 generali
1746 767 1906 798 beneficio
1930 767 2155 797 restitutionis
2179 767 2214 796 in
2237 767 2324 797 inte-

1358 828 1464 857 grum,
1482 818 1604 849 litteris
1619 820 1805 858 impetratis
1819 825 1850 850 et
1866 820 2083 858 impetrandis
2096 829 2154 858 per
2169 829 2252 859 quas
2265 819 2326 850 im-

1358 871 1464 910 pediri
1489 872 1594 910 possit
1618 871 1809 911 hujusmodi
1835 872 2127 910 compromissum,
2152 881 2211 902 seu
2238 872 2326 912 quod

1358 934 1458 963 super
1483 925 1656 963 premissis
1681 934 1739 964 per
1768 926 1892 956 dietum
1922 926 2093 956 dominum
2122 924 2326 956 cardinalem

1357 981 1559 1016 preceptum,
1574 978 1775 1014 ordinatum,
1793 978 1935 1014 dictum,
1954 978 2168 1014 arbitratum,
2190 981 2326 1008 senten-

1358 1030 1494 1066 tiatum,
1513 1030 1710 1066 diffinitum,
1727 1031 1984 1061 determinatum
2000 1030 2053 1061 vel
2067 1031 2237 1070 provisum
2252 1030 2326 1061 fue·-

1358 1083 1412 1119 rit,
1427 1083 1495 1122 Juri
1512 1084 1681 1114 ordinario
1695 1088 1726 1114 et
1743 1084 2004 1114 extraordinario
2016 1084 2173 1123 omnique
2187 1082 2245 1114 alii
2257 1083 2327 1123 juri

1359 1136 1533 1172 canonico,
1561 1136 1668 1172 civili,
1695 1146 1832 1166 romano
1860 1137 1912 1167 vel
1939 1136 2244 1172 consuetudinario,
2268 1144 2328 1175 per

1359 1189 1447 1228 quod
1462 1199 1480 1219 a
1495 1190 1652 1228 predictis
1668 1190 1823 1220 omnibus
1839 1190 1891 1221 vel
1911 1191 1952 1221 ab
1975 1190 2086 1230 aliquo
2103 1190 2327 1230 predictorum

1360 1251 1395 1272 se
1412 1247 1546 1280 possent
1562 1243 1740 1274 defendere
1756 1243 1808 1274 vel
1823 1243 1946 1274 vellent
1962 1243 2001 1274 de
2014 1244 2089 1283 jure
2105 1243 2157 1274 vel
2173 1243 2211 1274 de
2227 1243 2325 1278 sacto,

1360 1296 1446 1334 quod
1464 1296 1592 1334 possint
1611 1297 1676 1327 dici
1694 1297 1745 1327 vel
1760 1297 1799 1327 de
1815 1298 1902 1327 facto
1917 1297 2108 1335 excogitari,
2124 1297 2253 1336 prefata
2270 1296 2328 1326 do-

1360 1349 1451 1378 mino
1470 1349 1631 1379 cardinali
1652 1350 1821 1380 ordinaria
1837 1354 1867 1380 et
1881 1349 2031 1388 delegata
2043 1349 2277 1389 jurisdictione
2292 1349 2328 1380 in

1360 1401 1516 1431 omnibns
1530 1406 1560 1432 et
1575 1402 1718 1439 singulis
1731 1407 1908 1437 reservata,
1919 1407 1955 1432 ut
1967 1411 2005 1433 ex
2017 1402 2130 1433 eadem
2140 1402 2244 1442 possit
2255 1411 2329 1433 eos-

1362 1454 1433 1485 dem
1456 1455 1626 1493 episcopos
1645 1460 1675 1485 et
1694 1460 1923 1494 procuratores
1942 1455 2138 1494 compellere
2157 1455 2196 1486 ad
2214 1455 2329 1486 obser-

1359 1508 1526 1538 vationem
1543 1509 1719 1541 sententie,
1730 1508 1870 1544 arbitrii,
1884 1508 1986 1542 laudi,
2000 1509 2256 1547 precepti,dicti,
2268 1508 2329 1538 dif-

1361 1561 1536 1596 finitionis,
1555 1562 1854 1597 determinationis,
1873 1562 2113 1601 dispositionis,
2129 1562 2330 1601 provisionis

1367 1619 1397 1644 et
1421 1615 1671 1652 compositionis
1695 1615 1896 1650 amicabilis,
1920 1615 2102 1645 secundum
2118 1615 2205 1654 quod
2220 1615 2331 1646 visum

1363 1668 1465 1698 suerit
1481 1668 1587 1698 eidem
1604 1668 1737 1698 domino
1756 1668 1929 1698 cardinali.
1948 1670 1985 1699 In
2002 1669 2096 1708 cujus
2115 1669 2164 1699 rei
2179 1669 2330 1699 testimo-

1363 1721 1468 1755 nium,
1485 1721 1604 1759 prefati
1619 1721 1775 1759 episcopi,
1790 1730 1848 1760 pro
1865 1730 1899 1751 se
1911 1726 1942 1752 et
1957 1722 2091 1752 nomine
2107 1721 2329 1760 predictorum

1363 1778 1612 1812 procuratorum
1631 1775 1687 1813 qui
1704 1774 1858 1804 dicebant
1874 1784 1908 1804 se
1922 1775 1962 1804 ad
1979 1783 2116 1812 presens
2133 1773 2243 1812 sigilla
2259 1782 2329 1812 pro-

1362 1827 1435 1865 pria
1450 1836 1513 1856 non
1529 1826 1663 1861 habere,
1677 1827 1787 1863 sigilla
1797 1836 1856 1857 sua
1866 1832 2101 1865 apposuerunt,
2111 1827 2331 1865 procuratori-

1362 1878 1423 1908 bus
1441 1879 1523 1917 ipsis
1540 1879 1762 1917 presentibus,
1778 1879 1977 1913 volentibus,
1993 1879 2281 1910 consentientibus
2298 1883 2330 1910 et

1364 1932 1635 1970 approbantibus,
1655 1937 1685 1962 et
1699 1942 1758 1969 ego
1772 1933 1920 1970 prefatus
1937 1933 2138 1968 Rerum-dus,
2151 1932 2330 1970 apostolice

1364 1985 1458 2015 Sedis
1479 1985 1607 2022 legatus
1627 1994 1664 2015 ac
1683 1986 1844 2018 notarius,
1863 1986 1919 2024 qui
1936 1990 2070 2023 rogatus
2088 1985 2262 2024 premissis
2276 1986 2331 2014 in-

1363 2038 1475 2070 terfui,
1494 2038 1553 2068 hoc.
1570 2047 1708 2076 presens
1730 2038 1898 2076 publicum
1922 2039 2181 2068 instrumentum
2197 2037 2331 2076 propria

1363 2100 1463 2121 manu
1481 2092 1598 2130 scripsi
1620 2101 1657 2122 ac
1678 2092 1711 2120 in
1732 2091 1898 2130 publicam
1920 2092 2060 2121 formam
2083 2091 2195 2129 redegi
2215 2095 2247 2121 et
2262 2091 2330 2129 sig-

1364 2153 1444 2174 num
1460 2154 1568 2175 meum
1587 2145 1734 2183 apposni.
1752 2145 1862 2175 Abbas
1886 2145 2111 2175 Rothonensis
2130 2145 2243 2179 testis,
2259 2152 2331 2174 ma-

1363 2198 1466 2235 gister
1483 2198 1647 2228 Robertus
1664 2198 1924 2229 Mediolanensis
1937 2197 2218 2235 Rothomagensis
2231 2205 2331 2228 cano-

1363 2251 1470 2285 nicus,
1482 2252 1641 2288 magister
1652 2252 1769 2281 Petrus
1782 2251 1936 2281 Roderici
1947 2251 2127 2280 canonicus
2139 2249 2328 2286 Auriensis,

1361 2305 1521 2342 magister
1548 2304 1713 2334 Robertus
1734 2304 1914 2334 canonicus
1937 2304 2050 2334 Sancti
2072 2303 2237 2340 Quintini,
2260 2311 2331 2333 ma-

1362 2358 1466 2396 gister
1485 2358 1697 2389 Continatius
1715 2358 1894 2387 canonicus
1914 2357 2114 2392 Esculanus,
2138 2357 2257 2387 Petrus
2272 2355 2331 2387 Co-

1358 2412 1443 2442 darii
1462 2411 1602 2442 clericus
1624 2411 1813 2446 Auriensis,
1836 2410 2004 2440 Goffridus
2021 2410 2161 2440 clericus
2177 2417 2330 2448 procura-

1360 2468 1411 2495 tor
1425 2487 1457 2499 ..,
1471 2464 1600 2494 abbatis
1611 2464 1777 2499 Dolensis,
1796 2463 1918 2493 nobilis
1931 2463 1982 2493 vir
1996 2463 2149 2493 dominus
2161 2461 2331 2493 Goffridus

1361 2526 1470 2548 comes
1489 2517 1527 2547 de
1544 2517 1682 2556 Aquila,
1701 2517 1855 2547 dominus
1878 2516 2085 2547 Gottofridus
2105 2515 2145 2546 de
2160 2516 2326 2553 Argento,

1361 2570 1511 2600 notarius
1528 2570 1697 2607 Galganus
1709 2570 1748 2599 de
1764 2570 1952 2605 Tramonto,
1971 2573 2002 2598 et
2014 2566 2332 2606 magisterJacobus

1360 2623 1509 2654 Vulteris
1525 2623 1564 2653 de
1581 2623 1729 2657 Salerno,
1749 2627 1860 2653 testes.
1881 2634 1894 2649 »

1359 2677 1451 2707 Idem
1467 2685 1545 2706 vero
1565 2676 1745 2706 cardinalis
1768 2676 1873 2705 fretus
1893 2675 2087 2705 auctoritate
2111 2682 2148 2704 ac
2167 2676 2328 2712 potestate

1319 2730 1385 2760 sibi
1401 2739 1420 2760 3
1438 2729 1534 2760 nobis
1551 2730 1671 2759 tradita
1691 2734 1721 2759 et
1736 2729 1870 2769 juribus
1890 2728 2081 2768 hujusmodi
2097 2725 2327 2765 compromissi

1319 2782 1495 2821 quamdam
1521 2782 1764 2812 ordinationem
1785 2781 1889 2812 edidit
1910 2781 1998 2811 inter
2017 2784 2144 2819 partes,
2171 2782 2269 2818 prout
2290 2778 2326 2808 in

1318 2835 1541 2865 instrumento
1557 2835 1688 2873 publico
1710 2835 1786 2865 inde
1803 2835 1951 2864 consecto
1971 2833 2116 2871 sigillato
2135 2832 2242 2871 ipsius
2259 2840 2327 2862 car-

1319 2888 1441 2918 dinalis
1459 2888 1569 2925 sigillo
1587 2888 1718 2927 plenius
1733 2888 1932 2919 continetur,
1950 2896 2084 2926 vosque,
2102 2887 2222 2916 fratres
2238 2884 2327 2923 epis-

1318 2942 1391 2980 copi
1409 2947 1439 2972 et
1456 2942 1535 2971 dicti
1547 2946 1786 2980 procuratores,
1805 2941 2048 2971 ordinationem
2064 2938 2255 2978 hujusmodi
2271 2946 2331 2968 ac·
