2498 3325
221 258 278 287 406
944 253 1183 284 REGisTItES
1206 252 1513 282 D'ALEXANDRE
1536 252 1592 282 IV.

225 336 237 349 »
263 327 293 353 et
312 322 459 359 delegata
478 322 711 361 jurisdictione
733 321 767 350 in
791 321 944 350 omnibus
962 325 992 350 et
1010 319 1152 357 singulis
1175 328 1227 349 re-

225 389 237 402 »
264 380 403 410 servata,
423 380 454 404 ut
473 384 509 404 ex
526 374 638 404 eadem
654 374 757 412 possit
775 373 906 403 eosdem
924 373 1094 411 episcopos
1109 377 1139 402 et
1153 381 1228 411 pro-

225 444 237 455 „
262 433 429 458 curatores
457 427 652 465 compellere
681 427 720 456 ad
751 426 1014 456 observationem
1045 426 1226 461 sententie,

224 494 237 508 >1
263 482 403 515 arbitrii,
422 480 522 515 laudi,
542 480 696 518 precepti,
713 480 807 514 dicti,
827 479 1053 514 diffinitionis,
1071 479 1228 509 determi-

225 548 238 562 ι»
263 534 422 567 nationis,
445 533 688 571 dispositionis,
708 533 908 571 provisionis
926 537 956 562 et
978 532 1227 571 compositionis

225 600 237 614 η
263 586 463 622 amicabilis,
483 586 664 615 secundum
686 586 772 624 quod
788 586 896 615 visum
920 586 1021 615 suerit
1046 585 1151 615 eidem
1171 585 1228 616 (lo-

223 652 236 666 n
262 640 350 669 mino
369 639 541 668 cardinali.

264 705 276 719 »
303 694 338 722 In
356 693 449 731 cujus
467 692 513 722 rei
531 692 775 727 testimonium,
796 692 915 730 prefati
935 692 1096 730 episcopi,
1119 701 1176 730 pro
1193 701 1227 723 se

224 758 236 772 »
261 750 289 775 et
310 745 443 774 nomine
466 744 688 782 predictorum
713 749 979 782 procuratorum,
999 745 1055 783 qui
1074 745 1228 775 dicebant

223 811 236 825 »
262 808 295 828 se
312 798 350 827 ad
367 806 503 836 presens
521 797 630 835 sigilla
646 797 778 835 propria
795 806 860 827 non
882 797 1019 833 babere,
1038 798 1149 836 sigilla
1168 807 1228 828 sua

223 864 236 878 »
261 855 497 890 apposuerunt,
521 851 790 888 procuratoribus
818 851 900 889 ipsis
924 851 1151 889 presentibus,
1171 860 1228 881 vo-

224 919 235 931 „
260 904 423 939 lentibus,
452 903 739 934 consentientibus
761 908 791 934 et
815 904 1090 942 approbantibus,
1115 909 1146 934 et
1168 913 1228 942 ego

224 970 236 984 »
261 958 407 996 prefatus
429 956 628 992 Bernaldus,
648 956 826 994 apostolice
844 957 939 987 Sedis
956 957 1151 988 auctoritate
1169 967 1227 988 no-

223 1023 235 1037 »
261 1011 378 1045 tarius,
405 1010 460 1049 qui
484 1015 617 1047 rogatus
641 1010 816 1048 premissis
835 1010 992 1046 interfui,
1011 1010 1072 1041 hoc
1089 1020 1226 1049 presens

224 1076 236 1090 n
261 1063 429 1103 publicum
447 1063 706 1093 instrumentum
729 1063 862 1102 propria
880 1072 981 1093 manu
1003 1064 1121 1103 scripsi
1138 1073 1175 1094 ac
1191 1064 1226 1093 in

223 1129 235 1144 »
261 1116 424 1155 publicam
445 1116 583 1145 formam
600 1115 726 1153 redegi,
747 1120 778 1146 et
795 1116 928 1154 signum
949 1126 1058 1147 meum
1076 1117 1225 1156 apposui.

263 1182 275 1196 »
299 1193 330 1205 ..,
358 1169 458 1199 abbas
482 1168 719 1204 Rothonensis,
746 1169 856 1205 testis,
883 1170 1042 1207 magister
1062 1171 1227 1201 Robertus

222 1235 235 1250 ))
261 1222 534 1257 Mediolanensis,
552 1221 830 1260 Rothomagensis
848 1223 1045 1259 canonicus,
1069 1224 1228 1261 magister

222 1289 236 1304 »
262 1277 379 1306 Petrus
420 1275 591 1312 Hodoi-ici,
626 1275 806 1305 canonicus
839 1275 1032 1312 Auriensis,
1070 1277 1229 1315 Magister

222 1341 235 1356 »
261 1328 435 1363 Robertus,
452 1328 631 1358 canonicus
643 1328 755 1358 Sancti
769 1328 934 1365 Quintini,
947 1329 1104 1367 magister
1117 1330 1227 1360 Conti—

222 1394 235 1409 »
261 1382 382 1417 nutius,
394 1381 573 1411 canonicus
586 1380 782 1417 Esculanus,
795 1382 912 1411 Petrus
925 1381 1069 1418 Codarii,
1085 1382 1227 1413 clericus

223 1447 236 1461 »
260 1434 451 1469 Auriensis,
470 1434 639 1464 Goffridus
662 1434 817 1470 clericus,
836 1439 1029 1473 procurator
1047 1459 1079 1471 ..,
1098 1436 1227 1467 abbatis

223 1500 235 1514 >1
260 1488 429 1522 Dolensis,
449 1487 571 1517 nobilis
592 1487 642 1516 vir
665 1487 818 1518 dominus
845 1488 1031 1525 Goffridus,
1057 1499 1166 1520 comes
1189 1490 1227 1520 de

224 1553 236 1567 »
262 1541 397 1580 Aquila,
415 1541 568 1570 dominus
591 1541 807 1571 Gothoi'ridus
827 1541 865 1571 de
891 1542 1052 1580 Argento,
1077 1543 1228 1574 notarius

225 1607 236 1620 n
263 1594 403 1631 Galgani
422 1594 460 1624 de
481 1595 657 1624 Tramonto
679 1599 710 1624 et
733 1595 892 1632 magister
909 1596 1053 1626 Jacobus
1075 1597 1228 1628 Vulturis

225 1660 238 1674 >,
263 1647 300 1677 de
318 1646 464 1682 Salei-no,
485 1651 595 1677 testes.
617 1660 630 1674 »

266 1712 278 1726 ιι
298 1700 387 1730 Idem
406 1708 481 1730 vero
502 1700 698 1735 cardinalis,
722 1701 827 1730 fretus
850 1701 1044 1732 auctoritate
1066 1712 1102 1733 ac
1120 1708 1230 1742 potes-

224 1757 289 1783 tate
305 1753 370 1782 sibi
386 1762 404 1782 a
420 1752 515 1782 nobis
532 1753 651 1783 tradita
673 1758 704 1784 et
720 1754 853 1792 juribus
869 1754 1059 1794 hujusmodi
1082 1765 1230 1795 compro-

224 1806 331 1840 missi,
350 1806 472 1835 auditis
490 1815 552 1844 que
569 1806 607 1836 de
623 1807 697 1845 jure
715 1811 745 1836 et
766 1807 804 1837 de
820 1807 906 1837 sacto
923 1813 1032 1846 partes
1048 1818 1230 1847 proponere

224 1858 411 1894 voluerunt,
440 1868 475 1888 ac
503 1859 634 1888 demum
658 1868 757 1898 super
778 1860 847 1890 illis
869 1861 1082 1892 conclusione
1105 1867 1228 1897 secuta,

226 1911 401 1950 quamdam
416 1912 669 1947 ordinationem,
688 1913 922 1951 provisionem,
940 1914 1153 1951 decisionem,
1172 1925 1231 1946 seu

227 1965 326 1994 etiam
342 1964 575 1994 diffinitionem
594 1966 710 1995 statuit
728 1970 757 1996 et
772 1966 873 1996 edidit
890 1967 977 1997 inter
993 1973 1117 2006 partes,
1136 1974 1232 2008 prout

225 2017 258 2046 in
278 2017 500 2047 instrumento
516 2017 646 2055 publico
662 2018 810 2048 confecto
827 2019 944 2050 exinde
961 2020 1106 2057 sigillato
1122 2022 1232 2059 sigillo

226 2070 331 2108 ipsius
357 2069 536 2099 cardinalis
562 2070 694 2108 plenius
720 2071 919 2102 continetur.
940 2073 1087 2112 Vosque,
1112 2075 1231 2106 fratres

225 2123 369 2161 episcopi
387 2127 417 2152 et
437 2123 517 2152 dicti
533 2127 772 2161 procuratores.
793 2125 1052 2162 ordinationem,
1070 2128 1233 2165 provisio—

226 2184 312 2210 nem,
331 2175 531 2205 decisionem
553 2185 612 2206 seu
635 2176 867 2207 diffinitionem
883 2178 1074 2217 hujiismodi
1088 2182 1233 2220 recepis-

227 2228 282 2258 tis.
307 2229 374 2258 Nos
398 2229 520 2267 itaque,
547 2229 718 2267 cupientes
741 2231 914 2261 materiam
937 2233 1044 2263 exosis
1062 2239 1232 2272 amputare

226 2280 357 2318 litigiis,
375 2286 410 2310 ut
425 2281 471 2310 sic
488 2290 568 2319 opus
582 2282 712 2320 justitie
725 2292 786 2321 pax
798 2288 827 2313 et
840 2284 1011 2315 silentium
1028 2286 1136 2317 cultus
1148 2289 1230 2327 ejus,

228 2333 314 2371 quod
336 2342 434 2371 super
456 2335 629 2372 premissis
651 2344 708 2373 per
735 2337 874 2366 eundem
898 2339 1100 2370 cardinalem
1123 2342 1233 2379 provi-

228 2385 344 2421 dendo,
371 2386 568 2421 ordinando,
594 2387 815 2424 decernendo,
843 2391 1017 2422 statuendo
1046 2401 1104 2423 seu
1133 2395 1233 2425 etiam

228 2437 420 2468 diffiniendo
436 2439 560 2468 factum
581 2444 645 2475 cst,
663 2444 770 2470 ratum
792 2446 822 2472 et
844 2442 976 2473 firmum
997 2444 1173 2483 habentes,
1197 2457 1233 2478 ac

229 2490 443 2520 decernentes
473 2496 629 2529 perpetuo
658 2493 773 2524 robore
801 2495 1011 2533 duraturum,
1042 2500 1233 2538 supplentes

229 2552 358 2581 quoque
376 2552 413 2573 ex
430 2548 517 2573 certa
535 2545 675 2574 scientia
691 2545 730 2576 de
747 2546 953 2584 plenitudine
967 2553 1138 2588 potestatis
1156 2562 1233 2584 nos-

229 2599 277 2626 tre
293 2595 468 2631 defectum,
484 2596 511 2625 si
529 2597 603 2635 quis
619 2599 725 2627 extitit
741 2599 776 2628 iu
792 2601 948 2638 predictis
967 2603 1016 2633 vel
1033 2604 1144 2643 aliquo
1159 2616 1234 2644 pre-

229 2648 402 2683 dictorum,
417 2658 481 2678 non
494 2649 702 2681 obstantibus
714 2654 1008 2689 protestationibus
1022 2657 1061 2686 ab
1076 2658 1235 2690 alterutra

227 2701 370 2738 partium
387 2706 461 2731 ante
478 2702 695 2739 prolationem
712 2704 790 2734 dicti
808 2706 988 2737 cardinalis
1003 2710 1053 2739 vel
1070 2716 1142 2749 post
1164 2713 1233 2742 sac-

229 2753 282 2787 tis,
302 2762 360 2783 seu
377 2753 595 2792 appellatione
613 2755 652 2784 ad
669 2765 739 2786 nos.
758 2758 891 2789 nominc
909 2760 1172 2799 Compostellane
1187 2775 1234 2796 ec-

229 2804 339 2840 clesie,
354 2805 758 2845 interjecta,presentibus
775 2811 935 2848 partibus,
950 2814 987 2843 de
1005 2815 1144 2846 fratrum
1163 2827 1234 2849 nos-

228 2858 512 2894 trorumconsilio,
526 2861 909 2900 auctoritateapostolica
923 2868 1157 2900 confirmamus
1172 2876 1233 2902 etc.

230 2918 334 2947 usque
353 2920 358 2938 z
377 2912 628 2942 comumnimus.
647 2914 800 2945 Ceterum
818 2917 894 2955 quia
914 2924 1023 2950 nostre
1038 2921 1235 2955 intentionis

1313 318 1425 348 existit
1442 323 1548 348 vestre
1568 318 1606 348 ad
1624 318 1786 348 dictarum
1808 318 2024 349 ecclesiarum
2040 324 2225 350 vestrarum
2248 320 2322 359 paci

1313 375 1343 401 et
1361 370 1597 410 tranquillitati
1614 372 1813 410 prospicere,
1827 376 1861 401 ut
1875 372 2032 402 intervos
2046 371 2096 402 vel
2111 381 2322 404 successores

1312 428 1368 453 aut
1387 423 1658 462 metropolitanos
1674 429 1801 454 vestros
1819 433 1877 454 seu
1895 424 2110 455 ecclesiarum
2129 425 2322 464 metropoli-

1312 480 1464 506 tanarum
1482 476 1636 515 capitula,
1656 477 1784 507 ratione
1801 477 2047 515 provinciarum
2063 486 2210 514 suarum,
2229 477 2322 508 nulla

1313 539 1411 568 snper
1436 530 1609 568 premissis
1629 530 1733 568 possit
1756 530 1911 569 deinceps
1935 531 2066 569 questio
2089 531 2260 567 suscitari,
2279 540 2325 562 ne

1312 583 1356 618 si,
1375 583 1462 622 quod
1480 583 1581 618 absit,
1600 583 1747 622 predicta
1763 583 1992 613 relaberentur
2010 584 2045 613 in
2062 584 2205 614 recidive
2221 593 2321 624 ques-

1312 636 1413 665 tionis
1430 635 1635 674 scrupulum,
1651 636 1881 666 contentiones
1897 641 2125 666 excrescerent
2136 637 2171 666 in
2183 637 2322 668 immen-

1312 698 1385 718 sum
1407 693 1437 719 et
1457 688 1533 718 lites
1555 689 1673 718 tierent
1693 688 1912 724 immortales,
1934 689 2066 718 modum
2084 689 2151 719 vite
2174 689 2325 720 hominis

1312 742 1523 777 excedentes,
1550 742 1742 778 statuimus,
1769 742 1979 772 decernimus
2003 747 2033 772 et
2058 742 2323 774 irrevocabiliter

1311 795 1510 830 diffinimus,
1530 800 1563 824 ut
1581 794 1727 834 quelibet
1750 795 1894 833 partium
1917 800 1948 825 et
1971 805 2084 825 earum
2099 795 2245 834 predicte
2268 805 2327 827 ec-

1312 848 1427 885 clesie,
1457 858 1492 878 ae
1518 848 1666 886 ipsarum
1694 847 2023 886 metropolitanarum
2046 853 2076 878 et
2104 837 2322 879 ecclesiarum

1312 901 1641 940 metropolitanarum
1669 900 1813 939 capitula
1842 901 2009 931 concessis
2039 910 2098 931 seu
2123 901 2326 940 adjudicatis

1313 960 1411 994 atque
1428 955 1609 991 assignatis
1628 964 1685 993 per
1702 954 1905 984 cardinalem
1924 954 2108 992 predictum
2127 954 2220 992 locis,
2235 955 2324 994 juri-

1311 1008 1373 1038 bus
1391 1013 1419 1038 et
1436 1008 1601 1037 limitibus
1614 1011 1772 1046 perpetuo
1787 1007 1853 1037 sint
1871 1011 2035 1043 contenta,
2057 1016 2117 1037 nec
2134 1015 2248 1037 earum
2264 1006 2324 1037 ali-

1312 1061 1365 1091 cui
1382 1061 1480 1091 liceat
1498 1061 1531 1090 in
1551 1061 1715 1100 judicium
1733 1060 1783 1090 vel
1801 1065 1891 1090 extra
1910 1064 2023 1090 contra
2039 1064 2166 1099 partem
2184 1059 2322 1090 alteram

1312 1123 1411 1152 super
1426 1113 1600 1152 premissis
1612 1112 1662 1143 vel
1677 1112 1788 1152 aliquo
1802 1113 2041 1152 premissorum
2057 1121 2188 1143 movere
2202 1113 2324 1152 impos-

1311 1171 1419 1198 terum
1442 1167 1662 1205 questionem,
1682 1166 1730 1196 vel
1751 1167 1791 1196 ad
1807 1166 2063 1205 appellationem
2080 1175 2139 1196 seu
2155 1165 2328 1205 suppliea‹

1312 1219 1448 1254 tionem,
1467 1223 1522 1248 ant
1539 1218 1784 1249 restitutionem
1801 1219 1836 1248 in
1853 1219 2032 1257 integrum,
2046 1219 2116 1250 sive
2131 1219 2171 1249 ad
2182 1218 2324 1258 quodvis

1313 1272 1403 1302 aliud
1422 1272 1509 1311 juris
1529 1271 1690 1301 auxilium
1707 1271 1915 1301 ordinarium
1935 1271 1985 1302 vel
2009 1271 2323 1310 extraordinarium,

1312 1325 1379 1355 ullo
1396 1334 1543 1364 unquam
1562 1328 1718 1362 tempore,
1736 1323 1859 1354 habere
1876 1333 2059 1359 recursum,
2076 1324 2127 1354 vel
2143 1323 2326 1363 quomodo-

1312 1378 1393 1408 libet
1410 1382 1536 1417 partem
1554 1377 1693 1407 alteram
1709 1377 1914 1415 perturbare,
1933 1377 1990 1407 sed
2004 1377 2219 1416 omniajuxta
2233 1377 2325 1407 ordi-

1313 1433 1482 1463 nationem
1497 1431 1617 1470 presati
1631 1430 1811 1461 cardinalis
1826 1435 1856 1461 et
1875 1430 2160 1461 confirmationem
2175 1434 2323 1461 nostram

1313 1486 1432 1516 durare
1456 1485 1625 1516 sancimus
1648 1489 1806 1523 perpetua
1825 1484 1993 1514 firmitate.
2012 1483 2171 1514 Volentes
2187 1483 2328 1514 omnino

1313 1549 1370 1570 vos
1389 1543 1420 1569 et
1435 1539 1600 1578 predictos
1617 1547 1731 1568 omnes
1748 1538 1874 1576 prefate
1891 1537 2106 1573 ordinationi,
2126 1537 2327 1576 provisioni,

1313 1593 1475 1623 decisioni
1506 1602 1564 1622 seu
1595 1591 1806 1625 diffinitioni,
1834 1591 1925 1621 omni
1955 1591 2130 1630 questione
2155 1593 2326 1626 cessante,

1313 1647 1557 1685 imperpetuum
1576 1645 1759 1685 subjacere.
1778 1645 1938 1674 Tenorem
1962 1649 2072 1674 autem
2095 1643 2328 1679 instrumenti,

1314 1699 1552 1734 ordinationis,
1571 1698 1788 1738 provisionis,
1808 1697 1989 1728 decisionis
2005 1705 2064 1727 seu
2081 1697 2181 1727 etiam
2200 1695 2332 1726 diffini«

1315 1753 1416 1783 tionis
1436 1752 1576 1791 predicti
1593 1750 1773 1782 cardinalis
1790 1750 1828 1780 de
1846 1750 1945 1780 verbo
1969 1749 2008 1780 ad
2024 1749 2163 1780 verbum
2188 1757 2329 1788 presen-

1315 1806 1404 1836 tibus
1421 1806 1525 1836 inseri
1543 1806 1695 1840 serimus,
1714 1805 1771 1844 qui
1789 1804 1864 1834 talis
1882 1808 1929 1834 est
1949 1815 1955 1833 ;

1884 1902 1986 1936 Rome,
2004 1902 2037 1929 ‘IS
2053 1902 2158 1928 sevi-ici·
2177 1901 2252 1928 1256.

1358 1981 1370 1994 α
1392 1969 1429 1998 In
1454 1967 1587 1997 nomine
1609 1965 1752 2001 Clu-isti,
1771 1974 1879 1994 amen.
1903 1964 2092 1999 Johannes,
2110 1963 2331 1994 miseratione

1319 2034 1331 2048 ι)
1356 2021 1469 2050 divina
1487 2020 1599 2050 Sancti
1620 2018 1751 2049 Nicolai
1774 2019 1807 2048 in
1830 2018 1969 2049 Carcere
1987 2017 2141 2048 Tulliano
2166 2017 2332 2047 diaconus

1319 2087 1331 2101 »
1357 2074 1548 2108 cardinalis,
1566 2073 1734 2103 universis
1750 2071 1876 2102 Christi
1893 2070 2046 2100 fidelibus
2065 2070 2099 2100 in
2118 2074 2324 2109 perpetuum.

1320 2140 1332 2154 »
1357 2127 1428 2158 Etsi
1452 2127 1608 2156 dirimere
1627 2125 1810 2162 litigiorum
1833 2123 2022 2159 involucra,
2042 2123 2164 2162 quibus
2187 2122 2327 2153 humani

1320 2193 1332 2207 »
1357 2181 1489 2219 generis
1512 2180 1607 2210 fedus
1631 2178 1842 2216 infringitur,
1867 2177 2048 2207 seditiones
2071 2176 2332 2215 proficiscuntur

1320 2246 1332 2260 »
1357 2233 1525 2264 interdum
1542 2236 1573 2262 et
1589 2231 1755 2266 scandala,
1768 2230 1900 2270 justitie
1916 2230 2006 2268 rigor
2017 2233 2170 2268 exposcat
2182 2228 2241 2259 illa
2256 2237 2327 2268 pre-

1320 2299 1332 2313 »
1358 2286 1473 2317 sertim
1483 2285 1645 2315 adducere
1660 2283 1839 2314 decisionis
1850 2282 1891 2312 ad
1900 2282 2034 2318 exitum,
2049 2291 2123 2321 que,
2138 2281 2327 2312 animarum

1320 2352 1332 2366 n
1358 2348 1423 2370 non
1440 2338 1564 2377 absque
1579 2337 1733 2376 pernitie,
1749 2335 1934 2374 dispendiis
1945 2343 2162 2373 personarum
2175 2338 2206 2364 et
2217 2342 2327 2372 sump-

1320 2405 1332 2420 »
1358 2393 1446 2422 tibus
1463 2391 1524 2422 sub
1543 2390 1799 2420 multiformium
1817 2388 2024 2418 involutione
2041 2395 2258 2426 processuum
2275 2394 2330 2416 ve-

1320 2458 1332 2473 »
1359 2451 1410 2476 tus
1432 2444 1626 2484 propagavit
1649 2443 1848 2482 antiquitas,
1867 2441 2025 2480 equitatis
2048 2439 2239 2478 benignitas
2256 2447 2330 2478 per-

1320 2512 1332 2526 »
1358 2498 1488 2533 suadet,
1508 2502 1541 2527 ut
1566 2496 1795 2527 contentiones
1812 2495 1939 2524 diutine
1965 2493 2080 2524 fomite
2105 2492 2266 2523 subducto
2287 2491 2330 2522 de

1320 2565 1333 2580 »
1358 2552 1466 2582 medio
1482 2551 1652 2588 litigantes
1676 2550 1709 2578 in
1734 2553 1847 2578 mutue
1871 2547 2019 2577 caritatis
2043 2550 2074 2576 et
2092 2545 2182 2584 pacis
2202 2544 2334 2575 unione·

1321 2618 1332 2632 ³³
1358 2605 1534 2644 respirent.

1361 2672 1373 2685 ι)
1399 2660 1485 2689 Sane
1507 2657 1645 2687 materia
1667 2654 1853 2694 questionis
1882 2658 1993 2684 exorta
2017 2652 2156 2682 vertitur
2181 2651 2270 2681 inter
2291 2673 2325 2686 ..,

1321 2725 1333 2739 »
1359 2712 1567 2750 episcopum,
1597 2714 1628 2739 et
1658 2707 1839 2746 capitulum
1865 2705 2127 2737 Colimbrienses
2162 2713 2199 2734 ex
2235 2707 2333 2742 parte

1320 2778 1333 2792 n
1359 2774 1434 2800 una,
1455 2768 1485 2794 et
1503 2787 1534 2799 ..,
1556 2762 1764 2801 episcopum,
1782 2764 1810 2790 et
1829 2758 2011 2798 capitulum
2030 2757 2266 2796 Egitanienses
2289 2763 2328 2786 ex

1321 2831 1333 2845 >i
1360 2817 1479 2851 altera,
1503 2815 1719 2846 ecclesiarum
1740 2822 1874 2843 suarum
1896 2811 2048 2846 nomine,
2072 2819 2170 2848 super
2190 2816 2328 2839 suarum

1321 2885 1333 2898 »
1359 2870 1557 2900 limitatione
1574 2869 1754 2902 diocesum,
1775 2865 1974 2905 quibusdam
1991 2863 2158 2896 ecclesiis,
2177 2869 2327 2901 quorun-

1321 2938 1333 2951 »
1360 2925 1433 2953 dam
1455 2923 1600 2953 locorum
1623 2917 2024 2959 episcopalibusjuribus,
2048 2913 2333 2954 sequestrationis

2477 3316 2490 3325 ι
2470 3242 2490 3298 ,ΠΟ
2469 2874 2498 3230 “z-ntjpiafi'gq
2482 2773 2496 2829 Α..
2485 2745 2490 2757 -
2485 2718 2498 2726 “
2488 2670 2489 2675 Α
