2498 3325
221 237 278 267 324
946 234 1186 266 REGISTRES
1210 233 1518 264 D'ALEXANDRE
1542 236 1597 265 IV.

220 307 281 332 etc.
294 320 341 331 —.
356 302 516 338 Quocirca
530 302 738 337 mandamus,
755 302 913 341 quatinus
926 303 1054 332 fructus
1066 299 1231 339 prebende

220 354 365 392 predicte
385 354 487 383 facias
511 354 574 383 sibi
592 355 685 393 juxta
708 355 934 384 concessionis
956 358 1066 384 nostre
1084 358 1231 383 tenorem

220 407 348 444 integre
370 407 568 436 ministrari.
592 407 871 437 Contradictores.
898 409 947 437 Ita
968 411 1076 436 tamen
1094 406 1180 445 quod
1196 406 1230 435 in

222 459 361 489 ecclesia
386 459 457 497 ipsa
481 459 590 489 debito
615 460 751 489 servitio
777 469 842 489 non
870 460 1052 489 fraudetur.
1078 460 1150 489 Non
1173 459 1231 489 ob-

220 515 327 541 stante
347 512 584 542 constitutione
607 512 645 542 de
667 513 795 542 duabus
816 513 914 542 dietis
934 513 1020 542 edita
1038 513 1070 541 in
1091 512 1231 542 concilio

219 564 378 601 generali,
397 564 572 593 dummodo
589 564 672 595 ultra
689 565 825 595 terciam
841 565 890 594 vel
907 569 1058 604 quartam
1076 569 1136 595 etc,
1155 566 1228 595 Dat.

219 621 253 646 ut
271 626 381 654 supra.
401 630 412 642 υ

293 813 311 840 ¹
320 813 408 841 084

254 875 386 902 Nicolao.
405 877 542 911 episcopo
558 876 773 912 Cameracensi,
797 879 926 913 mandat,
951 883 981 906 ut
997 879 1032 906 de
1055 885 1151 907 cetero
1173 889 1228 907 non

222 925 355 951 molestet
372 924 558 952 Eustachium
572 927 718 960 juniorem
731 927 765 953 de
782 927 874 954 Rodio
886 932 914 955 et
926 929 1068 962 Agnetem
1080 929 1115 956 de
1126 929 1228 956 Trase-

219 973 313 1007 gnies,
328 981 445 999 uxorem
463 975 537 1008 ejus,
557 975 666 1002 nobiles
683 975 840 1008 Hanoniae,
855 981 956 1011 quarto
968 978 1229 1011 consanguinitatis

219 1022 308 1055 gradu
333 1022 365 1047 ad
387 1023 509 1049 invicem
536 1024 722 1059 attingentes,
746 1025 852 1060 quibus
873 1026 958 1052 frater
973 1026 1095 1053 Michael
1119 1027 1229 1054 ordinis

218 1069 338 1096 fratrum
353 1070 585 1098 praedicatorum
599 1072 804 1106 Insulensium,
814 1075 848 1100 de
861 1075 993 1101 mandato
1004 1075 1039 1102 ΙΙ.
1052 1075 1126 1102 tituli
1138 1076 1169 1104 S.
1179 1076 1229 1102 Sa-

219 1118 303 1144 binae
320 1119 479 1154 presbyteri
494 1120 657 1153 cardinalis,
673 1124 743 1148 tunc
759 1122 786 1148 in
803 1131 892 1156 regno
908 1123 1095 1150 Alamanniae
1110 1128 1229 1159 aposto-

218 1166 290 1193 licae
316 1166 401 1193 Sedis
424 1167 508 1201 legati
534 1172 562 1194 et
588 1170 713 1203 praefato
736 1171 851 1204 negotio
876 1171 910 1197 ab
937 1171 1105 1199 Innocentio
1135 1172 1175 1199 IV
1201 1176 1230 1200 et

218 1214 382 1241 Alexandro
399 1215 439 1241 lV
455 1217 619 1249 specialiter
637 1219 802 1249 commissi,
820 1219 1064 1254 dispensationem
1082 1222 1229 1248 matrimo-

219 1262 256 1288 nii
273 1264 429 1296 concessit,
446 1264 499 1292 W.
516 1273 584 1299 rege
603 1265 799 1293 Romanorum
816 1268 1025 1294 consentiente.
1043 1268 1166 1303 Insuper
1182 1269 1230 1296 dat.

218 1310 356 1337 Reniensi
377 1312 596 1348 archiepiscopo
621 1315 801 1349 mandatum,
821 1319 851 1342 ut
873 1325 888 1341 a
910 1317 1108 1343 molestatione
1125 1318 1229 1352 hujus-

217 1359 293 1385 modi
311 1359 549 1387 Canmracensem
566 1363 736 1396 episcopum
762 1368 938 1398 compescat.
955 1365 1038 1397 (Rae.
1056 1365 1107 1398 24,
1123 1365 1142 1392 s.
1162 1365 1226 1398 133,

216 1415 283 1435 ann.
300 1407 338 1438 ΙΙ,
355 1416 380 1434 c.
399 1408 449 1440 7?;
469 1409 614 1437 I‘orrnasr
634 1410 733 1444 16196;
752 1411 932 1445 Rom-neno,
950 1416 970 1439 t.
987 1413 1085 1444 11Ι,ηο
1101 1414 1172 1446 4‘23.)

770 814 883 849 Latran,
901 816 936 843 ‘20
949 818 1062 851 janvier
1082 818 1157 845 1255.

259 1535 271 1548 «
292 1545 324 1558 ..,
344 1524 478 1561 episcopo
496 1525 718 1555 Cameracensi.
735 1526 855 1557 Petitio
871 1527 1067 1558 dilectorum
1083 1529 1229 1559 filiorum

216 1592 266 1603 —.
298 1576 371 1604 Dat.
410 1576 582 1613 Laterani,
615 1578 699 1608 XIII
733 1578 893 1610 kalendas
928 1580 1106 1617 februarii,
1142 1591 1229 1612 anno

216 1627 372 1658 secundo.
390 1640 402 1654 2>

292 1825 410 1855 ¹085

254 1887 403 1914 Fratribus
436 1888 553 1916 Militiae
577 1890 687 1925 Templi
713 1892 859 1926 concedit,
885 1893 919 1919 ad
949 1895 1039 1920 instar
1067 1895 1229 1923 Innocentii

217 1944 307 1970 papae
323 1935 375 1968 IV,
394 1940 424 1963 ut
445 1937 660 1972 redemptiones
685 1944 815 1966 votorum
832 1940 1118 1976 Crucesignatorum,
1136 1944 1229 1978 legata

217 1983 245 2009 in
262 1984 426 2010 subsidium
442 1985 545 2012 Terrae
564 1986 686 2013 Sanctae
705 1991 760 2014 etc.
778 1989 953 2024 ubicumque
969 1992 1129 2026 percipiant
1145 2001 1229 2027 prae-

217 2035 260 2057 ter
275 2040 360 2066 quam
383 2033 410 2059 in
438 2042 527 2068 regno
549 2034 802 2070 Jm-osotymitano.
820 2037 903 2070 (Rea.
920 2038 968 2071 ⁶24,
985 2039 1004 2065 f.
1026 2040 1088 2073 133,
1105 2049 1171 2067 ann.
1189 2040 1227 2073 II,

216 2088 243 2107 c.
261 2081 317 2113 73.)

770 1830 883 1863 Latran,
901 1832 934 1859 ‘23
947 1833 1060 1866 janvier
1080 1833 1156 1861 1256.

259 2209 271 2222 (t
342 2198 489 2234 onayistro
502 2204 528 2227 et
542 2200 694 2235 fratribus
705 2201 815 2230 Militie
832 2203 958 2240 Templi.
974 2203 1105 2233 Dudum
1120 2204 1229 2235 felicis

217 2248 457 2278 recordationis
470 2251 495 2279 Ι.
507 2259 590 2288 papa
602 2251 814 2289 predecessor
826 2258 938 2284 noster
948 2255 1042 2285 vobis
1052 2257 1227 2293 concessit,

217 2304 268 2335 ut,
298 2300 337 2330 de
364 2301 649 2340 redemptionibus
676 2308 826 2335 votorum
851 2306 1166 2345 Crucesignatorum
1195 2310 1230 2338 in

216 2354 316 2383 Terre
336 2354 455 2385 Sancte
475 2355 673 2392 subsidium,
694 2367 776 2396 quos
799 2367 817 2387 a
837 2360 1068 2397 prosecutione
1090 2362 1156 2391 voti
1177 2363 1230 2392 sui

217 2411 394 2444 paupertas
416 2411 447 2436 et
471 2408 652 2446 probabilis
675 2419 892 2447 personarum
915 2412 1070 2443 debilitas
1093 2422 1151 2443 seu
1172 2414 1230 2444 ob-

219 2462 309 2487 tenta
322 2468 379 2497 per
391 2460 509 2489 Sedem
525 2461 738 2499 apostolicam
754 2463 957 2502 dispensatio
974 2471 1181 2497 commutans
1194 2468 1230 2497 in

218 2512 306 2542 reale
338 2512 526 2542 subsidium
557 2515 731 2552 personale
762 2518 988 2548 executionem
1016 2519 1083 2549 voti
1112 2520 1230 2559 hujus-

218 2565 307 2593 modi
326 2570 532 2601 excusarent,
556 2576 684 2597 necnon
706 2572 737 2598 et
755 2569 793 2599 de
810 2570 938 2605 usuris,
956 2571 1084 2609 rapinis
1105 2577 1135 2602 et
1153 2573 1230 2603 aliis

218 2626 426 2656 quocumque
441 2619 536 2648 modo
550 2619 666 2650 illicite
679 2621 853 2660 acquisitis
865 2632 928 2661 que
944 2624 1057 2654 fideles
1072 2625 1230 2656 mandant

218 2669 351 2699 restitui
374 2670 407 2699 in
429 2670 547 2701 ultima
572 2672 741 2703 voluntate
764 2674 815 2703 vel
839 2675 915 2704 dum
932 2676 1058 2712 vivunt,
1078 2678 1178 2707 etiam
1201 2679 1230 2708 si

219 2722 376 2760 sospitate
398 2723 564 2759 fruantur,
592 2725 769 2756 restituere
796 2731 873 2757 sunt
898 2729 1022 2766 parati,
1052 2730 1080 2760 si
1108 2731 1229 2769 quibus

218 2773 336 2804 horum
360 2775 433 2805 fieri
453 2777 621 2807 restitutio
645 2778 759 2808 debeat
781 2779 928 2810 inveniri
955 2790 1020 2811 non
1043 2783 1163 2821 possit,
1190 2784 1229 2814 de

218 2828 427 2857 testamentis
444 2838 574 2868 quoque
598 2830 745 2869 ipsorum
769 2832 917 2862 fidelium
938 2843 1001 2872 que
1022 2834 1176 2873 legantur
1193 2837 1229 2866 in

219 2879 407 2909 subsidium
424 2881 508 2911 dicte
525 2886 610 2913 terre
628 2892 693 2913 non
710 2885 875 2923 expressis
892 2885 974 2917 loeis
991 2887 1160 2927 aliquibus
1177 2889 1229 2920 vel

1316 300 1478 337 personis,
1498 310 1603 339 usque
1622 301 1662 330 ad
1678 310 1842 332 summam
1863 302 1892 332 X
1915 301 2045 331 milium
2066 311 2252 332 marcarum
2273 312 2328 333 ar-

1316 352 1405 390 genti
1423 352 1624 392 ubicumque
1638 353 1783 384 locorum
1799 359 1889 384 extra
1906 363 2044 392 regnum
2060 354 2234 386 Alamanie
2252 364 2328 394 per-

1315 405 1423 443 cipere
1449 405 1615 441 valeretis,
1642 407 1741 437 certis
1768 407 1860 436 vobis
1888 416 1987 446 super
2009 407 2070 437 hoc
2095 408 2327 439 executoribus

1314 457 1491 495 deputatis.
1520 459 1588 488 Nos
1617 463 1726 488 autem
1750 460 1974 498 postmodum,
2005 465 2183 499 antequam
2208 470 2264 491 vos
2291 457 2327 491 u't

1315 510 1476 540 asseritur
1492 511 1706 550 perciperetis
1718 521 1880 541 summam
1898 512 2087 551 hujusmodi
2103 522 2139 542 ex
2154 514 2327 552 premissis

1315 563 1572 594 necessitatibus
1594 568 1625 594 et
1646 565 1815 603 expensis,
1836 565 2020 594 venerabili
2040 566 2133 595 sratri
2153 570 2264 595 nostro
2279 567 2323 602 J.,

1313 616 1500 654 patriarche
1509 616 1790 653 Jerosolimitano,
1801 621 1937 656 paterno
1947 618 2184 656 compatientes
2194 619 2325 654 ati'ectu,

1314 669 1400 707 quod
1419 669 1489 707 ipse
1512 669 1756 708 redemptiones
1773 674 1922 700 votorum
1946 675 1975 699 et
1998 670 2104 708 legata
2125 671 2272 709 predicta
2290 671 2326 701 in

1314 730 1415 759 regno
1437 721 1709 752 Jerosolimitano
1730 723 1924 761 perciperet,
1947 723 2008 752 sub
2025 727 2113 752 certa
2130 724 2236 753 forma
2260 723 2328 754 sibi

1314 773 1468 803 duximus
1491 774 1748 804 concedendum.
1780 774 1939 805 Nolentes
1961 775 2063 811 icitur
2086 775 2126 805 oh
2156 775 2216 806 boc
2239 776 2328 807 inter

1314 827 1454 856 eundem
1470 827 1691 865 patriam-ham
1709 838 1806 867 quem
1824 828 1916 857 vohis
1933 828 2114 865 gratiosum
2129 833 2159 859 et
2173 838 2230 859 vos
2244 838 2327 868 quos

1314 879 1342 909 ei
1358 885 1507 918 acceptos
1525 890 1596 910 esse
1609 881 1760 919 cupimus
1778 881 1920 919 alicujus
1937 882 2136 912 turbationis
2153 883 2327 913 materiam

1313 933 1486 968 suscitari,
1509 933 1580 972 ejus
1597 934 1724 963 inducti
1744 934 1908 972 precibus,
1931 934 1963 963 in
1985 935 2329 973 recompensationem

1313 985 1505 1024 hujusmodi
1522 987 1626 1023 gratie
1645 987 1729 1016 sas-te
1746 987 1839 1016 vohis
1856 987 1889 1016 in
1907 987 1978 1025 ipso
1995 996 2097 1025 regno
2118 988 2329 1019 Jerosolimi-

1314 1043 1400 1073 tano,
1424 1040 1629 1077 presentium
1654 1040 1746 1069 vobis
1766 1040 1961 1070 auctoritate
1983 1040 2212 1076 concedimus,
2235 1045 2272 1071 ut
2291 1041 2328 1071 in

1313 1092 1459 1130 predicto
1484 1101 1584 1129 regno
1605 1092 1779 1122 Alainanie
1803 1102 1839 1122 ac
1859 1092 1939 1122 alibi
1959 1093 2160 1132 ubicumque
2180 1092 2329 1123 locorum

1313 1148 1422 1182 preter
1442 1154 1541 1183 quam
1562 1145 1596 1173 in
1616 1154 1717 1181 regno
1736 1145 2008 1175 Jerosolitnitano
2031 1145 2178 1183 predicto
2194 1154 2252 1184 per
2270 1153 2328 1175 vos

1313 1201 1369 1226 aut
1390 1201 1580 1227 executores
1603 1198 1735 1227 eosdem
1754 1198 1923 1236 percipere
1941 1198 2076 1236 possitis
2093 1198 2240 1236 predicta
2257 1206 2329 1227 om-

1313 1249 1369 1278 nia
1380 1249 1579 1279 inconcussa
1590 1250 1683 1279 vobis
1693 1250 1840 1289 ejusdem
1853 1251 2098 1288 predecessoris
2111 1250 2328 1281 concessione

1312 1300 1569 1339 comprehensa,
1605 1311 1777 1341 quousque
1807 1303 2022 1341 perceperitis
2053 1312 2090 1332 ex
2119 1303 2168 1333 eis
2196 1302 2327 1341 integre

1313 1362 1377 1391 quo
1400 1353 1507 1382 adbuc
1529 1353 1778 1392 percipiendum
1809 1358 1910 1384 restat
1941 1354 1979 1384 de
2010 1363 2140 1384 summa
2170 1355 2326 1393 superius

1312 1410 1504 1435 memorata.
1541 1405 1634 1436 Nulli
1662 1410 1723 1435 etc.
1756 1411 1867 1436 nostre
1895 1407 2122 1437 concessionis
2154 1411 2216 1437 etc.
2248 1408 2324 1437 Dat.

1313 1458 1480 1493 Laterani,
1498 1459 1529 1488 X
1545 1457 1704 1488 kalendas
1721 1458 1894 1494 februarii,
1914 1468 2001 1488 anno
2018 1459 2174 1489 secundo.
2196 1471 2210 1486 ι»

1387 1629 1406 1656 Ι
1414 1629 1502 1657 086

1349 1690 1542 1717 Anteradensi
1559 1694 1586 1717 et
1605 1689 1782 1725 Tripolitano
1800 1690 1946 1724 episcopis
1967 1691 2096 1724 mandat,
2113 1691 2251 1725 quatinus
2272 1699 2328 1726 pa-

1867 1627 1980 1661 liati-an,
1997 1629 2031 1656 ‘28
2043 1629 2158 1664 janvier
2177 1629 2254 1657 1256.

1313 1739 1453 1766 triarchae
1469 1743 1496 1765 et
1513 1739 1635 1774 principi
1648 1739 1839 1765 Antioclienis
1850 1739 2078 1775 quadringentos
2095 1748 2205 1766 marcas
2220 1739 2327 1767 saciant

1313 1788 1491 1822 integraliter
1512 1788 1651 1818 exhiberi,
1670 1787 1744 1822 apud
1768 1788 1923 1821 magistros
1938 1787 2048 1822 Templi
2066 1792 2094 1815 et
2116 1787 2275 1823 Hospitalis
2289 1788 2326 1815 ab

1312 1836 1336 1864 Ι.
1353 1845 1424 1872 papa
1437 1836 1660 1871 praedecessore
1671 1836 1828 1871 depositas.
1838 1835 1919 1870 (nto.
1932 1836 1975 1867 24,
1988 1837 2007 1863 Γ.
2021 1837 2092 1868 133’,
2104 1845 2170 1864 ann.
2183 1836 2220 1871 lt,
2231 1845 2258 1864 c.
2268 1837 2322 1870 74.)

1355 1950 1367 1964 α
1389 1961 1421 1972 ..,
1439 1937 1651 1967 Anteradensi.
1669 1942 1695 1966 et
1713 1960 1745 1972 ..,
1767 1937 1956 1974 Tripolitano
1977 1939 2132 1976 episcopis.
2151 1939 2249 1968 Lecta
2265 1947 2327 1968 no-

1313 1990 1364 2019 bis
1383 1989 1586 2019 venerabilis
1604 1989 1717 2018 fratris
1735 1990 1840 2019 nostri
1855 2013 1887 2024 ..,
1907 1990 2093 2028 patriarche
2110 1990 2323 2027 Antiocheni‚

1312 2043 1428 2081 petitio
1449 2043 1651 2078 continebat,
1680 2043 1777 2081 quod,
1805 2042 1881 2072 licet
1904 2043 2014 2073 felicis
2037 2043 2276 2074 recordationis
2298 2044 2325 2074 Ι.

1312 2105 1396 2135 papa
1419 2096 1633 2134 predecessor
1656 2100 1782 2131 noster,
1806 2096 1844 2126 de
1861 2096 2001 2126 fratrum
2019 2105 2155 2126 suornm
2171 2096 2323 2133 consilio,

1313 2151 1353 2179 A.
1376 2149 1515 2187 Templi,
1542 2152 1572 2179 et
1599 2172 1631 2183 ..,
1656 2148 1840 2187 Hospitalis
1859 2149 2124 2179 Jerosolirnitani
2142 2149 2324 2188 magistris,

1314 2202 1492 2241 quamdam
1515 2202 1549 2231 in
1574 2211 1653 2231 auro
1677 2206 1707 2232 et
1732 2206 1868 2239 argento
1890 2202 2031 2240 pecunie
2055 2211 2219 2232 summam
2239 2202 2328 2241 apud

1314 2255 1446 2286 eosdem
1460 2255 1638 2293 magistros
1650 2254 1832 2293 depositam
1848 2255 1912 2293 ipsi
1928 2254 2141 2293 patri[arche]
2155 2264 2192 2285 ac
2205 2255 2326 2286 dilecto

1313 2308 1383 2338 filio
1406 2308 1510 2338 nobili
1530 2308 1600 2337 viro
1622 2330 1654 2342 ..,
1679 2307 1822 2345 principi
1844 2307 2065 2342 Antiocheno,
2086 2307 2247 2343 exhiheri,
2267 2317 2326 2347 per

1313 2370 1433 2390 manus
1449 2369 1562 2391 eorum
1580 2360 1614 2389 in
1636 2359 1811 2389 tuitionem
1833 2359 1971 2389 ecclesie
1988 2368 2024 2389 ac
2045 2360 2191 2389 civitatis
2206 2360 2326 2391 Antio-

1314 2415 1418 2444 cheno
1433 2413 1690 2452 expendendam,
1707 2412 1849 2441 fideliter
1863 2412 2099 2447 mandavisset,
2116 2413 2209 2443 vobis
2225 2422 2326 2452 super

1314 2467 1376 2497 hoc
1399 2466 1630 2497 executoribus
1654 2465 1838 2503 deputatis,
1864 2465 2010 2495 nondum
2038 2465 2211 2510 tamen-de
2236 2465 2325 2496 dicta

1314 2519 1455 2559 pecunia
1475 2519 1540 2548 nisi
1563 2522 1726 2548 trecentas
1748 2522 1779 2547 et
1796 2518 1858 2547 XX
1875 2526 2004 2547 marcas
2021 2527 2103 2556 quas
2120 2517 2168 2548 eis
2183 2518 2324 2556 predicti

1314 2572 1498 2611 Hospitalis
1523 2571 1681 2609 magister
1705 2570 1853 2601 exhibuit
1880 2570 2002 2600 hahere
2028 2570 2240 2609 aliquatenus
2264 2579 2324 2609 po-

1315 2630 1450 2656 tuerunt
1464 2635 1470 2654 ι
1485 2629 1515 2655 et
1530 2633 1730 2663 quamquam
1744 2623 1850 2661 ipsius
1861 2623 1989 2661 Templi
2003 2623 2162 2660 magister
2175 2623 2323 2653 Gerardo

1314 2680 1352 2709 de
1370 2677 1644 2718 P0n[te]tremulo
1662 2676 1792 2711 clerico,
1811 2677 1958 2714 ipsorum
1973 2676 2160 2714 patriarche
2177 2685 2214 2706 ac
2229 2676 2323 2714 prin-

1314 2732 1397 2771 cipis
1423 2729 1627 2770 procuratori
1653 2733 1683 2759 et
1709 2729 1831 2758 nuncio
1855 2737 1969 2758 eorum
1992 2729 2138 2764 nomine,
2163 2728 2324 2767 quadrin-

1314 2788 1429 2823 gentas
1449 2792 1578 2813 marcas
1599 2782 1834 2819 sterlingorum
1856 2781 1894 2810 de
1912 2781 2059 2820 predicta
2075 2790 2205 2811 summa
2222 2790 2323 2820 pecu-

1313 2837 1368 2867 nie
1397 2835 1628 2875 persolvisset,
1659 2834 1766 2871 exegit
1794 2838 1904 2863 tamen
1932 2838 1963 2864 et
1989 2834 2114 2872 recepit
2139 2834 2179 2864 ab
2207 2834 2324 2865 eodem

1313 2889 1432 2920 clerico
1459 2888 1682 2927 predictorum
1710 2886 1898 2925 patriarche
1929 2895 1964 2915 ac
1996 2886 2158 2924 principis
2188 2886 2323 2917 nomine

2473 2950 2485 3004 -v-
2474 2656 2494 2934 mrqum—onnp—-q
2483 2599 2498 2628 χ(
2485 2510 2498 2582 ..,..

2457 3226 2484 3325 Nu}
2478 3214 2482 3217 .
2464 3131 2487 3202 ας.
2466 3043 2492 3124 «μ’«μ
2479 3028 2482 3034 ,
