2498 3325
199 238 255 266 ‘202
923 237 1162 268 REGISTRES
1186 236 1494 269 D’ALEXANDRE
1517 240 1571 270 IV.

197 306 346 332 mentum
370 301 505 331 honoris
524 303 682 341 consequi
706 307 736 333 et
760 303 794 332 in
814 303 980 342 prosperis
1003 303 1119 333 debeat
1140 311 1210 332 am-

195 354 304 392 pliari.
328 354 487 390 Quocirca
514 355 750 385 discretionem
774 360 863 386 tuam
884 365 1056 386 monemus
1078 360 1107 385 et
1131 355 1208 385 lior-

196 411 305 436 tamur
321 410 444 436 attente
467 407 661 438 mandantes
683 408 770 447 quod
792 408 931 439 ecclesie
955 409 1016 438 tibi
1032 408 1208 438 commisse

196 459 306 488 taliter
324 468 456 497 preesse
478 460 612 490 studeas
629 465 659 490 et
682 461 854 499 prodesse,
873 461 959 500 quod
981 461 1114 499 dignam
1140 462 1207 491 Deo

195 512 312 541 exinde
327 511 463 542 reddere
476 512 585 542 valeas
599 513 774 543 rationem.
790 514 863 543 Dat.
879 514 1041 551 Anagnie,
1056 515 1088 544 II
1102 522 1206 544 nonas

194 565 338 601 augusti,
357 573 443 594 anno
462 565 578 603 primo.
600 578 612 592 n

230 687 261 714 In
283 696 309 713 e.
335 696 371 714 m.
393 689 521 722 capitulo
541 688 700 716 Veronensi
718 699 811 725 usque
830 702 835 717 :
852 691 997 726 ampliari,
1014 692 1112 718 verbis
1127 700 1207 719 com-

193 740 323 771 petenter
348 737 503 764 mutandis.
528 737 680 771 Rogamus
703 739 798 773 itaque
825 740 1040 766 universitatem
1068 744 1205 775 vestram,

192 793 345 812 monemus
361 789 388 811 et
406 786 554 812 hortamur
569 790 677 813 attente
696 788 865 814 mandantes
881 789 1018 822 quatinus
1034 788 1140 824 ipsum,
1157 789 1205 816 cui

193 834 304 868 plenam
328 834 420 868 ipsius
443 835 566 861 ecclesie
586 835 613 862 in
630 836 830 870 spiritualibus
847 841 874 863 et
891 838 1098 873 temporalibus
1112 838 1205 865 admi-

194 883 394 909 nistrationem
412 883 624 918 commisimus,
637 892 702 911 cum
717 885 752 910 ad
770 894 820 912 vos
837 887 1008 920 pervenerit,
1021 886 1204 914 admittentes

191 930 309 965 ylariter
323 935 351 957 et
368 931 480 965 devote,
496 932 550 958 sibi
567 936 701 967 tanquam
715 934 787 968 patri
799 938 827 960 ct
842 936 947 969 pastori
963 935 1122 962 animarum
1140 944 1203 962 ves-

192 983 300 1006 trarum
321 979 446 1006 debitam
471 980 662 1008 obedientiam
683 986 711 1008 et
732 984 921 1010 reverentiam
938 984 1121 1018 impendatis,
1139 987 1204 1020 ejus

193 1027 319 1054 salubria
343 1029 449 1054 monita
473 1033 501 1055 et
524 1029 656 1056 mandata
679 1031 865 1066 suscipiendo
886 1032 988 1059 devote
1004 1041 1037 1059 ac
1051 1033 1207 1064 efficaciter,

192 1075 374 1110 adimplendo
389 1085 393 1107 ζ
417 1077 455 1102 ita
474 1077 549 1111 quod
571 1078 633 1112 ipse
653 1078 679 1104 in
699 1080 780 1106 vobis
795 1080 956 1107 devotionis
972 1081 1046 1108 filios
1061 1086 1089 1108 et
1105 1091 1156 1109 vos
1173 1083 1201 1109 in

193 1131 227 1149 eo
244 1127 351 1158 patrem
371 1125 516 1151 invenisse
530 1126 692 1154 benivolum
709 1128 876 1161 gaudeatis3
890 1130 1014 1164 alioquin
1029 1131 1202 1158 sententiam

192 1180 276 1205 quam
301 1172 374 1198 idem
398 1173 450 1198 rite
472 1174 569 1200 tulerit
588 1179 644 1201 etc.
667 1184 758 1209 usque
777 1187 782 1202 :
800 1177 957 1204 observari.
975 1178 1040 1206 Dat.
1057 1182 1202 1214 utsupra.

228 1220 260 1246 In
277 1229 302 1247 e.
322 1230 358 1247 m.
375 1222 452 1248 clero
469 1223 593 1249 civitatis
605 1227 632 1250 et
648 1224 776 1251 diocesis
796 1225 1015 1254 Veronensium.

231 1268 261 1295 ln
272 1278 298 1295 e.
311 1278 348 1296 m.
359 1271 464 1304 populo
475 1272 599 1298 civitatis
610 1277 638 1298 et
649 1273 775 1300 diocesis
787 1273 998 1302 Veronensium
1012 1285 1122 1312 usque:
1137 1287 1202 1312 pet·-

192 1318 313 1350 venerit,
327 1319 501 1353 recipientes
511 1321 629 1355 ylariter
640 1325 668 1348 et
681 1323 800 1350 honeste
814 1327 978 1357 tractantes,
994 1326 1049 1361 ipsi
1066 1331 1200 1362 tanquam

191 1367 262 1400 patri
279 1371 306 1393 et
324 1369 430 1401 pastori
447 1369 606 1396 animarum
624 1374 781 1397 vestrarum
800 1372 881 1406 plene
896 1382 930 1399 ac
946 1374 1090 1401 humiliter
1106 1376 1202 1402 inten-

190 1414 266 1440 datis
287 1419 314 1441 et
336 1415 498 1443 exhibeatis
520 1417 766 1446 honorificentiam
788 1420 912 1448 debitam
929 1426 957 1448 et
972 1423 1117 1454 devotam,
1135 1426 1201 1458 ejus

190 1463 314 1490 salubria
329 1465 434 1490 monita
446 1469 473 1490 et
487 1465 619 1492 mandata
630 1467 817 1502 suscipiendo
834 1469 936 1496 devote
950 1479 983 1497 ac
999 1471 1201 1499 inviolabiliter

189 1511 379 1539 observando.
397 1513 440 1539 Ita
451 1514 526 1548 quod
542 1515 602 1549 ipse
613 1519 668 1543 etc.
684 1525 775 1551 usque
789 1527 795 1544 ι
808 1518 968 1551 gaudeatis.
982 1519 1047 1547 Dat.
1060 1524 1199 1557 utsupra.

261 1717 346 1745 6137

227 1778 342 1805 Hectori
371 1784 399 1806 et
429 1781 575 1815 prioribus
605 1782 801 1810 Poenitentiae
829 1785 900 1813 Jesu
932 1786 1038 1814 Christi
1066 1790 1198 1818 concedit

189 1827 333 1853 licentiam
360 1829 504 1855 tribuendi
530 1831 667 1857 fratribus
692 1832 802 1860 ordinis
826 1834 854 1860 in
881 1836 1042 1871 theologica
1065 1838 1199 1866 facultate

188 1876 334 1910 provectis
351 1877 592 1911 praedicationem
611 1880 690 1906 verbi
707 1880 771 1908 Dei.
790 1882 872 1915 (Rau.
889 1884 938 1918 24,
959 1893 985 1912 c.
1008 1886 1075 1919 542,
1091 1887 1109 1912 s.
1128 1887 1195 1920 79v.)

748 1723 873 1758 Anagni‚
890 1725 925 1752 29
937 1726 1032 1760 juillet
1049 1727 1126 1755 1255.

231 2002 242 2015 ι(
263 2013 294 2024 ..,
310 1993 430 2021 rectori.
444 1998 469 2021 e!
481 1995 638 2030 prioribus
651 1997 818 2026 l’enitentie
830 1999 921 2028 lesesu
935 2000 1058 2037 Christi,
1077 2003 1198 2033 ordinis

187 2044 288 2071 sancti
310 2045 489 2081 Auyustini.
514 2046 595 2076 Cum
619 2047 654 2076 in
678 2057 733 2078 ore
754 2050 935 2087 peritorum
951 2052 1195 2091 religiosorum,

187 2095 330 2125 maxime
357 2106 497 2135 quornm
521 2098 588 2128 vita
613 2101 830 2137 predicationi
848 2105 1038 2142 concordat,
1060 2108 1198 2138 verbum

187 2148 321 2177 Domini
346 2158 418 2179 esse
442 2159 505 2179 non
530 2151 645 2181 debeat
668 2153 851 2191 alligatum,
875 2159 1082 2194 presentium
1104 2161 1198 2191 vobis

188 2201 383 2231 auctoritate
402 2203 631 2239 concedimus,
652 2209 687 2234 ut
711 2206 871 2237 fratribus
894 2210 996 2239 vestri
1016 2212 1144 2243 ordinis
1162 2214 1197 2243 in

190 2251 373 2290 theologica
398 2255 554 2285 facultate
579 2259 754 2294 provectis,
779 2262 984 2299 proponendi
1002 2263 1041 2294 de
1060 2264 1198 2296 licentia

187 2304 439 2336 ‹liocesanorum
456 2308 585 2346 populis
605 2311 742 2340 verbum
760 2313 821 2342 Dei
840 2315 1028 2346 concedatis
1043 2316 1194 2356 liberam,

186 2362 283 2393 prout
302 2358 469 2389 honestati
490 2361 637 2392 Ecclesie
661 2372 697 2393 ac
717 2365 905 2395 animarum
925 2368 1025 2398 saluti
1044 2372 1197 2409 expedire

186 2408 345 2445 videatis,
364 2412 573 2443 facultatem.‘
590 2416 663 2445 Dat.
684 2418 853 2455 Anagnie‚
873 2421 940 2451 IIII
962 2421 1026 2451 kal.
1049 2425 1194 2462 augusti,

186 2469 274 2490 anno
289 2472 406 2500 primo.
428 2477 440 2490 »

259 2673 346 2702 688

226 2735 375 2769 [Alba-tol,
400 2738 618 2775 archiepiscopo
645 2742 777 2777 Rigonsi,
804 2746 947 2774 licentiam
972 2752 1104 2779 concedit
1133 2754 1196 2780 sine

183 2784 248 2816 jure
267 2784 441 2818 praejudicio
457 2787 558 2822 alieni,
577 2793 622 2822 ut,
640 2799 706 2818 cum
723 2795 826 2827 pagani
843 2794 1060 2831 'Wathlandiaffi
1079 2800 1195 2836 Ingriae

185 2835 213 2856 et
237 2831 362 2859 Cat-eliae
378 2835 542 2868 provinciae
566 2845 646 2872 suae,
662 2840 803 2868 idolorum
827 2843 907 2870 cultu
925 2846 1033 2878 relicto,
1059 2848 1194 2883 baptismi

188 2880 274 2906 velint
290 2882 440 2916 suscipere
455 2890 683 2922 sacramentum,
702 2890 846 2923 praeficiat
860 2892 912 2927 eis,
930 2898 1082 2930 postquam
1099 2898 1195 2933 bapti-

786 2684 911 2729 Anagni,
930 2686 944 2713 3
961 2689 1028 2715 aout
1047 2689 1123 2717 1255.

1291 303 1345 329 zati
1370 304 1485 336 fuerint,
1513 305 1636 340 aliquem
1658 308 1752 334 virum
1777 307 1812 334 ad
1835 308 1890 335 hoc
1911 308 2045 336 idoneum
2069 310 2097 336 in
2119 310 2301 346 episcopum.

1291 353 1375 385 (Rae.
1392 353 1437 383 ⁶24.
1454 362 1479 382 c.
1497 354 1559 388 543,
1576 355 1595 382 f.
1613 355 1677 387 79v;
1695 355 1844 384 Por-runi·
1860 357 1968 390 1597‘2.)

1332 469 1346 483 «
1378 480 1410 492 ..,
1439 457 1666 495 archiepiscopo
1696 458 1829 495 Riyensi.
1863 458 1910 489 Ex
1938 462 2030 498 parte
2063 463 2120 490 tua
2147 477 2196 489 —-.
2225 460 2300 490 Dat.

1289 509 1453 547 Anagnie‚
1472 510 1523 540 111
1538 518 1643 540 nonas
1662 511 1806 549 augusti,
1825 520 1912 542 anno
1927 511 2046 550 primo.
2066 523 2079 538 n

1326 748 1458 784 Philippo
1482 748 1610 780 Luvello.
1632 749 1811 777 thesaurario
1836 750 1915 785 regis
1937 750 2070 786 Angliae.
2096 751 2236 786 indulget.
2258 754 2300 787 ut,

1289 801 1401 832 praeter
1416 798 1532 825 obtenta
1547 806 1581 824 ex
1596 797 1813 833 dispensatione
1829 799 1999 834 apostolica,
2012 799 2131 827 unicum
2145 800 2240 827 adhuc
2251 800 2302 827 be-

1288 846 1423 872 neficium
1440 854 1491 873 seu
1510 850 1695 881 personatum
1712 847 1755 874 vel
1772 847 1942 882 dignitatem
1959 848 2197 881 ecclesiasticam,
2214 849 2301 877 etiam

1287 895 1312 921 si
1333 903 1431 921 curam
1457 895 1618 922 animarum
1641 895 1752 927 habeat.
1777 896 1854 923 licite
1876 896 2008 932 recipere
2028 897 2130 926 valeat.
2154 897 2236 929 (Rau.
2254 897 2298 932 24,

1286 951 1312 970 c.
1330 943 1390 974 544,
1406 944 1423 970 f.
1442 943 1509 976 79v.)

1888 689 2016 724 Anagni,
2033 689 2048 717 3
2063 690 2132 717 nont
2148 689 2229 717 1255.

1328 1057 1341 1071 «
1359 1046 1508 1084 Phylippo
1526 1047 1662 1082 Luvello,
1681 1048 1839 1085 capellano
1853 1053 1966 1084 nostro,
1987 1049 2182 1078 thesaurario
2197 1049 2298 1078 caris-

1284 1099 1358 1127 simi
1384 1099 1417 1126 in
1444 1099 1563 1127 Christo
1586 1099 1649 1136 filii
1671 1100 1785 1134 nostri,
1809 1100 1889 1137 reyis
1916 1101 2024 1138 Anglie
2053 1101 2197 1130 illustris.
2225 1098 2298 1130 Etsi

1284 1154 1416 1188 propter
1432 1150 1632 1181 ambitiones
1650 1168 1699 1180 —.
1717 1152 1791 1181 Dat.
1810 1155 1846 1181 ut
1862 1160 1971 1190 supra.
1993 1164 2006 1178 ι)

1355 1327 1444 1357 (3¹20
1841 1328 1968 1363 Anagni,
1986 1328 2017 1356 31
2031 1328 2128 1363 juillet
2143 1328 2222 1356 ¹255.

1319 1390 1549 1424 Archiepiscopo
1566 1388 1720 1416 Bisuntino
1737 1389 1862 1422 mandat,
1882 1391 2020 1424 quatinus
2036 1390 2173 1423 Guidoni,
2190 1390 2297 1418 rectori

1283 1439 1423 1464 ecclesiae
1434 1439 1469 1465 de
1480 1438 1618 1464 Corcellis
1629 1439 1657 1464 in
1673 1437 1767 1464 Bosco
1780 1437 1984 1466 cabilonensis
1993 1438 2130 1473 diocesis,
2142 1439 2295 1466 ecclesiam

1283 1487 1318 1514 de
1334 1487 1475 1522 Bet-gilles
1492 1487 1662 1514 Bisuutinae
1677 1487 1804 1514 diocesis
1819 1488 1968 1523 assignet,
1985 1487 2114 1515 Hei-ardo
2130 1491 2242 1515 rectore
2259 1488 2296 1516 de

1284 1535 1426 1570 Bergilles
1449 1536 1601 1562 ecclesiam
1627 1536 1662 1562 de
1685 1535 1824 1565 Coi-cellis
1846 1544 1913 1563 cum
1938 1537 2031 1563 vineis
2053 1536 2196 1563 Guidonis
2219 1537 2296 1564 reci-

1283 1585 1389 1621 piente,
1417 1586 1441 1612 si
1468 1585 1596 1620 episcopi
1621 1584 1757 1611 ordinarii
1783 1585 1988 1620 permutationi
2014 1586 2201 1612 consensisse
2226 1593 2297 1613 nos-

1282 1638 1394 1661 cantur.
1411 1633 1495 1667 (Rae.
1513 1634 1557 1667 24,
1573 1642 1598 1660 c.
1616 1634 1678 1665 545,
1693 1634 1712 1660 f.
1726 1634 1792 1665 79v.i

1325 1749 1337 1763 «
1430 1737 1656 1774 archiepiscopo
1679 1737 1853 1765 Bisuntino.
1884 1735 1952 1766 Sua
1974 1735 2070 1766 nobis
2093 1735 2207 1766 dilecti
2232 1734 2296 1765 filii

1281 1788 1390 1819 Guido
1409 1793 1440 1818 et
1456 1788 1626 1818 Herardus
1650 1788 1829 1826 presbiteri
1854 1787 2016 1826 petitione
2041 1791 2178 1818 monent
2194 1787 2292 1827 quod,

1281 1851 1356 1872 cum
1372 1842 1459 1871 idem
1478 1842 1516 1871 G.
1535 1840 1710 1871 ecclesiam
1726 1841 1765 1871 de
1785 1840 1945 1872 Corcellis
1963 1841 1998 1870 in
2021 1841 2143 1876 Bosco,
2161 1840 2295 1871 Cabilo-

1281 1894 1397 1925 nensis
1418 1894 1577 1929 diocesis,
1597 1894 1691 1933 cujus
1715 1898 1793 1923 tunc
1814 1897 1883 1924 erat
1907 1898 2026 1929 rector,
2049 1902 2124 1923 cum
2141 1893 2228 1923 dicto
2250 1894 2292 1923 H.

1281 1946 1456 1977 ecclesiam
1472 1947 1511 1976 de
1528 1946 1702 1985 Bergilles‚
1722 1950 1776 1976 tue
1793 1946 1947 1982 diocesis,
1967 1951 2045 1976 tunc
2061 1946 2219 1985 temporis
2235 1945 2294 1976 ob-

1280 1999 1407 2029 tinebat
1425 1999 1464 2030 de
1482 1999 1619 2029 licentia
1635 2004 1665 2029 et
1685 1999 1880 2029 auctoritate
1895 2003 1951 2029 tua
1965 2003 1995 2029 et
2009 1998 2212 2029 venerabilis
2226 1999 2292 2029 fra—

1280 2052 1341 2082 tris
1358 2052 1463 2082 nostri
1476 2051 1710 2082 Cabilonensis
1727 2051 1884 2090 episcopi,
1899 2051 1935 2081 in
1949 2060 2090 2090 quorum
2103 2051 2293 2082 diocesibus

1281 2104 1420 2135 ecclesie
1445 2105 1516 2143 ipse
1541 2105 1729 2134 consistunt
1754 2108 1785 2134 et
1811 2104 1851 2133 ad
1877 2103 2054 2142 utriusque
2081 2103 2293 2134 collationem

1279 2158 1459 2196 pertinent,
1483 2157 1669 2187 adinvicem
1684 2160 1943 2195 permutassent,
1961 2156 2116 2195 idemque
2132 2156 2171 2186 G.
2191 2164 2293 2195 quas-

1281 2211 1355 2240 dam
1365 2210 1479 2240 vineas
1489 2210 1529 2239 ad
1541 2209 1687 2248 aliquam
1697 2210 1860 2239 dictarum
1870 2208 2088 2239 ecclesiarum
2099 2208 2292 2239 nullatenus

1280 2263 1485 2301 pertinentes
1502 2267 1611 2301 preter
1629 2262 1868 2292 conscientiam
1891 2266 1980 2291 tuam
2002 2265 2033 2291 et
2058 2261 2204 2300 episcopi
2222 2270 2293 2291 me-

1280 2316 1399 2346 morati
1414 2315 1454 2345 ad
1469 2315 1571 2345 vitam
1589 2324 1694 2350 suam,
1715 2314 1893 2345 contulerit
1909 2314 1996 2344 dicto
2014 2314 2055 2344 H.
2074 2317 2111 2343 ut
2122 2317 2292 2352 permuta-

1280 2369 1404 2399 tionem
1422 2368 1614 2407 hujusmodi
1630 2368 1790 2398 libentius
1810 2371 2006 2405 acceptaret,
2025 2375 2085 2396 nec
2103 2366 2182 2396 dicti
2198 2375 2293 2405 pres-

1279 2421 1379 2452 biteri
1393 2421 1583 2452 dubitantes
1598 2430 1639 2451 ne
1654 2425 1787 2459 propter
1802 2420 1863 2450 hoc
1877 2419 2019 2458 impingi
2032 2419 2137 2458 possit
2153 2419 2201 2449 eis
2215 2423 2293 2448 nota

1281 2474 1443 2513 symonie⁷
1458 2474 1553 2504 nobis
1565 2474 1739 2504 humiliter
1755 2473 1996 2511 supplicarunt,
2014 2476 2061 2507 ut,
2076 2471 2294 2510 ecclesiarum

1279 2527 1427 2565 ipsarum
1442 2527 1482 2556 ab
1496 2526 1544 2556 eis
1555 2526 1660 2557 libera
1670 2526 1897 2564 resignatione
1911 2529 2054 2563 recepta,
2067 2524 2230 2563 prefatam
2243 2532 2292 2555 ec-

1280 2581 1415 2612 clesiam
1432 2581 1471 2611 de
1487 2581 1647 2612 Corcellis
1663 2590 1737 2611 cum
1754 2580 1863 2610 vineis
1881 2579 2058 2609 antedictis
2075 2579 2183 2609 eidem
2198 2579 2237 2609 G.
2255 2587 2293 2609 ac

1279 2634 1401 2663 dictam
1426 2634 1601 2664 ecclesiam
1622 2634 1661 2664 de
1682 2633 1846 2671 Bergilles
1871 2633 1998 2671 prefato
2024 2632 2064 2662 H.
2087 2631 2232 2672 conferri
2252 2631 2292 2662 de

1279 2692 1393 2717 nostra
1406 2687 1511 2725 gratia
1525 2688 1722 2718 faceremus.
1735 2686 1898 2723 Quocirca
1909 2685 2105 2715 mandamus
2119 2684 2290 2724 quatinus,

1280 2739 1308 2769 si
1335 2740 1573 2778 permutationi
1599 2739 1791 2779 hujusmodi
1822 2743 1857 2768 tu
1885 2742 1915 2768 et
1942 2737 2092 2776 prefatus
2117 2737 2291 2775 episcopus
2319 2761 2324 2764 .

1278 2793 1465 2822 noscamini
1483 2793 1705 2827 consensisse,
1725 2791 1831 2821 libera
1847 2791 1996 2829 ipsarum
2016 2789 2233 2820 ecclesiarum
2250 2788 2291 2819 ab

1279 2844 1404 2875 eisdem
1421 2845 1616 2883 presbiteris
1635 2844 1862 2882 resignatione
1878 2846 2011 2881 recepta
2027 2845 2058 2871 et
2073 2841 2225 2881 injuncta
2241 2841 2290 2871 eis

1276 2897 1461 2935 penitentia
1478 2898 1627 2934 salutari,
1648 2907 1723 2928 cum
1739 2906 1794 2928 eos
1810 2895 1997 2926 remordeat
2013 2894 2217 2925 conscientia
2234 2902 2294 2924 eo-
