2498 3325
1004 245 1227 283 PREMIERE
1248 244 1408 280 ANNEE.
2200 251 2258 279 ‘207

157 324 315 351 Remensis
331 326 359 349 et
376 322 620 356 Rothomagensis
633 322 845 356 provinciarum
858 320 892 346 ad
904 320 1042 346 ecclesiae
1055 325 1170 344 monas-

158 372 223 399 terii
253 371 287 397 de
312 371 504 397 Abbatisvilla
531 371 739 405 reparationem
769 369 984 403 adjuvantibus.
1011 367 1092 401 (Hm.
1118 365 1168 397 24,

158 429 186 447 c.
204 420 266 452 80⁵2,
284 420 302 446 f.
322 419 391 450 119.)

203 532 217 547 cx
239 521 394 549 L'nirersis
413 520 527 549 Christi
546 519 685 556 fidelibus
699 527 755 556 per
774 519 942 547 Remensem
964 520 989 544 et
1009 515 1171 544 1101110010-

159 582 279 610 yensem
299 573 479 610 provincias
499 573 683 600 constitiiti's.
705 570 869 607 Quoniam
890 573 926 598 111
947 568 992 597 ait
1013 585 1061 596 —.
1088 567 1171 597 Cum

160 625 277 663 igitur,
295 624 380 654 sicut
397 624 595 662 accepimus,
614 623 726 653 dilecti
742 622 803 651 filii
869 621 968 659 prior,
987 624 1171 649 01000100-

163 681 218 707 tus
240 676 436 706 monasterii
457 676 494 705 de
516 675 752 705 Abbatisvilla.
776 673 1009 704 Cluniaeensis
1032 671 1170 705 ordinis,

162 729 402 759 Ambianensis
419 728 577 762 diocesis,
597 727 770 757 ecclesiam
787 726 821 755 in
841 725 954 755 eodem
971 723 1172 753 monasterio

162 781 262 811 sitam
279 790 432 818 reparare
449 781 634 818 inceperint
650 789 746 818 opere
768 779 948 817 plurimum
967 781 1169 814 sumptuoso,

162 834 297 872 sintque
315 833 354 862 ad
371 833 655 862 consumationem
672 832 755 861 tanti
773 830 881 868 operis
898 829 1044 859 fidelium
1063 828 1173 858 subsi-

163 886 218 916 dia
236 890 412 924 oportuna,
430 884 684 914 universitatem
701 887 844 913 vestram
862 887 922 911 etc.
941 890 1047 919 usque
1071 891 1076 908 :
1098 889 1172 917 per-

162 939 288 968 venire.
300 938 368 967 Nos
381 937 480 971 enim,
494 937 531 966 de
541 935 786 974 Omnipotentis
798 935 858 964 Dei
871 933 1096 963 misericordia
1110 936 1168 961 010.

162 1000 268 1030 usque
281 1001 286 1020 z
300 990 506 1029 adjutricem.
522 990 663 1019 Centum
675 989 745 1018 dies
760 992 820 1017 etc.
832 996 937 1025 usque
952 996 958 1015 :
973 985 1170 1015 relaxamus.

163 1043 380 1074 presentibus
404 1046 476 1080 post
499 1041 785 1072 consumationem
806 1040 914 1078 operis
936 1039 1072 1067 minime
1089 1037 1173 1066 vali-

161 1097 256 1127 turis.
273 1098 344 1126 Dat.
365 1096 532 1130 Laterani,
548 1096 597 1125 111
614 1095 688 1124 idus
705 1093 899 1128 decembris,
920 1101 1005 1122 anno
1021 1091 1139 1129 primo.
1158 1103 1169 1116 n

234 1272 320 1299 992

199 1332 325 1365 Jacobo,
347 1332 525 1366 patriarchae
549 1331 805 1365 Joromlymitano,
828 1332 928 1365 plenae
944 1331 1097 1365 legationis
1113 1330 1173 1356 offi-

688 1270 805 1302 Latran,
822 1271 837 1297 7
854 1270 1004 1296 decembre
1024 1270 1100 1296 1255.

163 1382 251 1411 cium,
265 1385 321 1406 tam
338 1380 365 1406 in
384 1381 530 1415 provincia
545 1379 784 1414 Jerosolymitana
797 1388 881 1414 quam
898 1381 983 1405 etiam
1001 1380 1026 1405 in
1045 1379 1172 1405 exercitu

163 1429 338 1461 christiano,
362 1429 536 1462 ubicumque
560 1437 609 1462 pro
633 1427 766 1454 subsidio
786 1428 890 1454 Terrae
911 1428 1032 1453 Sanctae
1052 1429 1079 1453 in
1099 1427 1174 1453 dicta

163 1477 312 1511 provincia
327 1477 422 1510 fuerit,
439 1477 602 1503 committit.
619 1476 796 1510 (1110210.
813 1476 874 1508 803,
892 1476 911 1502 l‘.
932 1476 1008 1507 tien
1028 1475 1174 1502 PorTnxsr

165 1525 275 1558 16101)

205 1639 219 1653 ιι
238 1626 344 1655 Jacobo
356 1648 362 1660 ,
380 1626 559 1663 patriarche
573 1627 835 1660 Jerosolimitano,
857 1627 1016 1663 apostolice
1031 1626 1114 1655 Sedis
1131 1627 1173 1655 le-

161 1684 243 1716 yato.
268 1678 318 1707 Ad
344 1682 465 1707 statum
488 1679 587 1708 Terre
611 1678 729 1708 Sancte
754 1678 872 1708 intime
895 1666 1173 1708 considerationis

162 1731 270 1761 aciem
286 1730 479 1767 dirigentes,
498 1739 534 1760 eo
557 1730 753 1768 propensius
771 1730 943 1768 vigilantie
961 1731 1069 1760 studio
1086 1731 1174 1761 circa

160 1783 270 1821 ipsius
286 1783 453 1820 profectus
469 1782 641 1812 intendere
658 1783 817 1820 cogimur,
834 1792 898 1821 quo
914 1792 986 1813 eam
1002 1783 1079 1813 fidei
1096 1793 1173 1813 nos-

162 1840 213 1866 tre
241 1839 384 1865 actorem
410 1835 505 1865 donis
531 1835 822 1865 excellentioribus
845 1836 1050 1866 dinoscimus
1077 1836 1173 1866 deco-

160 1897 266 1918 rasse.
284 1888 366 1918 Cum
385 1888 472 1917 enim
490 1888 598 1926 operis
616 1888 821 1918 exhibitione
835 1889 956 1918 mentis
973 1889 1102 1919 affectio
1116 1890 1173 1919 de-

161 1941 325 1978 signatur,
345 1949 409 1970 non
427 1945 476 1970 est
493 1941 631 1970 dubium
643 1941 723 1979 quin
742 1941 781 1971 ad
795 1950 878 1976 eam,
898 1951 995 1980 quam
1011 1942 1063 1971 sui
1081 1946 1172 1972 ortus

159 1994 233 2032 ipse
253 1994 423 2031 presentia
447 1993 644 2029 illustravit,
670 1994 839 2032 variisque
862 1995 1099 2025 miraculorum
1119 1996 1172 2024 in-

160 2046 300 2085 signivit
328 2046 507 2084 prodigiis,
546 2047 776 2076 exuberaverit
807 2048 913 2077 nostri
944 2047 1077 2078 dilectio
1107 2049 1172 2078 Re-

160 2101 353 2139 demptoris.
368 2101 406 2130 Et
418 2101 551 2139 quidem
565 2101 626 2131 hec
638 2105 686 2131 est
700 2101 758 2131 illa
772 2105 868 2136 terra,
883 2111 981 2140 quam
994 2112 1012 2131 a
1022 2103 1172 2140 patribus

162 2154 287 2184 nostris
315 2153 518 2183 hereditario
538 2154 612 2192 jure
634 2154 797 2192 possideri
820 2155 965 2185 decrevit
991 2159 1021 2185 et
1044 2156 1082 2185 de
1108 2165 1173 2194 qua

161 2207 305 2245 gloriosa
330 2206 415 2236 dicta
437 2210 513 2236 sunt
532 2206 693 2237 hactenus
719 2216 737 2236 a
764 2207 946 2245 prophetis.
975 2209 1014 2238 Et
1038 2210 1172 2247 quidem

162 2259 224 2289 hec
239 2264 288 2289 est
303 2259 361 2288 illa
377 2263 473 2294 terra,
489 2260 545 2288 ubi
562 2260 639 2289 fidei
653 2265 764 2290 nostre
778 2261 922 2298 primum
933 2261 1032 2300 jubar
1048 2262 1173 2292 effulsit

162 2316 195 2342 et
217 2312 277 2341 ubi
304 2315 414 2341 nostre
440 2311 557 2341 salutis
579 2312 725 2342 remedia
750 2313 904 2350 primitus
926 2318 1003 2343 sunt
1028 2318 1170 2352 peracta.

160 2365 270 2402 Digne
286 2365 398 2402 itaque
413 2364 519 2402 ipsius
536 2365 694 2402 exemplo,
709 2365 803 2404 cujus
817 2365 895 2395 licet
906 2366 1065 2396 immeriti
1082 2368 1172 2397 vica-

161 2417 206 2446 rii
219 2426 334 2447 sumus
346 2417 379 2446 in
392 2417 501 2452 terris,
518 2416 649 2455 plenius
663 2418 835 2447 informati
851 2422 881 2448 et
893 2419 1085 2457 magisterio
1101 2430 1172 2450 eru-

162 2469 236 2505 diti,
251 2469 289 2499 ad
302 2469 393 2498 illius
409 2473 493 2498 terre
506 2470 791 2500 conservationem
805 2474 836 2500 et
850 2471 960 2507 robur,
975 2481 1073 2510 quam
1084 2473 1172 2503 idem

160 2521 326 2552 Dominus
336 2521 781 2559 510105130οω1·οἀ(111111,510
791 2523 916 2559 dilexit,
928 2524 1133 2555 intendimus
1142 2530 1172 2555 et

164 2575 259 2610 adid,
270 2574 441 2613 plurisque
458 2574 532 2604 aliis
547 2574 831 2605 sollicitudinibus
843 2577 1080 2614 pretermissis,
1094 2587 1173 2608 cura

161 2636 224 2657 nos
240 2630 406 2656 ammonet
423 2631 454 2656 et
475 2626 631 2656 sollicitat
654 2627 840 2665 pastoralis.
862 2629 986 2659 Verum
1006 2631 1084 2668 quia
1106 2640 1171 2660 non

163 2688 372 2718 quocumque
385 2679 563 2709 auctoritas
577 2679 672 2709 001115
684 2680 861 2710 commissa
869 2682 1089 2719 protenditur,
1103 2683 1172 2714 illie

162 2740 237 2762 esse
246 2740 422 2769 possumus
432 2731 600 2769 presentia
609 2731 782 2769 corporali,
794 2732 885 2763 1111115
896 2734 1043 2772 exemplo
1053 2735 1170 2771 edocti,

162 2784 221 2822 qui
238 2783 383 2813 existens
400 2783 523 2821 ubique
546 2787 657 2821 utpote
678 2783 1040 2824 incircumscriptibilis
1060 2792 1090 2817 et
1108 2787 1172 2817 im-

162 2844 299 2865 mensus
316 2835 450 2873 angelos
467 2844 544 2865 suos
558 2835 637 2865 facit
649 2835 787 2873 spiritus
804 2840 834 2866 et
851 2838 1034 2874 ministros,
1051 2840 1108 2878 (1111
1124 2840 1172 2869 in-

161 2887 287 2917 clinata
297 2887 443 2917 celorum
457 2887 632 2917 altitudine
646 2887 863 2918 inhominem
877 2889 1055 2921 redimeret
1065 2892 1171 2922 factus

287 2954 509 2979 ALEXANDRE
529 2955 580 2986 IV,
598 2957 617 2978 t.
637 2954 656 2979 1.

1250 315 1364 351 110010,
1387 317 1566 354 discipulos
1590 325 1672 355 quos
1697 315 1794 353 elegit
1821 316 1854 344 in
1881 315 2074 344 universum
2097 316 2258 345 mundum

1251 368 1343 398 misit
1364 369 1572 406 evangelium
1594 368 1776 406 predicare.
1798 369 1883 397 Dum
1906 376 2040 397 0000550
2059 367 2257 397 haberemus

1252 421 1361 451 levare
1385 421 1496 451 oculos
1518 421 1550 450 in
1574 421 1716 450 circuitu
1737 425 1768 450 et
1793 420 2002 450 considerare
2025 420 2111 450 filios
2136 424 2258 450 terram

1252 473 1479 503 inhabitantes
1494 473 1631 503 eandem
1648 482 1707 502 nec
1723 471 1777 502 eo's
1794 481 1970 510 possumus
1985 472 2202 510 personaliter
2214 473 2259 501 vi-

1254 525 1370 561 sitare,
1399 530 1606 555 accrescente
1633 525 1751 554 affectu
1779 524 1865 562 quod
1890 525 2037 562 aspectui
2066 525 2257 561 denegatur,

1254 590 1311 618 per
1323 580 1405 610 alios
1422 580 1459 609 de
1472 580 1592 618 quibus
1607 579 1828 608 indubitatam
1846 579 1997 608 fiduciam
2011 580 2168 616 gerimus,
2184 579 2260 609 illos

1255 633 1295 662 ad
1311 632 1452 662 salutem
1472 632 1603 662 erudire
1626 632 1768 661 seientes
1788 631 1978 669 hujusmodi
2001 631 2260 661 sollicitudinem

1255 684 1484 722 compellimur
1503 693 1666 713 exercere.
1685 685 1822 721 Propter
1841 683 1927 721 quod
1946 683 2014 718 11111,
2034 693 2130 721 quem
2148 693 2261 713 carum

1250 736 1433 779 1101100105,
1452 740 1583 765 tuorum
1600 735 1766 772 exigentia
1788 735 1998 769 meritorum,
2017 735 2111 772 plene
2128 736 2262 773 legatio-

1256 789 1308 818 nis
1338 788 1483 817 officium
1512 792 1579 817 tam
1604 788 1639 816 in
1665 787 1835 825 provincia
1863 787 2133 817 ‹lei-oselimitana
2163 797 2262 826 quam

1256 841 1355 870 etiam
1379 840 1413 869 in
1438 840 1583 870 exercitu
1604 840 1798 873 christiano,
1822 839 2021 877 ubicumque
2041 849 2096 877 pro
2113 840 2262 870 subsidio

1256 894 1354 923 Terre
1372 893 1489 923 Sancte
1504 893 1537 921 in
1553 892 1637 921 dicta
1655 892 1825 930 provincia
1842 892 1957 924 fueris,
1973 892 2010 920 110
2029 892 2167 921 fratrum
2186 902 2263 921 1105-

1256 950 1381 975 trorum
1398 945 1537 975 consilio
1558 945 1711 974 duximus
1728 944 2010 974 committendum.
2028 946 2153 973 tii-niam
2172 954 2263 981 spem

1256 998 1477 1036 fiduciamque
1495 1002 1657 1031 tenentes,
1681 1001 1727 1031 ut,
1756 1006 1828 1026 cum
1846 1005 1974 1034 semper
1995 996 2150 1025 dilexeris
2163 996 2264 1034 justi-

1256 1050 1335 1079 tiam
1353 1055 1383 1079 et
1400 1050 1611 1088 iniquitatem
1628 1049 1750 1079 odieris
1769 1049 1895 1087 tibique
1914 1053 2023 1086 presto
2041 1049 2083 1077 sit
2102 1049 2262 1077 indicium

1256 1102 1411 1137 rationis,
1438 1107 1527 1131 ret-ta
1552 1111 1646 1139 reges
1674 1106 1704 1131 et
1728 1101 1851 1138 diriges
1879 1101 2051 1134 indirecta,
2082 1110 2263 1139 asperaque

1256 1159 1426 1185 convertes
1446 1155 1480 1183 in
1504 1155 1612 1192 plana.
1630 1154 1791 1190 Quosirca
1813 1154 2007 1183 mandamus
2025 1154 2182 1191 (1101110115
2200 1153 2264 1182 1111-

1253 1208 1398 1248 jusmodi
1408 1217 1491 1237 onus
1503 1211 1651 1245 prompta
1666 1211 1696 1236 et
1709 1207 1824 1236 devota
1836 1210 1945 1236 mente
1959 1206 2155 1243 suscipiens,
2169 1206 2261 1241 illud,

1257 1262 1294 1291 de
1312 1261 1425 1290 divina
1444 1261 1548 1297 gratia
1564 1248 1594 1289 et
1610 1259 1789 1297 apostolica
1806 1259 2000 1288 auctoritate
2019 1259 2173 1294 confisus,
2191 1259 2263 1288 dili-

1257 1319 1371 1353 genter
1388 1323 1424 1343 ac
1441 1313 1616 1343 efficaciter
1633 1313 1824 1350 exequaris,
1848 1313 1892 1341 ita
1911 1312 1996 1350 quod
2016 1321 2051 1341 ex
2070 1312 2128 1341 boc
2149 1312 2263 1350 acqui-

1257 1377 1309 1397 ras
1334 1366 1497 1405 premium
1521 1365 1751 1403 Redemptoris
1777 1365 1916 1403 predii-ti
1938 1369 1968 1394 et
1991 1374 2007 1394 a
2034 1365 2128 1394 nobis
2153 1365 2263 1395 valeas

1256 1420 1373 1449 merito
1390 1418 1622 1449 commendari.
1641 1419 1707 1448 Nos
1723 1418 1822 1451 enim,
1839 1418 2096 1447 contradictores
2111 1422 2141 1447 01
2156 1417 2264 1447 rebel-

1256 1473 1304 1502 les
1321 1472 1486 1511 quoslibet
1503 1480 1560 1509 per
1572 1480 1747 1500 censuram
1759 1470 2028 1505 ecclesiasticam,
2043 1470 2263 1508 appellatione

1256 1524 1448 1563 postposita,
1465 1523 1704 1561 compescendi,
1723 1523 1987 1562 quibuscumque
2004 1523 2188 1561 privilegiis
2205 1532 2264 1552 5011

1256 1576 1475 1614 indulgentiis
1496 1576 1590 1606 Sedis
1609 1576 1786 1613 apostolice
1808 1575 1857 1605 vel
1872 1575 2055 1613 legatorum
2071 1575 2188 1613 ipsius,
2207 1584 2264 1613 per

1257 1638 1319 1668 que
1339 1629 1467 1658 nullum
1485 1629 1640 1667 cuiquam
1654 1629 1687 1657 in
1705 1629 1765 1658 hac
1782 1633 1873 1667 parte
1892 1628 2044 1658 nolumus
2065 1628 2175 1657 all'erri
2193 1629 2264 1657 suf-

1255 1683 1412 1720 fragium,
1428 1691 1637 1720 nequaquam
1656 1682 1877 1717 obstantibus,
1891 1681 2029 1711 liberam
2044 1681 2102 1710 tibi
2116 1681 2264 1711 concedi-

1256 1743 1329 1764 mus
1344 1734 1547 1764 sacultatenr
1563 1734 1597 1764 Si
1614 1743 1690 1764 vero
1703 1734 1805 1763 alium
1817 1734 1961 1771 legatum
1979 1734 2016 1763 dc
2033 1733 2134 1763 latere
2152 1738 2264 1763 nostro

1256 1787 1296 1817 ad
1312 1791 1421 1825 partes
1438 1787 1513 1816 illas
1530 1787 1690 1816 destinari
1708 1787 1894 1824 contigerit,
1915 1786 2067 1815 volumus
2083 1790 2117 1815 ut
2134 1786 2173 1815 ob
2191 1795 2265 1823 pre-

1256 1841 1341 1870 dicte
1359 1840 1453 1870 Sedis
1473 1839 1695 1876 reverentiam
1718 1848 1783 1869 000
1807 1839 1980 1877 exequaris
1997 1839 2157 1877 premisse
2176 1838 2265 1876 lega-

1256 1893 1358 1923 tionis
1375 1893 1535 1927 officium,
1554 1892 1667 1922 eodem
1687 1892 1794 1929 legato
1815 1892 1899 1921 inibi
1916 1892 2089 1921 existente.
2108 1893 2180 1921 Dat.
2202 1892 2264 1920 La—

1257 1945 1375 1980 terani,
1392 1946 1455 1975 VII
1473 1945 1547 1974 idus
1563 1945 1759 1979 decembris,
1779 1953 1865 1974 anno
1878 1944 1995 1982 primo.
2016 1957 2028 1970 »

1325 2110 1414 2144 anzi

1290 2179 1429 2214 Magistro
1445 2182 1472 2204 ct
1488 2179 1623 2205 fratribus
1640 2178 1800 2212 Hospitalis
1816 2178 1850 2203 de
1867 2177 2023 2212 Altopassu
2046 2178 2197 2203 coufirmat
2213 2177 2265 2203 do-

1834 2115 1959 2149 Anagni,
1977 2107 2192 2149 910111011ῥὸ5.

1256 2228 1399 2254 nationem
1416 2227 1603 2261 quarumdam
1625 2228 1842 2261 possessionum
1862 2234 1934 2260 quas
1950 2226 2092 2260 quondam
2108 2224 2264 2251 0111111011-

1255 2277 1338 2303 donis
1358 2275 1459 2302 Jacobi
1483 2275 1613 2302 Oddonis
1635 2275 1809 2308 Franconis,
1827 2275 1900 2301 civis
1923 2274 2061 2307 Romani,
2084 2274 2119 2299 ab
2143 2275 2264 2300 ecclesia

1255 2334 1280 2351 s.
1306 2325 1421 2352 Priscae
1446 2324 1480 2350 de
1503 2324 1581 2351 Urbe
1603 2324 1746 2350 obtineret
1766 2325 1792 2350 in
1812 2327 1982 2358 perpetuum
2003 2323 2154 2349 locationis
2170 2323 2263 2349 titulo.

1255 2373 1339 2407 (ttae.
1355 2373 1399 2404 2³4,
1417 2381 1442 2400 c.
1461 2373 1522 2405 804,
1541 2373 1559 2399 f.
1578 2372 1662 2405 ΗΕΓ.)

1298 2486 1310 2500 (1
1329 2497 1364 2508 ..,
1382 2474 1529 2511 maqz'stro
1547 2478 1573 2502 et
1589 2474 1741 2510 fratribus
1757 2473 1922 2510 Hospitalis
1933 2473 1966 2501 (Ie
1976 2473 2144 2509 :lllopassth
2157 2471 2264 2501 Jnsiis

1255 2526 1439 2564 petentium
1456 2530 1516 2555 etc.
1534 2535 1641 2564 usque
1665 2536 1670 2554 :
1689 2525 1862 2564 complere.
1887 2525 2002 2555 Oblata
2019 2524 2152 2563 (1111110111
2170 2523 2265 2553 nobis

1256 2588 1293 2608 ex
1308 2582 1399 2616 parte
1416 2582 1525 2608 vestra
1541 2578 1657 2617 petitio
1674 2578 1876 2613 continebat,
1893 2577 1989 2616 quod,
2009 2586 2082 2607 cum
2099 2576 2264 2614 quondam

1255 2631 1346 2661 Oddo
1362 2631 1508 2661 Oddonis
1521 2631 1795 2661 ι111001110111101115
1808 2630 2001 2664 Franconis,
2015 2629 2097 2658 civis
2110 2628 2263 2663 Romani,

1256 2683 1416 2721 quasdam
1425 2683 1654 2721 possessiones
1664 2683 1703 2712 ab
1714 2682 1854 2712 ecclesia
1863 2686 1974 2711 sancte
1988 2681 2099 2711 Prisce
2112 2681 2149 2710 110
2161 2680 2262 2715 Urbe,

1256 2739 1322 2765 tam
1339 2744 1396 2773 pro
1409 2744 1442 2765 se
1457 2744 1556 2773 quam
1568 2744 1625 2773 pro
1642 2735 1712 2765 suis
1730 2734 1990 2769 successoribus,
2008 2734 2041 2762 in
2057 2737 2262 2770 perpetuum,

1255 2787 1430 2817 locationis
1445 2787 1541 2817 titulo
1555 2788 1743 2817 renovando
1758 2787 1819 2817 sub
1833 2796 1933 2816 censu
1952 2795 2061 2815 annuo
2075 2785 2109 2814 in
2122 2783 2264 2821 singulis

1256 2841 1367 2870 decem
1381 2844 1411 2870 et
1426 2849 1541 2869 novem
1559 2840 1668 2875 annis,
1685 2840 1746 2870 sub
1761 2844 1849 2869 certa
1861 2840 1965 2868 forma
1977 2838 2053 2867 dum
2067 2837 2191 2866 viveret
2206 2836 2264 2866 ob-

1256 2893 1387 2927 tineret,
1401 2892 1435 2921 in
1450 2892 1556 2931 ipsam
1572 2892 1745 2922 ecclesiam
1762 2892 1812 2922 vel
1826 2891 1927 2921 alium
1940 2891 1978 2920 de
1993 2890 2098 2928 ipsius
2112 2888 2264 2927 benepla-

2111 2955 2141 2979 38
