2441 3330
82 274 87 278 ⁴
131 285 144 300 1)

131 337 144 352 1)

132 391 144 405 ))

132 443 145 457 ὶ)

132 759 146 774 ἕ
133 707 145 721 δ
132 654 145 668 δ
131 601 144 615 ὅ
131 548 144 563 S
131 495 144 509 5

138 2873 151 2887 ὃ
137 2820 150 2835 ῧ
136 2767 149 2782 δ
136 2714 148 2729 :⁵
134 2662 148 2676 ὅ
134 2609 147 2623 ὃ
134 2556 146 2571 δ
134 2503 146 2518 δ
133 2450 146 2465 Β
133 2397 146 2412 ὃ
133 2345 146 2360 ὅ
133 2293 146 2308 :2
133 2240 146 2255 δ
134 2188 147 2202 ἕ
134 2135 147 2149 u

974 201 1197 238 PREMIERE
1220 202 1379 240 ANNEE.
2182 217 2219 247 93

167 273 270 302 immo
285 272 460 302 dissolutio
476 272 580 302 multa
595 272 631 301 in
648 273 762 302 eodem
776 273 847 302 loco
862 277 1057 311 pervenerat
1073 282 1136 312 que

169 334 234 356 non
247 329 375 363 poterat
391 325 463 354 sine
479 324 632 354 mandato
648 325 792 360 tolerari,
807 326 1047 355 communicato
1064 336 1136 356 con—

169 378 245 408 silio
268 382 299 407 et
321 377 559 407 deliberatione
580 377 768 415 prehabita,
794 387 830 407 ac
853 378 981 408 abbatis
1007 383 1037 408 et
1059 387 1137 408 con-

169 434 288 460 ventus
308 429 448 468 predicti
466 429 531 458 loci
551 429 589 458 de
610 429 770 459 Flumano
786 430 954 459 voluntate
971 431 1137 468 explorata

170 487 200 513 et
216 491 381 512 consensu
397 481 540 514 obtento.
556 481 637 511 utile
651 482 720 511 fore
735 490 772 510 ac
786 482 1011 511 necessarium
1027 484 1137 521 provi-

169 535 289 565 derunt
310 539 346 564 ut
368 534 544 572 collegium
566 534 672 572 ipsius
694 535 889 564 monasterii
914 535 951 565 dc
978 535 1137 566 Flumano

169 588 303 618 deberet
335 587 375 617 ad
408 587 511 617 alium
542 587 650 616 locum
682 587 837 616 tutiorem
870 591 899 617 et
932 589 1137 617 commodum

169 640 364 675 transserri;
383 644 413 670 et.
430 640 476 670 sic
492 641 641 678 prefatus
658 639 830 677 episcopus
849 640 992 670 decrevit
1009 645 1040 670 et
1059 650 1137 670 con-

170 703 272 724 sensu
302 694 353 723 sui
381 692 518 731 capituli
542 692 779 723 Foroliviensis
805 697 833 722 et
857 693 1039 731 capitulum
1063 703 1138 723 cum

169 747 241 786 ipso
259 750 499 776 consenserunt
514 750 545 775 et
561 745 672 775 abbati
687 754 723 775 ac
736 746 896 775 fratribus
913 746 991 775 dicti
1010 756 1137 776 monas-

170 799 247 830 terii
269 802 509 829 consenserunt
529 803 559 828 et
580 798 750 828 licentiam
769 807 957 836 expressam
977 799 1137 829 dederunt

175 855 212 882 ut
234 861 268 882 se
293 861 329 881 ac
353 851 528 889 collegium
551 860 649 881 suum
674 860 733 880 seu
753 851 858 889 ipsius
884 852 1077 881 monasterii
1099 852 1139 881 ad

169 906 302 936 civitate
317 905 474 935 Forolivii
489 905 529 934 ad
544 904 653 934 locum
667 904 723 942 qui
738 904 860 934 dicitur
876 904 1014 934 ecclesia
1032 905 1138 935 sancti

170 957 323 992 Antonii,
342 966 405 996 que
426 961 495 986 erat
513 956 714 986 monasterio
736 956 774 985 de
795 956 955 986 Flumano
978 957 1136 996 subjecta,

169 1010 404 1045 transferrent,
422 1014 468 1044 ut,
488 1009 535 1039 sic
551 1010 638 1039 facta
654 1009 882 1044 translatione,
903 1009 941 1039 de
958 1014 1066 1040 cetero
1082 1020 1138 1039 vo-

170 1063 324 1094 cabulum
348 1063 441 1093 beate
464 1063 568 1092 Marie
591 1062 726 1102 Majoris
750 1062 799 1091 illi
823 1062 894 1092 loco
914 1063 1140 1101 imponeretur

170 1121 200 1147 et
224 1116 463 1146 monasterium
488 1125 553 1145 non
581 1117 756 1153 cuparetu'r
782 1115 865 1145 sicut
890 1116 1139 1154 noncupahatur

171 1173 285 1198 saneta
304 1168 409 1198 Maria
425 1168 463 1197 de
488 1168 648 1198 Fluniano
669 1172 699 1197 et
724 1168 758 1196 in
780 1168 926 1206 predicto
946 1168 1016 1198 loco
1033 1170 1139 1199 sancti

170 1221 309 1251 Antonii
323 1226 352 1251 61
366 1230 431 1250 11011
445 1221 532 1259 apud
547 1221 708 1250 Flumano
721 1230 793 1250 esse
806 1225 901 1259 caput
916 1225 945 1251 et
958 1226 1139 1251 conventus

171 1274 426 1309 monacliorum3
451 1278 482 1303 et
501 1274 537 1303 in
558 1283 595 1303 eo
619 1274 734 1309 abhas,
760 1274 914 1304 monachi
937 1278 967 1304 et
988 1275 1139 1304 conversi

170 1332 329 1366 tanquam
350 1327 384 1356 in
401 1327 506 1365 capite
523 1327 560 1356 de
580 1331 687 1356 cetero
706 1331 926 1362 morarentur,
944 1336 981 1357 ac
997 1336 1140 1357 conven-

171 1385 223 1410 tus
242 1389 301 1410 seu
319 1380 496 1417 collegium
516 1379 754 1409 monachorum
774 1380 994 1415 ordinaretur,
1017 1385 1048 1410 et
1065 1390 1140 1419 per-

169 1437 335 1464 severaret
367 1433 402 1462 in
435 1433 582 1471 predicto
613 1433 684 1463 loco
710 1433 816 1463 sancti
844 1433 983 1463 Antonii
1012 1433 1053 1463 ad
1083 1443 1139 1463 vo-

168 1486 323 1517 cabulum
353 1491 383 1517 et
418 1486 578 1516 honorem
611 1486 706 1516 beate
742 1486 846 1516 Marie
882 1486 1017 1525 Majoris
1054 1487 1139 1516 sicut

167 1543 384 1570 consueverat
406 1539 553 1569 ordinari
580 1542 610 1569 et
634 1548 848 1577 perseverare
874 1539 908 1568 in
937 1539 1138 1569 monasterio

168 1591 344 1622 antedicto.
365 1592 490 1622 Verum
509 1600 582 1621 cum
603 1600 661 1630 per
681 1591 929 1621 concessionem
952 1596 983 1622 et
1005 1591 1139 1621 ordina-

167 1645 291 1675 tionem
307 1645 487 1683 premissas
503 1644 604 1674 abbas
620 1648 650 1674 et
663 1645 783 1674 fratres
800 1644 1023 1682 prenominati
1038 1654 1138 1683 quon-

168 1697 243 1727 dam
259 1697 454 1727 monasterii
470 1697 508 1727 de
522 1697 683 1727 Flumano
700 1706 734 1727 se
749 1697 789 1727 ad
805 1701 1021 1727 memoratam
1039 1697 1138 1727 eccle-

169 1751 253 1781 siam
276 1751 382 1781 sancti
402 1751 558 1786 Antonii,
577 1751 630 1780 eui
651 1750 715 1780 suit
734 1751 927 1789 impositum
942 1750 1139 1780 vocabulum

169 1808 281 1834 sancte
299 1804 402 1833 Marie
418 1803 566 1843 MaJ'oris,
584 1803 757 1833 humiliter
771 1800 1069 1833 transtulissent‘et
1082 1813 1139 1842 per

168 1857 342 1887 biennium
360 1861 389 1886 et
406 1856 548 1894 amplius
565 1856 626 1886 sub
642 1856 854 1886 observantia
869 1856 1015 1894 regulari
1031 1866 1139 1894 perse-

170 1914 341 1940 verassent
368 1909 508 1942 ibidem,
538 1909 640 1939 abhas
661 1908 925 1939 Vallisumhrose
948 1909 1139 1939 translatio-

171 1971 247 1993 nem
264 1962 455 2001 hujusmodi
478 1962 632 2000 impediri
653 1966 684 1992 et
706 1962 853 2001 quietem
871 1962 1000 1992 abbatis
1020 1967 1051 1993 et
1072 1964 1139 1992 sra-

171 2019 259 2045 trum
285 2015 477 2053 degentium
506 2015 541 2044 in
569 2015 640 2053 ipso
668 2015 871 2045 monasterio
898 2020 1010 2045 sancte
1036 2016 1139 2046 Marie

172 2069 308 2108 Majoris
330 2069 523 2107 perturbare
542 2077 756 2107 presumens,
776 2069 817 2097 ad
831 2069 956 2098 dictum
971 2069 1079 2099 locum
1102 2070 1140 2100 de

172 2122 332 2152 Flumano
350 2131 408 2160 pro
425 2121 626 2151 monasterio
644 2121 907 2152 Vallisumlnose
928 2126 959 2151 et
977 2126 1141 2152 conventu

173 2184 232 2206 suo
254 2181 289 2205 ut
312 2175 441 2205 dicebat
463 2184 568 2213 nuper
587 2174 727 2205 accessit
752 2179 783 2204 et
807 2175 842 2204 in
868 2175 982 2204 eodem
1006 2175 1075 2205 loco
1101 2175 1142 2205 ad

171 2237 270 2267 quem
292 2227 532 2258 monasterium
559 2232 672 2265 sancte
698 2228 803 2258 Mai-ie
832 2228 966 2266 MaJ'oris
988 2237 1140 2258 revocare

171 2281 363 2311 intendebat
372 2285 529 2319 tanquam
541 2280 576 2310 in
587 2280 788 2310 monasterio
799 2280 969 2310 dominum
981 2280 1141 2311 Jaeohum

171 2333 210 2363 de
226 2332 363 2363 Caniola
379 2341 436 2370 pro
455 2332 590 2367 vicario,
611 2332 782 2361 dominum
797 2331 972 2362 Nicolaum
989 2336 1019 2361 et
1036 2331 1141 2361 domi-

171 2394 251 2415 num
268 2385 474 2424 Raynerium
490 2394 548 2423 pro
564 2384 737 2414 monachis
755 2388 785 2414 et
800 2384 978 2414 Zenarium
994 2393 1051 2422 pro
1068 2393 1140 2413 con-

170 2447 265 2468 verso
281 2438 437 2468 ordinare
454 2441 484 2467 et
505 2437 698 2471 instituere,
718 2446 754 2466 ac
771 2436 978 2475 capellanum
997 2441 1028 2466 et
1043 2436 1141 2466 fami-

170 2491 272 2521 liares
295 2491 418 2521 ibidem
440 2500 497 2529 pro
520 2490 722 2520 monasterio
745 2494 858 2519 sancte
879 2490 982 2520 Mai-ie
1007 2489 1141 2527 Majoris

170 2544 366 2578 residentes,
383 2543 423 2573 ab
438 2543 551 2573 codem
567 2543 637 2572 loco
649 2542 688 2573 de
704 2542 864 2572 Flumano
881 2542 990 2571 dicere
1007 2545 1142 2580 attemp-

171 2597 270 2632 tavit;
289 2597 345 2635 qui
363 2596 508 2626 vicarius
521 2600 551 2626 et
564 2595 717 2625 monachi
734 2599 765 2625 et
781 2595 931 2625 conversi
949 2595 1141 2624 monasterii

172 2654 285 2680 sancte
310 2649 413 2679 Mai-ic
435 2648 570 2687 Majoris
588 2649 771 2682 frumento,
793 2647 884 2682 vino,
905 2647 976 2677 olco
998 2651 1026 2676 et
1044 2647 1142 2676 relius

173 2702 249 2732 aliis
268 2710 382 2741 'usque
411 2701 451 2731 311
481 2701 625 2731 valorem
653 2705 785 2731 centum
814 2700 908 2729 libris
936 2701 1143 2729 Ravcnatum

174 2759 297 2785 temere
321 2754 523 2793 spoliarunt3
549 2753 749 2791 presumpsit
766 2753 864 2782 etiam
884 2752 969 2782 idem
992 2752 1092 2781 abbas
1110 2755 1143 2780 111

174 2808 296 2838 dicitur
310 2808 344 2837 in
361 2807 512 2836 abbatem
530 2811 642 2836 sancte
656 2806 760 2836 Mario
776 2805 910 2844 Majoris
925 2804 1145 2835 cxcommuni-
1159 2828 1162 2829 1

176 2861 317 2891 cationis
334 2864 364 2890 et
387 2859 584 2898 privationis
605 2859 644 2888 ab
667 2858 724 2888 illo
747 2858 817 2888 loco
837 2858 876 2888 de
893 2858 1052 2888 Flumano
1069 2865 1145 2887 sen-

1259 276 1380 306 tentias
1397 277 1435 306 de
1451 278 1537 307 sacto
1554 283 1584 307 et
1602 283 1714 309 contra
1728 279 1893 318 justitiam
1911 281 2129 319 promulgare.
2149 283 2219 319 Que

1258 329 1369 357 omnia
1390 333 1578 367 attemptata
1600 332 1735 361 fuerunt
1756 332 1790 361 in
1808 333 1913 370 ipsius
1934 334 2077 372 episcopi
2094 339 2124 365 et
2140 336 2219 366 dicti

1258 381 1451 410 monasterii
1468 382 1625 420 injuriam
1642 393 1706 413 non
1723 385 1881 414 modicam
1899 378 1928 414 et
1946 395 2131 423 gravamen,
2151 398 2220 426 pre-

1258 431 1318 460 fati
1339 442 1468 471 quoquc
1491 435 1590 464 abhas
1618 440 1648 465 et
1672 441 1852 466 conventus
1871 438 2130 470 Vallisumlirose
2152 441 2220 471 dic-

1259 488 1327 513 tum
1344 487 1581 516 monasterium
1601 493 1712 518 sanctc
1730 490 1831 518 Marie
1846 491 1980 528 Majoris
1997 492 2037 520 ad
2054 494 2219 530 prenomi-

1259 540 1372 565 natum
1406 537 1513 567 locum
1549 540 1586 568 de
1620 540 1778 570 Flumano
1817 551 1967 572 revocare
2000 549 2028 573 et
2066 545 2220 575 reducere

1259 588 1444 624 molientes,
1462 591 1663 621 ordinationi
1681 598 1709 622 et
1727 593 1936 623 translationi
1955 597 2124 632 premissis
2144 607 2220 627 con—

1260 644 1306 669 tra
1329 641 1495 679 justitiam
1523 652 1556 672 se
1584 649 1749 681 opponunt
1779 650 1806 674 61
1838 646 1945 683 ipsum
1973 648 2160 686 episcopum
2185 659 2221 679 ac

1259 695 1497 723 monasterium
1506 700 1617 725 sancte
1626 696 1729 726 Marie
1738 697 1870 735 Major-is
1880 707 1976 735 super
1985 699 2221 737 eisi1np11=tli11nt

1259 744 1488 782 multipliciter
1505 751 1535 776 et
1549 747 1736 777 molestant.
1752 749 1859 784 Quare
1876 750 1955 787 petit
1971 752 2135 788 pre-'lictus
2153 762 2222 790 pro-

1260 802 1390 826 curator
1400 799 1651 829 translationem
1662 804 1691 829 et
1701 801 1942 831 ordinationem
1951 803 2112 840 predictas
2126 814 2223 844 super

1260 850 1432 886 premissis
1448 852 1666 889 sactasjustas
1678 853 1781 882 fuisse
1799 853 1931 883 decerni
1945 860 2078 884 acratas
2096 856 2220 892 11311611,

1261 903 1455 932 auctoritate
1481 904 1659 941 apostolica
1676 905 1860 943 approbari,
1881 910 1912 935 et
1929 908 2056 937 605116111
2075 909 2222 939 abbatem

1261 959 1291 984 ct
1312 961 1509 985 conventum
1531 966 1571 987 ne
1591 967 1662 987 eam
1686 958 1867 996 impediant
1890 960 1940 989 vel
1962 962 2169 998 perlui-lwnt.
2189 972 2223 991 a(-

1261 1009 1417 1038 retlucero
1432 1009 1509 1039 illuc
1524 1011 1763 1041 monasterium
1778 1016 1888 1042 sancte
1900 1013 2003 1042 Marie
2021 1015 2154 1052 Majoris
2167 1024 2224 1044 5611

1261 1066 1355 1099 caput
1376 1062 1480 1099 ipsius
1498 1063 1691 1093 monasterii
1716 1064 1755 1093 ad
1776 1064 1869 1093 illum
1888 1065 1994 1095 locum
2012 1066 2049 1095 dc
2066 1067 2224 1097 Flumano

1262 1118 1470 1152 attemptent,
1501 1116 1558 1145 sed
1583 1117 1774 1153 permittant
1798 1118 1947 1148 abbatem
1976 1123 2004 1148 61
2029 1125 2223 1149 conventum

1262 1168 1383 1196 morari
1418 1172 1448 1197 et
1486 1178 1698 1206 perseverare
1729 1170 1814 1207 apud
1846 1172 2081 1201 monasterium
2115 1177 2225 1203 sancte

1262 1220 1365 1249 Marie
1389 1221 1524 1259 Majoris
1543 1222 1636 1260 juxta
1661 1222 1903 1252 ordinationem
1921 1224 2118 1261 prta-lictant.
2138 1235 2225 1254 com-

1261 1273 1340 1310 pelli
1357 1277 1385 1302 et
1404 1267 1648 1304 sententialiter
1667 1275 1912 1313 condempnari.
1934 1286 1968 1305 ac
1987 1277 2033 1305 cis
2051 1287 2148 1315 super
2163 1278 2224 1306 1111-

1262 1326 1449 1363 pedimento
1464 1331 1494 1355 ct
1510 1327 1715 1364 oppositione
1730 1329 1902 1365 premissis
1918 1335 2024 1367 perpet
2035 1340 2109 1359 1111111
2127 1331 2224 1360 silen-

1262 1378 1344 1407 tium
1374 1379 1500 1417 imponi
1525 1384 1554 1409 61
1585 1380 1827 1410 ‹jn'dinationem
1853 1391 1889 1411 ac
1916 1382 2158 1412 institutionem
2183 1383 2221 1413 dc

1262 1432 1418 1469 predictis
1437 1432 1608 1461 monachis
1632 1433 1666 1461 in
1685 1433 1755 1463 loco
1775 1434 1813 1463 de
1837 1434 1994 1464 Flumano
2015 1439 2221 1473 attctnptatas

1262 1488 1292 1513 et
1308 1485 1486 1522 premissas
1511 1487 1860 1517 excommunicationis
1882 1492 1909 1516 61
1933 1488 2127 1525 privationis
2146 1498 2222 1518 sen-

1262 1538 1382 1567 tentias
1405 1548 1462 1575 per
1483 1539 1623 1568 cundem
1648 1539 1686 1569 de
1704 1539 1790 1569 facto
1813 1539 1894 1569 latas
1914 1550 1978 1570 non
1998 1542 2143 1571 tenuisse
2164 1550 2221 1571 ncc

1260 1589 1405 1619 valuisse
1425 1594 1455 1619 61
1475 1591 1582 1621 nullas
1599 1592 1667 1621 fore
1685 1592 1817 1622 decerni
1831 1596 1861 1622 61.
1878 1594 2102 1630 pronunciari,
2120 1598 2150 1623 et
2168 1603 2223 1624 eas

1262 1646 1290 1672 et
1313 1643 1472 1681 quicquid
1494 1647 1723 1682 attemptatum
1746 1645 1852 1674 extitit
1877 1646 2047 1675 occasione
2066 1646 2221 1683 ipsarum,

1262 1699 1425 1734 quatenus
1448 1696 1486 1725 de
1503 1697 1588 1726 sacto
1607 1702 1855 1735 processerunt,
1873 1698 1907 1726 in
1926 1698 2057 1727 irritum
2079 1698 2225 1727 revocari

1261 1756 1298 1777 ex
1316 1748 1401 1777 facto
1417 1749 1496 1777 dicti
1516 1749 1644 1779 abbatis
1662 1758 1760 1787 super
1776 1750 1841 1779 hiis
1860 1751 2060 1788 attemptatis
2076 1751 2225 1788 dampni-

1261 1801 1395 1830 ficatum
1412 1801 1486 1836 fuit,
1506 1802 1630 1831 (lictum
1649 1803 1886 1832 monasterium
1905 1803 1938 1832 in
1958 1807 2088 1833 centnm
2107 1803 2225 1832 marcis

1263 1854 1402 1891 argenti,
1417 1855 1497 1892 petit
1510 1855 1598 1892 ipsos
1611 1855 1645 1884 in
1660 1855 1843 1893 quantitate
1856 1855 2044 1894 hujusmodi
2056 1856 2225 1893 condemp-

1263 1907 1352 1941 nari3
1379 1911 1409 1937 ct
1434 1907 1495 1936 hoc
1520 1908 1628 1937 omnia
1653 1908 1734 1945 petit
1752 1917 1827 1937 cum
1849 1908 1999 1946 dampnis
2022 1913 2050 1938 61
2075 1908 2225 1945 expensis

1262 1959 1421 1997 legitimis
1436 1969 1498 1998 quc
1516 1964 1545 1989 et
1561 1969 1642 1998 quas
1657 1960 1792 1989 extimat
1806 1960 1896 1990 mille
1910 1960 2005 1990 libris
2020 1962 2225 1990 Ravenatuni

1263 2016 1294 2041 et
1316 2017 1517 2050 protestatur
1539 2013 1684 2043 facturas
1706 2022 1865 2051 expensas
1886 2022 1967 2051 quas
1986 2022 2058 2042 cum
2077 2012 2227 2042 debuerit

1263 2065 1458 2099 declaratum
1482 2069 1682 2103 protestatur
1705 2066 1804 2095 etiam
1831 2066 1915 2103 qnosl
1936 2075 2001 2095 non
2024 2070 2107 2094 artat
2130 2074 2163 2095 se
2187 2065 2227 2094 ad

1264 2119 1469 2156 probandum
1490 2119 1601 2148 omnia
1623 2122 1654 2147 et
1673 2118 1804 2156 singula
1825 2118 2026 2156 supradicta,
2047 2118 2103 2147 5611
2126 2118 2159 2147 1(1
2176 2118 2226 2147 vel

1265 2180 1300 2201 ea
1320 2171 1524 2200 solummodo
1547 2180 1609 2209 que
1633 2180 1690 2200 sue
1713 2170 1891 2200 intentioni
1912 2170 2077 2200 sufficiant
2097 2170 2135 2199 116
2152 2180 2226 2208 pre-

1262 2223 1388 2252 missis.
1409 2223 1505 2253 831111)
1525 2223 1599 2261 ]“111·6
1624 2222 1765 2252 addendi
1782 2226 1811 2252 et
1834 2222 2005 2252 minuendi
2027 2227 2086 2252 616.

1266 2288 1278 2302 »
1292 2276 1408 2306 Coram
1424 2276 1515 2305 vohis
1530 2275 1687 2313 magistro
1700 2275 1877 2310 Rostando,
1891 2275 2015 2304 domini
2029 2285 2108 2313 pape
2123 2274 2226 2312 capel-

1262 2329 1349 2363 lano,
1365 2329 1515 2366 partibus
1533 2327 1722 2366 specialiter
1739 2328 1887 2357 auditore
1908 2336 2077 2361 concesso,
2095 2327 2175 2356 (licit
2196 2330 2226 2356 et

1262 2381 1411 2419 proponit
1431 2381 1548 2415 (luido,
1569 2380 1748 2410 canonicus
1766 2380 2017 2415 Foroliviensis,
2037 2383 2227 2417 procurator

1257 2433 1381 2463 1101111111
1390 2433 1516 2463 Alberti
1525 2433 1653 2463 abbatis
1663 2432 1856 2462 monasterii
1864 2437 1975 2462 sancte
1985 2432 2085 2461 Mario
2094 2432 2227 2471 Majoris

1262 2486 1300 2515 de
1314 2486 1447 2515 civitate
1460 2485 1678 2515 Foroliviensi
1693 2489 1806 2515 contra
1819 2485 1969 2514 31111316111
1986 2489 2015 2513 ct
2032 2488 2228 2513 conventum

1264 2539 1457 2568 monasterii
1473 2538 1736 2568 Vallisumbrose
1758 2542 1785 2567 61
1808 2537 1967 2567 Jacolmm
1984 2537 2021 2565 116
2036 2537 2141 2565 Aritio
2158 2545 2228 2574 pro-

1265 2595 1449 2620 curatorem
1467 2591 1629 2628 ipsorum,
1649 2590 1735 2629 quod
1752 2590 1924 2627 episcopus
1942 2589 2174 2618 Fui-«diviensis
2198 2594 2224 2617 et

1265 2643 1445 2681 capitulum
1460 2643 1696 2672 Foroliviensis
1709 2642 1857 2677 ecclesie,
1868 2641 1999 2679 providi·
2010 2641 2225 2670 attendentes.

1267 2696 1352 2734 quod
1378 2696 1543 2734 quondam
1569 2695 1805 2725 monasterium
1830 2699 1940 2723 sancte
1970 2694 2070 2723 Mai-ic
2094 2694 2131 2723 116
2153 2693 2227 2722 Flu-

1268 2758 1364 2778 mano
1384 2748 1417 2777 in
1445 2747 1663 2778 Forolivicnsi
1691 2747 1811 2776 diocesi
1835 2746 2047 2775 coustitutum
2071 2750 2097 2773 61
2123 2745 2226 2775 cidem

1268 2802 1418 2840 episcopo
1449 2802 1651 2840 subjectum,
1681 2801 1712 2829 in
1743 2810 1806 2838 quo
1836 2799 1995 2828 exista-liat
2019 2798 2117 2827 3111135
2142 2798 2228 2827 1116111

1268 2854 1440 2888 Albertus,
1459 2853 1704 2891 persecutiones
1727 2852 1884 2890 plurimas
1905 2850 2087 2880 5115111161131
2104 2854 2133 2879 61
2150 2849 2228 2879 adco
