2498 3325
257 247 288 275 ΓΖ

233 247 267 275 1-

232 326 244 337 υ
269 312 395 346 facere,
421 321 617 349 cognoscere
634 316 665 342 et
685 312 828 343 diffinire
845 315 1100 343 consueverunt.
1118 311 1146 340 Α
1164 311 1239 350 qui-

232 430 244 443 ))

231 482 243 495 ))

230 588 242 601 ))

230 640 242 654 ))

231 694 242 706 )1

230 746 243 760 ))

231 798 244 812 J)

231 903 242 916 ))

230 956 242 969 ))

230 1008 242 1021 1)

230 1060 242 1074 ))

230 1112 242 1125 D

232 1165 243 1178 ))

230 1217 242 1230 ))

230 1270 242 1283 ))

230 1322 242 1335 >1

230 1374 242 1387 ))

230 1427 242 1440 1)

230 1480 242 1493 ))

230 1533 241 1546 ))

230 1586 235 1599 )

270 365 331 394 bus
353 364 486 403 quidem
510 364 628 395 balivis
649 369 680 395 et
701 366 878 404 prepositis
897 370 963 395 tam
981 366 1016 394 in
1037 365 1123 395 dicta
1140 374 1240 395 causa

269 426 368 456 quam
395 417 470 447 aliis
489 418 528 446 ad
545 418 671 447 curiam
694 418 919 448 archidiaconi
941 418 1134 456 appelletur,
1153 418 1240 447 sicut

270 470 341 499 lieri
359 470 541 500 consuevit.

271 535 283 548 »
302 524 348 552 De
365 523 584 554 electionibus
598 534 685 559 vero,
701 525 1009 554 confirmationibus
1026 525 1236 560 electionum,

269 576 565 607 ammonitionibus
584 586 641 607 5011
659 577 922 616 depositionibus
937 577 1091 607 abbatum
1109 583 1139 608 et
1157 578 1239 609 alio-

269 638 340 657 rum
364 628 564 666 prelatorum
588 630 803 660 ecclesiarum
825 630 1091 666 collegiatarum,
1116 640 1174 661 seu
1200 632 1239 662 de

269 681 457 719 provisione
484 682 637 712 facienda
657 682 841 719 collegiatis
860 683 1010 712 ecclesiis
1029 683 1067 713 de
1085 683 1237 721 prelatis,

269 734 524 765 archidiaconus
554 744 611 773 per
633 745 667 765 se
693 735 742 766 vel
770 746 828 774 per
855 735 958 765 alium
985 745 1020 766 se
1048 736 1239 766 nullatenus

269 786 481 816 intromittat.

272 851 283 864 »
307 838 423 868 Cetera
446 843 553 869 autem
575 840 699 870 faciant
722 845 751 871 et
777 845 950 871 exerceant
971 845 1036 870 tam
1057 841 1252 879 archicpis-·

269 900 368 929 copus
386 901 485 929 (piam
501 892 755 923 archidiaconus
770 893 803 922 in
817 893 897 923 locis
914 894 1082 931 predictis,
1097 903 1133 924 eo
1150 894 1240 924 salvo

269 944 354 982 quod
380 944 648 983 archiepiscopus
674 955 775 975 unam
800 946 851 975 vel
873 946 984 984 plures
1009 947 1048 976 de
1073 948 1182 977 causis
1205 948 1239 977 in

268 996 358 1025 curia
378 996 603 1026 archidiaconi
617 997 686 1036 jam
710 998 850 1036 inceptis
874 998 907 1027 in
929 999 1050 1037 quibus
1067 1000 1135 1030 sint
1151 1004 1240 1029 actor

269 1052 299 1077 ct
320 1058 396 1077 reus
419 1053 449 1077 ct
470 1049 504 1077 in
525 1049 646 1087 quibus
663 1050 917 1080 archidiaconus
934 1050 985 1080 vel
1001 1052 1151 1081 officialis
1168 1053 1239 1091 ejus

268 1110 306 1129 ex
327 1110 385 1129 suo
404 1101 510 1130 officio
533 1110 596 1131 1100
618 1102 771 1139 procedat
789 1102 930 1133 diversis
951 1104 1154 1141 temporibus
1174 1113 1239 1133 non

269 1162 326 1190 per
348 1153 508 1182 malitiam
530 1163 589 1183 seu
612 1154 761 1184 fraudem
786 1164 846 1183 nec
868 1155 901 1184 in
924 1164 1056 1191 gravem
1072 1156 1238 1186 archidia-

268 1205 342 1234 coni
366 1205 525 1235 1051011001
547 1206 586 1235 1111
610 1216 706 1236 5111101
726 1216 862 1236 examen
881 1207 984 1237 altera
1001 1209 1145 1249 partium
1164 1219 1239 1247 pos-

268 1257 394 1287 tulante
412 1262 487 1287 ante
502 1259 710 1288 diffinitivam
729 1260 927 1289 sententiam
945 1260 1051 1290 valeat
1067 1261 1237 1291 advocare.

269 1311 318 1340 Ita
340 1315 447 1339 tamen
471 1311 557 1349 quod
580 1312 826 1341 advocationem
844 1312 1034 1350 hujusmodi
1055 1314 1239 1353 archiepis-

268 1372 368 1400 copus
392 1362 461 1400 ipse
485 1372 542 1400 per
565 1372 599 1393 se
623 1363 673 1393 vel
696 1373 753 1401 per
771 1363 899 1394 litteras
916 1374 993 1395 511115
1010 1366 1109 1396 faciat
1125 1371 1155 1396 et
1173 1376 1238 1397 non

268 1415 413 1445 vicarius
430 1415 833 1454 101011101111151051051100
850 1417 927 1447 inde
943 1418 1042 1447 etiam
1055 1419 1239 1457 archiepis-

268 1477 367 1506 copus
390 1478 523 1497 causam
548 1469 696 1504 advocet,
720 1469 785 1499 nisi
803 1479 900 1508 quam
925 1479 982 1509 per
1004 1480 1038 1501 se
1061 1472 1112 1501 vel
1135 1482 1240 1503 unum

268 1530 326 1550 seu
341 1521 451 1558 plures
464 1521 502 1550 (10
519 1522 798 1552 commensalibus
812 1522 882 1552 suis
899 1523 1013 1553 audire
1026 1533 1083 1554 seu
1095 1525 1239 1556 dissinire

265 1573 343 1602 velit
361 1578 391 1603 et
409 1574 521 1611 possit,
536 1578 567 1603 et
580 1574 607 1603 si
619 1571 837 1609 advocaverit,
857 1575 969 1606 audiat
985 1580 1016 1605 et
1030 1576 1239 1615 (1111101010οι-

231 1639 242 1650 »
268 1635 302 1655 se
318 1625 366 1655 vel
379 1636 436 1664 per
449 1626 625 1664 predictos,
641 1626 839 1657 officialibus
857 1628 926 1657 suis
938 1628 1075 1658 minime
1089 1630 1240 1659 commit-

230 1692 242 1703 n
267 1679 376 1707 tendo.
399 1678 491 1714 Quod
515 1679 542 1708 si
567 1688 700 1708 0111151110
724 1679 763 1709 1111
779 1689 876 1709 50001
894 1680 1084 1711 advocatam
1102 1692 1239 1713 examen

229 1743 241 1757 )>

230 1796 242 1809 ))

230 1848 242 1862 ))

229 1953 242 1967 ))

230 2006 241 2019 ))

229 2058 241 2072 ))

230 2111 242 2125 ))

230 2165 242 2178 ))

230 2218 241 2231 ))

229 2271 240 2284 ))

230 2323 242 2337 ))

230 2376 242 2388 1>

230 2427 242 2441 ὶ)

230 2479 242 2493 ))

230 2532 242 2545 ))

230 2584 242 2598 1)

230 2636 242 2650 ))

230 2741 242 2755 ))

230 2794 242 2807 ))

230 2846 242 2860 >J

231 2899 243 2912 ))

268 1740 325 1769 per
341 1740 375 1761 se
388 1731 438 1759 vel
455 1740 512 1769 per
528 1732 783 1761 commensalem
796 1742 891 1762 suum
905 1734 1019 1763 audire
1031 1734 1081 1763 vel
1096 1735 1240 1766 diffinire

266 1784 348 1813 nolit
365 1784 414 1814 vel
433 1793 496 1813 0011
514 1784 634 1821 005511,
655 1784 693 1813 ad
711 1785 838 1814 curiam
855 1785 1080 1816 archidiaconi
1101 1787 1240 1817 audien-

268 1837 340 1865 dam
357 1840 387 1866 et
405 1836 630 1865 diffiniendam
647 1837 793 1866 remittat
807 1838 957 1868 eandem.

270 1901 282 1915 »
299 1889 494 1919 Ordinatum
508 1894 556 1918 051
570 1889 681 1923 etiam,
695 1890 782 1928 quod
798 1890 837 1919 ab
854 1891 1088 1922 archidiacono
1101 1892 1151 1922 vel
1168 1893 1239 1932 ejus

269 1941 402 1971 officiali
426 1942 482 1980 qui
507 1950 594 1971 111100
618 1947 693 1971 sunt
715 1947 746 1971 et
769 1943 826 1981 qui
848 1953 906 1981 pro
930 1948 1074 1983 tempore
1094 1947 1237 1982 suerint,

267 2002 333 2022 non
357 1993 396 2022 ad
416 1993 700 2031 archiepiscopum
723 1994 773 2024 vel
795 1995 866 2033 ejus
891 1996 1048 2027 officiales
1070 2007 1128 2028 500
1151 1999 1239 2028 vica-

268 2047 370 2080 rium,
390 2046 445 2084 qui
465 2056 552 2075 nunc
572 2051 648 2076 sunt
666 2047 769 2085 etqui
785 2057 842 2085 pro
859 2052 1004 2087 tempore
1023 2050 1163 2086 suerint,
1182 2052 1239 2081 sed

268 2099 307 2128 ad
327 2099 432 2127 solum
451 2107 616 2128 summum
640 2100 829 2137 pontificem
851 2101 887 2130 in
905 2103 1060 2133 omnibus
1081 2104 1192 2134 causis
1209 2109 1239 2134 et

268 2153 410 2189 negotiis
430 2152 623 2190 appelletur,
644 2158 675 2183 et
696 2154 735 2183 ad
757 2154 1043 2194 archiepiscopum
1063 2157 1171 2195 ipsum
1188 2158 1240 2188 vel

268 2206 338 2243 ejus
366 2205 523 2235 officiales
551 2211 693 2244 nequeat.
720 2207 894 2245 appellari,
923 2212 954 2238 et
981 2209 1010 2239 si
1038 2210 1238 2248 appellatum

266 2258 381 2292 suerit,
407 2257 582 2296 appellatio
609 2268 674 2287 non
700 2259 807 2289 valeat
830 2260 897 2290 ullo
923 2262 1029 2292 modo.
1057 2263 1239 2293 Presertim

267 2320 339 2340 cum
360 2311 420 2339 hoc
439 2320 457 2339 a
472 2311 568 2348 longe
585 2312 757 2341 retroactis
775 2314 977 2351 temporibus
996 2315 1035 2345 de
1051 2316 1189 2354 antiqua
1207 2320 1239 2346 et

267 2364 448 2401 prescripta
473 2364 714 2394 consuetudine
737 2365 906 2395 obtentum
930 2367 978 2396 ibi
1000 2368 1102 2397 fuerit
1121 2373 1152 2398 et
1169 2378 1239 2399 scr-

268 2419 397 2444 vatum.
418 2424 475 2444 111-0
493 2415 763 2454 archiepiscopus
784 2418 853 2455 ipse
870 2428 928 2456 per
944 2428 978 2449 50
995 2420 1046 2449 vel
1061 2429 1119 2458 per
1135 2421 1237 2451 alium

267 2467 305 2496 (10
332 2467 441 2497 causis
469 2467 519 2496 vel
544 2469 686 2505 negotiis
712 2479 769 2507 per
794 2470 1066 2502 archidiaconum
1090 2473 1142 2503 vel
1167 2475 1238 2513 ejus

267 2519 441 2549 officialem
462 2519 614 2550 diffinitis
637 2520 704 2550 ullo
727 2522 822 2552 modo
843 2524 946 2561 possit
967 2533 1164 2562 cognoscere
1187 2526 1239 2556 vel

267 2572 478 2609 interponere
514 2572 547 2601 iu
576 2572 644 2603 illis
675 2573 886 2613 aliquatenus
914 2581 1024 2614 partes
1051 2587 1145 2614 suas,
1180 2588 1239 2609 500

268 2624 495 2654 executionem
512 2625 599 2654 circa
615 2625 704 2663 ipsas
722 2627 981 2657 ecclesiasticam
997 2630 1170 2668 impedire.

270 2689 282 2703 »
301 2676 496 2706 Ordiualum
519 2681 568 2706 cst
589 2677 725 2716 insuper
741 2680 828 2717 quod
849 2681 1008 2719 quicquid
1024 2683 1239 2713 emolumenti

268 2729 360 2758 curie
380 2728 621 2767 archiepiscopi
642 2730 680 2760 de
701 2731 812 2769 sigillo
833 2733 884 2762 vel
909 2733 1043 2764 aliunde
1068 2735 1240 2766 obvenerit

268 2781 396 2810 ratione
412 2790 586 2810 causarum
603 2792 665 2820 que
680 2783 713 2812 111
731 2784 823 2813 curia
838 2785 911 2823 ipsa
927 2790 1121 2823 tractantur,
1135 2792 1240 2818 totum

268 2834 355 2863 idem
385 2833 654 2872 archiepiscopus
679 2835 815 2872 habeat,
845 2842 876 2867 ct
901 2839 1155 2870 archidiaconus
1182 2841 1240 2880 qui

269 2894 358 2915 nunc
374 2890 421 2916 est
441 2890 471 2916 et
489 2886 545 2924 qui
561 2896 619 2924 pro
636 2892 780 2926 tempore
797 2890 899 2920 fuerit
914 2891 1043 2929 integre
1061 2892 1102 2922 ad
1117 2893 1239 2923 emolu-

1324 322 1338 336 ))

1324 375 1337 389 1)

1325 427 1331 441 )

1324 480 1338 494 ))

1325 533 1337 547 1)

1326 639 1337 652 1)

1325 691 1338 706 5>

1325 744 1338 758 ἣ

1325 797 1338 811 ))

1325 850 1337 864 ))

1325 902 1337 916 Π

1325 956 1337 970 ))

1325 1009 1337 1022 ))

1324 1060 1337 1074 ))

1324 1113 1336 1127 7]

1324 1166 1337 1180 ))

1324 1218 1337 1232 ))

1324 1272 1336 1285 ))

1323 1324 1336 1338 D

1323 1377 1336 1391 )>

1323 1430 1336 1443 ))

1324 1535 1336 1549 ))

1324 1588 1337 1601 ))

1324 1640 1337 1654 )>

1325 1693 1337 1707 ))

1324 1746 1337 1760 ))

1324 1798 1337 1812 ))

1325 1851 1337 1865 7)

1324 1904 1337 1918 >)

1325 1957 1337 1971 J)

1324 2010 1336 2024 ))

1323 2063 1336 2077 ))

1323 2116 1335 2130 ))

1323 2170 1336 2183 ))

1323 2222 1336 2236 1>

1323 2275 1336 2289 ))

1323 2328 1336 2342 ))

1324 2432 1336 2446 ))

1323 2486 1336 2500 ))

1323 2538 1336 2553 ))

1323 2592 1336 2606 ))

1324 2644 1337 2658 ))

1324 2697 1337 2711 ))

1324 2749 1337 2763 ))

1323 2801 1337 2816 Υ)

1324 2853 1337 2867 ))

1324 2906 1338 2920 ))

957 244 1197 276 REGISTRES
1219 239 1526 275 D'AIJEXANDRE
1550 247 1605 277 IV.

1362 314 1510 340 mentum
1534 316 1564 342 et
1585 313 1791 343 commodum
1813 323 1909 344 suum
1932 314 2092 353 percipiat
2112 315 2271 354 quicquid
2293 316 2334 346 de

1362 363 1473 401 sigillo
1485 364 1536 394 vel
1549 364 1683 396 aliunde
1697 366 1869 397 obvenerit
1880 367 2008 397 ratione
2024 376 2200 398 causarum
2217 378 2280 407 que
2296 369 2333 398 in

1362 416 1454 445 curia
1467 425 1526 446 sua
1543 417 1593 446 vel
1610 417 1761 448 officialis
1775 419 1828 448 sui
1846 423 2029 449 tractantur
2044 419 2095 450 vel
2113 420 2147 449 in
2163 425 2333 459 posterum

1363 468 1603 499 tractabuntur.
1623 470 1731 500 Salvis
1750 470 1816 501 hiis
1833 480 1896 510 que
1915 480 2014 510 supra
2030 476 2061 502 et
2076 472 2166 502 infra
2181 473 2334 504 ordinata

1363 525 1439 551 sunt
1456 521 1490 551 in
1507 522 1583 552 aliis
1599 523 1761 553 articulis.

1366 586 1378 599 »
1396 574 1593 603 Ordinatum
1605 584 1736 614 quoque
1750 580 1809 611 est,
1823 580 1859 606 ut
1870 576 1908 606 de
1920 577 2075 607 omnibus
2087 578 2236 608 emendis
2250 587 2334 617 quas

1363 627 1523 664 receperit
1546 627 1800 658 archidiaconus
1816 628 1868 658 vel
1889 629 1960 668 ejus
1982 630 2148 664 officialis,
2171 635 2227 661 aut
2247 630 2334 662 alius

1364 679 1497 709 nomine
1514 689 1573 710 5110
1586 680 1619 709 10
1632 680 1703 719 ejus
1719 681 1811 711 curia
1827 690 1885 719 pro
1901 683 2126 718 contumatiis,
2142 683 2335 722 suspensio-

1364 732 1473 767 nibus,
1487 733 1686 768 interdictis,
1699 735 2109 770 excommunicationibus,
2125 736 2262 774 nuptiis,
2275 745 2336 766 seu

1364 785 1586 815 matrimoniis
1605 786 1841 820 clandestinis,
1860 787 1955 817 falsis
1973 787 2130 823 testibus,
2149 789 2218 818 sive
2240 788 2336 818 testi-

1363 838 1484 867 moniis
1512 842 1543 867 et
1568 839 1722 869 omnibus
1749 839 1825 868 aliis
1850 839 1888 869 de
1917 840 2039 878 quihus
2065 840 2336 880 archiepiscopus

1363 891 1535 920 consuevit
1551 891 1719 929 percipere
1738 891 1820 921 duas
1836 896 1958 930 partes,
1977 893 2048 930 ipse
2065 892 2335 932 archiepiscopus

1363 944 1445 974 duas
1462 948 1491 973 et
1509 944 1763 974 archidiaconus
1781 945 1912 975 tertiam
1927 950 2038 983 partes
2055 945 2214 981 habeant,
2231 945 2334 976 salvis

1363 996 1517 1026 omnibus
1533 1006 1597 1035 que
1614 997 1768 1035 superius
1792 1002 1823 1028 et
1843 998 1986 1027 inferius
2005 998 2168 1028 ordinata.
2185 999 2225 1028 In
2241 998 2334 1028 curia

1362 1057 1438 1078 vero
1451 1048 1529 1078 dicti
1545 1049 1796 1087 archiepiscopi,
1811 1049 2064 1081 archidiaconus
2078 1050 2184 1080 nichil
2195 1050 2336 1089 recipiat

1362 1101 1401 1131 de
1416 1101 1589 1139 premissis
1607 1101 1767 1131 emendis.
1788 1101 2051 1132 Archidiaconus
2070 1106 2182 1133 autem
2201 1103 2259 1142 qui
2274 1111 2333 1142 pro

1362 1158 1507 1192 tempore
1528 1155 1629 1184 suerit
1652 1155 1686 1183 in
1709 1164 1769 1184 sua
1792 1155 1959 1185 creatione
1981 1155 2033 1185 vel
2052 1155 2258 1194 promotione
2279 1164 2333 1186 ar-

1362 1206 1571 1244 chiepiscopo
1588 1206 1673 1236 bona
1691 1207 1753 1236 fide
1773 1207 1941 1245 promittat
1958 1207 2152 1246 quod‘circa
2167 1207 2333 1246 predictas

1362 1258 1518 1288 emendas
1549 1259 1613 1296 ipsi
1644 1258 1892 1297 archiepiscopo
1913 1259 1968 1298 jus
1995 1268 2093 1289 suum
2119 1260 2274 1298 superius
2301 1263 2334 1290 et

1361 1312 1503 1341 inferius
1520 1312 1679 1349 seriptum
1697 1315 1727 1341 et
1743 1311 2011 1347 determinatum,
2030 1316 2095 1342 tam
2111 1321 2169 1351 per
2184 1321 2219 1343 se
2233 1321 2333 1352 quam

1361 1364 1518 1395 officiales
1535 1373 1612 1394 suos
1629 1369 1789 1403 quantum
1806 1365 1840 1394 in
1861 1374 1898 1395 eo
1914 1365 2031 1401 suerit,
2050 1365 2196 1395 servabit
2211 1370 2243 1396 et
2256 1374 2334 1404 pro—

1361 1417 1491 1447 curabit
1506 1417 1644 1447 servari.

1363 1481 1376 1495 n
1390 1470 1586 1500 Ordinaturn
1599 1473 1647 1499 est
1660 1473 1809 1507 preterea
1820 1469 1907 1508 quod
1919 1470 2050 1508 quando
2063 1470 2334 1510 archiepiscopus

1361 1523 1463 1552 fuerit
1488 1531 1624 1561 presens
1648 1522 1682 1552 in
1703 1522 1836 1552 civitate
1862 1523 2021 1552 Remensi
2042 1526 2073 1553 et
2093 1523 2259 1562 synodum
2277 1532 2335 1554 vo-

1362 1575 1463 1605 luerit
1490 1579 1520 1605 et
1547 1575 1691 1613 potuerit
1718 1574 1885 1605 celebrare
1916 1575 1988 1613 ipse
2016 1584 2074 1613 per
2106 1584 2157 1611 se,
2183 1575 2334 1615 alioquin

1363 1628 1633 1663 archidiaconus,
1655 1627 1682 1657 51
1702 1636 1840 1665 presens
1861 1627 1980 1663 suerit,
1999 1636 2037 1657 eo
2053 1631 2164 1658 autem
2180 1628 2333 1664 absente,

1362 1680 1520 1710 officiales
1536 1681 1712 1719 utriusque
1729 1679 1867 1710 insimul
1885 1680 2027 1715 faciant,
2046 1685 2196 1716 teneant,
2213 1680 2266 1711 vel
2280 1690 2335 1711 ce-

1361 1733 1502 1763 lebrent.
1528 1731 1786 1771 Archiepiscopo
1808 1742 1884 1763 vero
1908 1733 2044 1763 absente
2069 1743 2087 1763 a
2109 1733 2243 1764 civitate
2267 1734 2335 1764 Re-

1363 1786 1488 1821 mensi,
1517 1785 1608 1815 solus
1633 1785 1905 1821 archidiaconus,
1932 1786 1961 1816 51
1990 1794 2128 1824 presens
2152 1785 2271 1821 fuerit,
2298 1786 2335 1815 in

1363 1839 1457 1869 domo
1474 1848 1533 1869 sua
1550 1838 1600 1868 vel
1614 1838 1705 1874 alibi,
1723 1838 1780 1868 uhi
1797 1838 1949 1874 voluerit,
1968 1839 2133 1877 synodum
2147 1839 2186 1869 de
2202 1838 2334 1870 clericis

1362 1891 1415 1921 sui
1436 1891 1726 1921 archidiaconatus
1747 1890 1906 1926 celebret,
1926 1891 2079 1921 faciendo
2099 1895 2130 1921 et
2152 1887 2344 1922 exercendo

1363 1953 1401 1974 ea
1423 1953 1487 1982 que
1507 1944 1542 1973 in
1565 1943 1692 1982 synodo
1708 1943 1781 1973 fieri
1797 1943 1928 1973 debent.
1946 1943 2204 1982 Archiepiscopo
2223 1948 2334 1974 autem

1362 2001 1393 2027 et
1407 1997 1639 2027 archidiacono
1656 1996 1696 2025 ab
1713 1996 1827 2026 eadem
1844 1996 1977 2026 civitate
1995 1996 2201 2033 absentibus,
2219 2005 2334 2028 eorum

1361 2050 1518 2080 officiales
1535 2050 1569 2079 in
1587 2049 1727 2079 ecclesia
1743 2049 1919 2084 Remensi,
1940 2049 1991 2079 vel
2013 2049 2048 2078 in
2064 2049 2188 2088 palatio
2203 2049 2335 2080 archie-

1361 2103 1487 2142 piscopi
1501 2103 1602 2133 simul
1617 2106 1751 2133 teneant
1767 2107 1797 2132 et
1809 2102 1977 2132 celebrent
1989 2092 2165 2141 synodum,
2177 2102 2335 2132 mandata

1362 2166 1445 2186 nova
1465 2155 1650 2195 synodalia,
1669 2164 1742 2185 cum
1758 2155 1884 2186 fuerint
1899 2155 2063 2190 facienda,
2081 2155 2248 2185 communi
2259 2163 2334 2185 con-

1361 2219 1463 2239 sensu
1478 2209 1618 2239 insimul
1632 2209 1805 2243 facientes,
1826 2207 1918 2237 salva
1931 2208 1996 2246 ipsi
2013 2207 2260 2246 archiepiscopo
2274 2216 2334 2246 po-

1362 2266 1480 2293 testate
1501 2262 1666 2301 synodum
1688 2270 1762 2292 cum
1785 2261 1937 2299 expedire
1953 2260 2098 2290 viderint
2113 2260 2330 2299 prorogandi.

1361 2315 1536 2345 dummodo
1553 2315 1588 2344 in
1604 2314 1665 2344 hoc
1681 2323 1719 2344 ex
1735 2314 1864 2343 malitia
1880 2322 1945 2343 non
1961 2313 2150 2352 procedant.

1364 2380 1376 2394 >³
1395 2368 1500 2405 Super
1519 2367 1669 2397 custodia
1684 2375 1761 2396 vero
1779 2366 1995 2396 ecclesiarum
2008 2365 2200 2396 vacantium
2216 2369 2248 2396 et
2262 2374 2333 2404 per-

1360 2420 1510 2458 ceptione
1527 2428 1563 2448 ac
1581 2419 1833 2449 conservatione
1852 2419 2021 2448 fructuum
2038 2417 2230 2454 earundem,
2247 2417 2332 2448 ordi-

1362 2477 1477 2503 natum
1496 2477 1545 2503 est
1564 2472 1651 2511 quod
1668 2476 1734 2501 tam
1756 2471 2026 2509 archiepiscopus
2049 2479 2148 2510 quam
2166 2470 2334 2501 archidia-

1362 2535 1464 2556 conus
1481 2530 1631 2563 uterque,
1653 2524 1780 2555 scilicet
1797 2524 1832 2553 in
1849 2523 2008 2559 solidum,
2026 2523 2212 2554 custodiam
2226 2523 2334 2562 ipsam

1362 2579 1482 2609 haheat
1503 2579 1698 2616 fructusque
1721 2580 1894 2607 conservet
1915 2576 1972 2615 qui
1991 2576 2099 2614 primo
2118 2575 2273 2606 videlicet
2294 2584 2334 2606 ex

1362 2631 1444 2669 ipsis
1460 2640 1518 2669 per
1534 2639 1568 2660 se
1585 2629 1635 2660 vel
1651 2639 1709 2668 per
1725 2628 1884 2659 officiales
1901 2637 1978 2658 suos
1998 2628 2059 2659 hec
2077 2627 2334 2667 apprehenderit

1363 2694 1421 2715 seu
1432 2683 1594 2722 receperit
1607 2683 1677 2712 sive
1691 2682 1837 2712 sasierit.
1852 2681 1887 2712 Si
1901 2681 1981 2720 quid
1993 2685 2104 2711 autem
2116 2679 2334 2711 emolumenti

1362 2745 1400 2767 ex
1418 2736 1609 2775 hujusmodi
1628 2734 1778 2765 custodia
1797 2734 1862 2772 ipsi
1878 2733 2128 2771 archiepiscopo
2147 2732 2200 2762 vel
2221 2731 2334 2762 archi-

1361 2789 1500 2818 diacono
1514 2797 1572 2818 500
1588 2786 1786 2817 officialibus
1801 2794 1915 2816 eorum
1926 2784 2127 2823 provenerit,
2142 2784 2230 2814 inter
2242 2783 2336 2822 ipsos

1362 2841 1647 2879 archiepiscopum
1664 2843 1696 2870 et
1711 2838 1984 2869 archidiaconum
1999 2837 2086 2867 bona
2104 2836 2169 2867 fide
2184 2845 2243 2875 per
2261 2844 2335 2866 me·-

1363 2893 1454 2923 dium
1472 2893 1635 2932 equaliter
1651 2892 1829 2922 dividatur.
