2441 3330
950 203 1174 242 PREMIERE
1194 208 1354 245 ANNEE.
2157 226 2194 256 45

105 271 145 301 de
163 271 245 309 ipsis
265 270 437 301 beneficiis
459 281 521 310 que
544 272 606 301 tibi
625 273 664 302 de
684 282 767 303 novo
789 274 827 304 de
851 275 957 312 gratia
975 276 1111 313 speciali

106 323 307 353 conferimus
323 323 358 352 in
373 324 593 362 prejudicium
614 328 707 354 tuum
723 330 953 364 attemptatum
968 332 1017 358 est
1032 328 1111 358 hac-

106 379 202 407 tenus
220 375 273 406 vel
295 376 470 414 contigerit
492 377 691 415 attemptari.
710 378 803 408 Nulli
825 383 885 409 etc.
904 384 1015 410 nostre
1034 390 1111 419 sup-

104 428 277 467 pletionis,
302 428 581 464 confirmationis,
603 430 851 461 constitutionis
873 435 903 461 et
925 432 1111 462 collationis

104 485 165 511 etc.
183 482 256 510 Dat.
274 481 424 519 Neapoli,
444 482 477 511 ΙΙ
492 481 651 512 kalendas
667 483 790 517 martii,
811 492 897 512 anno
913 484 1029 521 primo.
1051 496 1062 510 n

177 680 261 708 188
658 679 776 713 Names,
795 680 825 706 18
842 680 944 706 sevrier
964 680 1038 707 1255.

138 741 265 768 Licentia
290 741 486 768 commutandi
511 741 650 776 quasdam
681 742 884 776 possessiones
912 742 1111 769 Anconitanae

101 790 241 817 ecclesiae
259 791 286 816 in
302 790 381 816 alias.
399 789 482 822 (Rea.
494 789 538 823 ς24,
555 798 581 816 c.
602 790 659 822 149,
679 790 696 816 f.
716 790 781 824 tsv.)

143 917 156 931 «
185 927 220 939 ..‚
248 905 356 934 Sancti
379 904 530 933 Johannis
558 904 748 933 Anconitani
772 909 798 933 et
825 927 857 939 ..,
887 910 988 934 sancte
1015 907 1110 934 Marte

99 958 209 986 Porcus
226 959 299 986 ‘novt'
311 958 501 986 Anconitane
519 957 643 986 diocesis
658 957 825 986 abbatibus.
841 957 886 986 Ex
902 961 994 995 parte
1009 967 1110 987 vene-

99 1009 217 1039 rabilis
234 1009 346 1039 fratris
367 1009 472 1038 nostri
497 1032 529 1044 ..‚
550 1009 695 1047 episcopi
714 1009 933 1045 Anconitani⁷
951 1010 1015 1039 fuit
1034 1020 1109 1048 pro-

99 1062 243 1100 positum
255 1070 365 1091 coram
377 1061 471 1091 nobis
484 1062 571 1100 quod
581 1061 790 1091 Anconitana
799 1062 939 1091 ecclesia
950 1063 1110 1101 quasdam

99 1114 339 1153 possessiones,
360 1114 472 1144 domos
489 1118 519 1144 et
535 1114 600 1143 alia
615 1114 702 1144 bona
717 1114 752 1143 in
768 1114 910 1144 diversis
927 1114 1009 1145 locis
1027 1115 1109 1144 civi-

100 1167 177 1198 tatis
196 1171 227 1198 et
243 1167 384 1197 diocesis
399 1167 607 1197 Anconitane
627 1167 768 1203 obtinet,
789 1177 852 1206 que
867 1168 1019 1206 pluribus
1034 1177 1109 1206 per-

101 1221 192 1251 sonis
215 1225 292 1250 sunt
313 1220 374 1250 sub
399 1224 487 1250 certo
514 1229 616 1250 censu
641 1220 692 1250 vel
715 1229 826 1250 annua
848 1221 1007 1259 pensione
1030 1230 1109 1251 con-

99 1282 204 1304 cessa.
223 1273 286 1303 Sed
299 1273 377 1311 quia
393 1273 432 1303 de
445 1273 512 1303 hiis
528 1273 636 1303 eidem
652 1273 790 1303 ecclesie
806 1273 898 1303 nulla
913 1274 965 1304 vel
980 1275 1109 1305 modica

99 1329 205 1365 potest
224 1325 352 1355 utilitas
367 1326 554 1364 provenire,
570 1326 660 1356 idem
675 1327 847 1365 episcopus
863 1326 1036 1357 humiliter
1051 1337 1108 1366 pe-

99 1379 188 1409 tebat
205 1387 222 1408 a
239 1378 333 1408 nobis
349 1382 385 1408 ut
401 1379 611 1416 permutandi
630 1387 667 1409 ea
681 1388 739 1417 pro
756 1379 947 1410 utilioribus
964 1384 1020 1409 aut
1035 1380 1108 1418 ipsa

97 1431 272 1466 vendendi,
286 1431 332 1460 ita
345 1431 432 1469 quod
444 1430 578 1461 illorum
593 1431 742 1469 precium
754 1431 789 1460 in
804 1431 985 1462 utilitatem
1000 1433 1106 1471 ipsius

96 1484 234 1516 ecclesie
250 1488 471 1520 convertatur,
490 1484 556 1514 sibi
572 1484 743 1514 licentiam
757 1485 935 1516 concedere
952 1486 1106 1523 dignare-

94 1546 179 1567 mur.
206 1537 275 1567 Nos
300 1537 412 1575 itaque
441 1537 480 1567 de
506 1541 617 1567 vestra
647 1537 942 1576 circumspectione
970 1539 1103 1575 confisi,

93 1590 299 1629 presentium
314 1590 408 1620 vobis
425 1590 619 1620 auctoritate
637 1590 886 1624 committimus,
905 1595 950 1627 ut,
969 1591 997 1621 si
1011 1591 1105 1621 utili-

93 1643 154 1673 tati
175 1642 324 1682 ejusden)
348 1642 487 1673 ecclesie
509 1642 543 1672 id
566 1643 744 1673 manifeste
764 1643 916 1673 videritis
937 1644 1101 1682 expedire,

95 1696 180 1726 dicto
203 1696 355 1734 episcopo
378 1695 502 1734 absque
523 1696 707 1735 prejudicio
729 1696 965 1726 conductorum
991 1701 1103 1727 aucto-

93 1748 190 1778 ritate
206 1753 319 1778 nostra
338 1748 538 1786 postulatam
557 1748 729 1779 licentiam
749 1749 953 1785 concedatis3
971 1750 1103 1788 proviso

94 1801 181 1840 quod
197 1801 347 1839 precium
366 1800 558 1840 hujusmodi
579 1801 614 1831 in
637 1801 817 1831 utilitatem
837 1802 943 1840 ipsius
964 1803 1103 1833 ecclesie

93 1857 314 1884 convertatur.
336 1855 410 1883 Dat.
428 1853 582 1892 Neapoli,
602 1855 669 1884 XII
684 1854 843 1884 kalendas
862 1855 996 1891 marcii,
1016 1864 1102 1885 anno

93 1915 210 1946 prlmo.
230 1918 242 1933 »

166 2105 250 2133 169
642 2105 760 2140 Νειρῑθε,
779 2105 810 2132 18
829 2105 932 2132 sevrier
950 2106 1028 2132 1255.

130 2166 234 2193 Abbati
260 2166 438 2193 Rothonensi
465 2166 639 2193 venetensis
664 2166 789 2193 diocesis
816 2175 900 2193 usum
927 2168 1027 2193 mitrae
1051 2171 1098 2194 etc.

87 2215 234 2241 concedit.
249 2214 333 2247 (Rau.
348 2214 393 2247 24,
410 2223 435 2242 c.
454 2215 514 2248 150,
529 2215 548 2241 f.
568 2215 620 2249 19.)

132 2341 145 2356 α
168 2331 264 2365 Petro,
282 2330 393 2365 abbaci,
412 2335 437 2359 et
453 2331 617 2359 conventui
641 2330 822 2359 monasterii
841 2330 1037 2359 [cathenensis
1059 2330 1099 2359 ad

91 2382 259 2412 Romanam
274 2383 437 2411 Ecclesiam
451 2384 536 2411 nullo
551 2383 648 2411 medio
656 2383 850 2420 pertinentis,
866 2383 985 2411 ordinis
998 2384 1098 2411 εαηειί

90 2435 258 2469 Benedicti,
288 2436 453 2464 Venecensis
475 2436 609 2464 diocesis.
633 2436 678 2465 Ut
704 2434 820 2472 pulcra
842 2439 873 2464 ct
895 2435 1012 2464 decora
1034 2439 1095 2465 etc.

89 2495 195 2526 usque
211 2487 310 2517 decus
326 2488 496 2526 proprium
511 2491 542 2517 et
558 2488 718 2517 decorem.
738 2487 917 2525 Eapropter
933 2487 1045 2516 dilecti
1061 2487 1096 2516 in

90 2539 230 2569 Domino
260 2539 321 2568 filii
345 2540 466 2570 vestris
490 2539 643 2578 precibus
670 2539 836 2575 inclinati,
862 2548 959 2568 nsum
986 2539 1094 2575 mitre,

72 2596 75 2597 ⁷
90 2591 192 2627 anuli,
210 2592 473 2630 cyr-ethecarum,
491 2591 679 2622 sandalium
696 2595 727 2621 et
742 2591 916 2621 dalmatice
935 2600 971 2620 ac
987 2595 1096 2629 potes-

90 2647 190 2674 tatem
206 2644 423 2675 benedicendi
439 2644 658 2675 sacerdotales
676 2648 794 2680 vestes,
815 2644 929 2673 altaris
944 2643 1048 2681 pallas
1066 2647 1097 2673 et

91 2696 272 2735 corporalia
289 2698 322 2726 in
340 2697 540 2727 monasterio
554 2696 762 2727 Rothoncnsi
778 2700 809 2726 et
823 2695 972 2725 ecclesiis
989 2695 1097 2725 eidem

89 2748 186 2787 pleno
198 2750 272 2788 jure
285 2750 443 2788 subjectis
458 2758 586 2779 necnon
602 2749 745 2779 faciendi
764 2748 980 2786 sollempnem
995 2748 1096 2778 bene-

91 2800 285 2837 dictionem,
303 2801 478 2831 dummodo
493 2810 630 2839 presens
651 2801 772 2840 aliquis
789 2801 961 2838 episcopus
978 2799 1029 2830 vel
1048 2799 1096 2830 le-

93 2857 186 2891 gatus
201 2854 295 2885 Sedis
307 2854 484 2893 apostolice
499 2863 564 2884 non
579 2854 707 2889 existat,
724 2853 784 2883 tibi
800 2853 848 2882 fili
862 2853 962 2883 abbas
979 2857 1009 2883 et
1026 2862 1096 2883 suc-

1195 280 1381 311 cessoribus
1403 282 1469 312 tuis
1493 283 1529 312 in
1549 288 1745 322 perpetuum
1764 286 1916 317 duximus
1937 289 2192 320 concedendum.

1194 331 1287 360 Nulli
1299 336 1359 362 etc.
1373 338 1483 364 nostre
1495 337 1718 367 concessionis
1732 342 1792 367 etc.
1807 339 1879 368 Dat.
1892 340 2040 378 Neapoli,
2055 342 2121 372 XII
2133 343 2195 373 113]-

1193 381 1307 413 lendas
1323 386 1445 421 martii,
1465 396 1550 417 anno
1566 389 1680 426 primo.
1703 402 1716 416 >2

1268 567 1353 594 1¹20

1230 626 1362 661 Indulget
1378 632 1407 654 ut
1424 629 1560 663 magister
1576 630 1725 661 Martinus,
1740 633 1814 666 prior
1829 635 1967 661 secularis
1978 637 2115 664 ecclesiae
2126 638 2193 665 Wi-

1195 675 1382 706 maranensis,
1400 676 1427 701 in
1444 677 1591 704 invasores
1605 679 1712 712 jurium
1730 681 1859 714 ejusdem
1875 683 2010 709 ecclesiae
2026 693 2194 712 excommu-

1194 722 1346 748 nicationis
1356 725 1526 750 sententiam
1539 727 1720 761 promulgare
1732 728 1832 756 valeat.
1846 730 1928 762 (Rea.
1941 730 1982 762 24,
1997 740 2021 758 c.
2038 732 2094 764 151,
2107 733 2125 760 f.
2139 734 2193 766 19.)

1744 572 1860 606 Naples,
1877 574 1910 600 ‘20
1927 575 2028 602 fevrier
2044 578 2121 604 1255.

1235 841 1248 855 «
1266 831 1409 866 Mayistro
1424 832 1565 867 Martiae,
1582 835 1737 871 capellano
1753 841 1863 867 nostro,
1878 839 1979 874 priori
1991 840 2136 869 secularis
2151 849 2193 869 ec-

1193 882 1278 909 clesie
1299 883 1554 919 Wimaranensis,
1574 886 1790 917 Braeltarensis
1806 889 1938 918 diocesis.
1956 891 2086 920 Nostris
2104 892 2194 921 auri-

1192 933 1254 963 bus
1271 935 1378 964 extitit
1393 936 1594 973 intimatum,
1610 940 1695 977 quod
1709 941 1975 972 Wimaranensis
1987 943 2125 973 ecclesia
2137 954 2194 982 per

1193 986 1350 1016 audacem
1366 988 1577 1019 insolentiam
1599 991 1790 1030 iniquorum
1805 994 1996 1032 frequenter
2014 997 2137 1033 patitur
2158 997 2193 1026 in

1193 1040 1263 1069 suis
1292 1041 1391 1071 rebus
1421 1045 1451 1071 et
1473 1043 1606 1081 juribus
1633 1045 1878 1075 detrimentum.
1908 1047 2064 1078 Volentes
2092 1049 2194 1087 igitur

1194 1092 1282 1119 tuam
1300 1090 1462 1122 honorare
1480 1102 1654 1130 personam
1676 1104 1774 1133 quam
1789 1096 1876 1126 zelus
1893 1101 1946 1127 tue
1964 1098 2146 1130 devotionis
2163 1105 2194 1130 et

1192 1142 1270 1172 fidei
1286 1144 1370 1181 apud
1392 1154 1450 1174 nos
1476 1149 1506 1175 et
1532 1148 1714 1177 Romanam
1737 1149 1917 1179 Ecclesiam
1934 1151 2065 1181 exhibet
2080 1152 2193 1182 lauda-

1192 1194 1293 1224 bilem
1314 1200 1345 1225 et
1368 1201 1533 1235 acceptam
1555 1202 1586 1228 et
1610 1199 1716 1237 ipsius
1739 1201 1875 1231 ecclesio
1898 1202 2192 1241 indempnitatibus

1192 1257 1387 1285 precavere,
1411 1250 1471 1279 tibi
1492 1255 1523 1280 et
1545 1253 1791 1283 successoribus
1813 1255 1878 1284 tuis
1898 1256 1954 1293 qui
1973 1265 2029 1293 pro
2049 1261 2192 1296 tempore

1190 1301 1326 1336 fuerint,
1347 1306 1382 1331 ut
1397 1303 1432 1331 in
1449 1308 1671 1341 usurpatores,
1684 1311 1894 1344 occupatores
1913 1312 1943 1337 et
1956 1309 2125 1340 invasores
2138 1311 2192 1349 ju-

1190 1353 1278 1383 rium
1294 1357 1325 1384 et
1341 1354 1501 1384 bonorum
1517 1356 1622 1394 ipsius
1639 1357 1777 1388 ecclesie
1793 1363 1823 1388 et
1837 1360 1870 1388 in
1888 1369 1942 1389 eos
1959 1361 2100 1400 quijura
2116 1372 2192 1401 que-

1189 1405 1270 1436 libet
1286 1407 1433 1437 redditus
1450 1417 1508 1437 seu
1524 1413 1701 1446 proventus
1716 1420 1778 1448 que
1797 1411 1861 1449 ipsi
1879 1412 2038 1442 debentur
2053 1414 2191 1445 ecclesie

1189 1458 1425 1496 denegaverint
1441 1460 1609 1496 exhibere,
1629 1462 1657 1491 si
1673 1463 1789 1492 moniti
1805 1465 1961 1495 canonice
1978 1475 2042 1495 non
2058 1467 2191 1498 satisfe-

1189 1511 1295 1541 cerint
1310 1512 1348 1541 de
1369 1512 1508 1549 eisdem,
1527 1516 1875 1546 excommunicationis·
1891 1518 2098 1556 promulgare
2114 1529 2189 1550 sen-

1190 1563 1326 1592 tentiam
1352 1564 1501 1599 valeatis,
1526 1567 1721 1597 auctoritate
1742 1569 1946 1605 presentium
1966 1570 2187 1608 indulgemus.

1188 1616 1280 1646 Nulli
1297 1620 1355 1646 etc.
1375 1621 1485 1647 nostre
1506 1619 1730 1649 concessionis
1747 1624 1807 1650 etc.
1824 1622 1897 1651 Dat.
1915 1623 2066 1660 Neapoli,
2084 1624 2116 1653 X
2130 1623 2190 1653 ka-

1187 1668 1301 1699 lendas
1317 1670 1444 1706 martii,
1463 1679 1549 1701 anno
1565 1672 1682 1709 primo.
1700 1686 1712 1699 n

1261 1856 1338 1883 1⁸²¹
1752 1857 1869 1892 Naides,
1886 1859 1901 1885 4
1922 1859 2023 1885 fevrier
2040 1860 2117 1887 1255.

1221 1915 1360 1950 Capitulis
1376 1917 1565 1944 ecclesiarum
1582 1916 1667 1952 Cypri
1683 1918 1823 1953 indulget,
1839 1922 1870 1945 ut
1885 1919 1918 1945 ad
1938 1920 2129 1954 provisionem
2144 1922 2188 1956 ip-

1186 1972 1282 1990 sarum
1305 1965 1491 1992 ecclesiarum
1513 1965 1547 1991 de
1569 1966 1732 2000 pastoribus
1754 1967 1841 1993 libere
1862 1968 2024 2002 procedant.
2043 1969 2125 2002 (Rea.
2142 1970 2187 2004 24,

1185 2021 1211 2040 e.
1230 2013 1288 2044 15⁶2,
1306 2013 1324 2039 f.
1345 2014 1397 2044 19.)

1227 2132 1239 2147 ι(
1272 2121 1425 2150 Uninersis
1454 2122 1599 2158 capitulis
1626 2123 1822 2151 ecclesiarum
1850 2124 2073 2153 calltedralz'wn
2099 2127 2187 2163 reqnt'

1185 2173 1285 2210 Cypri.
1306 2173 1354 2202 Ne
1375 2173 1409 2201 in
1431 2173 1648 2203 electionibus
1669 2174 1861 2211 pontificum
1883 2184 1956 2204 cum
1979 2176 2026 2205 eis
2049 2177 2185 2207 ecclesie

1183 2229 1291 2255 vestre
1308 2225 1497 2255 vacaverint
1518 2226 1724 2255 celebrandis
1744 2236 1800 2256 vos
1823 2227 1982 2265 impedire
1999 2229 2182 2267 contingat,

1182 2281 1218 2307 ut
1230 2286 1294 2306 non
1308 2278 1516 2307 obstantibus
1530 2278 1698 2317 aliquibus
1715 2280 1994 2317 acceptationibus
2011 2281 2061 2311 vel
2078 2291 2184 2312 reser-

1182 2330 1371 2359 vationibus
1403 2330 1441 2359 de
1471 2331 1808 2369 archiepiscopatibus
1835 2332 1886 2361 vel
1917 2333 2184 2371 ‹·piscopal[ib]us

1182 2391 1247 2411 non
1265 2383 1459 2412 vacantibus
1482 2384 1575 2421 regni
1591 2384 1691 2422 Cypri
1709 2393 1767 2414 seu
1782 2384 2039 2416 inbibitionilms
2056 2392 2185 2425 aposto-

1181 2434 1243 2463 lice
1267 2435 1361 2464 Sedis
1384 2434 1435 2464 vel
1457 2435 1639 2473 legatorum
1660 2436 1765 2474 ipsius
1782 2437 1975 2467 auctoritate
1995 2448 2052 2476 pro
2069 2440 2184 2477 quovis

1181 2495 1387 2525 quocumque
1413 2492 1560 2525 pretextu
1590 2489 1833 2527 quomodolibet
1857 2490 1948 2519 vobis
1978 2491 2073 2520 sactis·
2103 2501 2183 2530 quas

1180 2539 1312 2577 penitus
1338 2539 1522 2575 irritamus,
1549 2541 1589 2570 ad
1613 2541 1836 2579 provisionem
1858 2542 2004 2579 ipsarum
2029 2544 2183 2574 ecclesia-

1180 2600 1253 2621 rum
1274 2592 1312 2621 de
1328 2593 1515 2630 pastoribus
1534 2602 1607 2622 cum
1627 2603 1681 2623 eas
1702 2603 1816 2624 vacare
1833 2595 2007 2631 contigerit
2028 2605 2083 2633 per
2098 2595 2184 2626 elec-

1182 2644 1303 2673 tionem
1329 2644 1378 2674 vel
1398 2645 1653 2682 postulationem
1675 2646 1865 2675 canonicam
1887 2646 1988 2676 libere
2010 2648 2182 2685 procedere

1180 2696 1332 2732 valeatis,
1352 2697 1379 2725 si
1401 2697 1490 2727 alind
1509 2698 1702 2727 canonicum
1726 2707 1789 2728 non
1811 2699 1964 2735 obsistat,
1990 2701 2181 2730 anctoritate

1181 2749 1274 2777 vobis
1298 2749 1501 2787 presentium
1526 2750 1748 2786 indulgemus.
1775 2750 1865 2779 Nulli
1886 2755 1946 2780 etc.
1970 2756 2079 2781 nostre
2104 2761 2180 2782 con-

1180 2801 1340 2830 cessionis
1361 2805 1421 2830 etc.
1446 2803 1517 2830 Dat.
1543 2801 1694 2840 Neapoli,
1718 2803 1750 2831 ΙΙ
1771 2810 1873 2831 nonas
1898 2803 2069 2838 februarii,
2095 2813 2180 2834 anno

1180 2862 1297 2891 primo.
1318 2865 1330 2878 ³>
