2441 3330
215 250 270 279 144

213 314 261 342 dat
278 319 324 349 ut,
342 314 478 349 quotiens
500 315 651 341 ecclesiam
667 314 863 343 Oxoniensem
881 320 995 351 pastore
1010 325 1111 344 vacare
1130 317 1224 344 conti-

215 364 298 398 gerit,
311 363 413 390 domos
428 368 456 390 et
472 368 640 398 apparatum
653 372 686 391 ac
697 370 855 400 proventus
866 366 959 401 ipsius
969 366 1094 393 illibatos
1104 374 1225 394 conser—

213 420 280 439 vare
291 417 344 439 eta
357 412 505 439 canonicis
520 412 615 446 ipsius
630 414 703 440 tueri
719 418 833 441 curent.
853 414 935 446 (Rae.
952 415 1001 448 24,
1018 423 1044 442 c.
1061 415 1122 446 40⁴2.
1136 415 1156 444 f.
1168 415 1224 450 58.)

257 526 269 540 α
289 515 438 552 ..,priori
457 514 629 550 oxoniensi,
649 520 674 543 e!
693 538 724 550 ..,
747 515 911 545 Omoniensi
928 525 963 546 ac
980 518 1088 546 Acensi
1101 518 1225 548 diocesis

215 567 393 596 Oaeoniensis
412 567 651 596 archidiaconis.
670 567 767 597 Lecta
784 576 892 598 coram
911 568 1006 599 nobis
1022 569 1225 601 venerahilis

213 618 328 648 fratris
341 619 447 648 nostri
463 642 495 653 ..,
512 619 656 658 episcopi
674 620 884 654 Oxoniensis,
902 621 1018 659 petitio
1034 622 1225 652 continebat

214 671 315 710 quod,
334 671 362 701 si
384 671 552 709 contingat
575 672 764 710 episcopum
782 672 1005 704 Oxoniensem
1026 674 1083 713 qui
1102 678 1150 705 est
1166 684 1226 714 pro

214 728 358 762 tempore
381 724 469 753 viam
489 724 645 754 universe
665 725 777 754 carnis
798 725 942 761 intrare,
967 727 1119 757 canonici
1139 727 1225 759 Oxo-

213 776 349 806 nienses
374 776 487 807 domos
513 776 716 816 episcopales
739 777 945 809 Oxonienses
970 784 1148 818 occupant,
1174 780 1226 810 di-

213 834 316 859 ruunt
342 834 372 860 et
400 834 593 868 apparatum
618 830 743 869 capelle
765 839 802 861 ac
824 836 1004 870 proventus
1028 833 1225 872 episcopalis

212 890 327 912 mense
341 882 531 912 distrahunt
547 892 606 921 pro
619 892 678 914 sue
694 883 790 914 libito
805 884 998 916 voluntatis.
1013 886 1121 922 Quare
1137 887 1226 918 idem

214 935 387 974 episcopus
406 935 580 966 humiliter
597 946 615 966 a
631 937 727 967 nobis
742 938 839 976 pet-iit
854 943 889 968 ut
903 947 1002 978 super
1017 939 1079 970 hoc
1095 944 1226 979 aposto—

213 987 276 1018 lice
295 988 497 1026 provisionis
520 988 677 1019 adhibere
699 990 882 1020 remedium
908 1000 1112 1022 curaremus.
1137 993 1225 1029 Quo-

213 1040 302 1070 circa
317 1041 513 1071 mandamus
530 1042 703 1080 quatinus,
721 1043 750 1072 si
766 1047 816 1073 est
830 1043 888 1079 ita,
906 1053 971 1074 non
990 1044 1142 1076 obstante
1158 1050 1226 1076 tam

213 1093 330 1132 iniqua
347 1094 588 1124 consuetudine
609 1104 672 1134 que
693 1095 759 1125 dici
779 1095 875 1126 debet
894 1097 1005 1135 potius
1021 1098 1223 1137 corruptela,

214 1146 327 1176 domos
349 1151 381 1176 et
401 1151 594 1184 apparatum
615 1156 651 1177 ac
673 1153 852 1186 proventus
870 1149 1051 1187 predictos,
1070 1152 1225 1191 quotiens

215 1199 389 1230 ecclesiam
409 1200 631 1231 Oxoniensem
653 1206 784 1239 pastore
805 1211 922 1233 vacare
944 1204 1135 1242 contigerit,
1156 1205 1226 1236 illi-

213 1252 307 1283 batos
334 1262 531 1284 conservare
559 1258 590 1284 et
613 1254 653 1284 ab
676 1255 760 1294 ipsis
785 1257 956 1287 canonicis
978 1258 1064 1288 tueri
1087 1259 1223 1295 curetis,

214 1305 316 1336 donec
339 1306 447 1336 cidem
471 1306 609 1337 ecclesie
631 1308 733 1338 fuerit
753 1308 792 1338 de
814 1313 945 1347 pastore
967 1311 1152 1348 provisum.
1171 1313 1224 1342 cui

213 1359 330 1389 domus
350 1359 420 1397 ipse
442 1368 478 1389 ac
498 1360 586 1389 idem
607 1366 784 1399 apparatus
804 1366 834 1392 et
854 1367 1034 1400 proventus
1051 1365 1123 1395 sine
1140 1365 1224 1396 dila-

212 1411 303 1441 tione
333 1412 443 1451 aliqua
474 1413 602 1450 integre
632 1415 833 1452 assignetur.
864 1415 1131 1448 Contradictores
1161 1423 1222 1449 etc.

214 1464 307 1500 Quod
328 1465 355 1493 si
379 1474 445 1494 non
467 1474 582 1496 omnes
603 1471 664 1496 etc.
686 1467 760 1496 Dat.
779 1468 935 1506 Neapoli,
954 1470 1005 1499 III
1027 1469 1103 1500 idus
1125 1471 1221 1507 maii,

213 1526 300 1547 anno
317 1518 435 1555 primo.
454 1530 468 1545 ³>

282 1689 368 1717 491
833 1692 950 1728 Naples,
967 1695 983 1720 9
999 1695 1053 1721 mai
1074 1694 1149 1722 ¹255.

247 1751 420 1777 Abbatissae
443 1756 471 1778 et
495 1753 650 1779 conventui
676 1755 842 1781 monasterii
865 1755 899 1781 de
924 1755 1118 1789 Herkentode,
1149 1758 1222 1785 Leo-

211 1792 321 1826 diensis
336 1800 470 1833 diocesis,
489 1801 619 1835 indulget
635 1805 665 1829 ut
680 1802 715 1828 ad
730 1804 924 1838 receptionem
936 1805 1059 1840 alicujus
1075 1806 1103 1832 in
1120 1815 1220 1834 mona-

210 1848 292 1874 cham
318 1848 361 1874 vel
390 1857 560 1876 conversam
593 1858 647 1876 nou
679 1855 831 1879 teneantur
861 1861 914 1880 nec
938 1856 1071 1889 compelli
1096 1857 1220 1890 possint.

210 1896 294 1929 (Rea.
311 1896 354 1929 ⁵24,
372 1905 397 1923 c.
415 1897 477 1932 403,
492 1898 511 1924 f.
527 1898 583 1930 58.)

251 2010 264 2024 a
293 2021 325 2033 ..,
351 2000 497 2029 abbatisse
518 2005 545 2029 et
568 2003 732 2030 conventui
753 2005 934 2032 monasterii
960 2004 994 2033 de
1018 2005 1218 2042 Hert-emode,

209 2051 414 2081 cislerciensis
427 2053 515 2081 ordin
523 2054 555 2088 is,
573 2054 742 2084 Leodiensis
757 2055 891 2086 diocesis.
904 2057 1001 2087 Pacis
1014 2062 1123 2088 vestre
1139 2068 1221 2098 que-

206 2108 319 2134 rentes
335 2105 542 2135 commodum
560 2111 591 2136 et
608 2107 745 2145 quietis,
764 2108 908 2139 libenter
930 2119 968 2140 ea
987 2111 1081 2141 vobis
1103 2120 1221 2142 conce-

207 2155 317 2185 dimus
344 2166 403 2194 per
429 2166 492 2195 que
520 2159 659 2189 materia
687 2165 849 2191 summota
880 2163 1084 2199 gravaminis
1114 2168 1220 2195 status

205 2209 309 2238 vestri
327 2210 553 2248 tranquillitas
569 2217 775 2250 procuretur.
797 2214 927 2245 Vestris
945 2215 1050 2253 igitur
1063 2217 1219 2254 precibus

204 2261 374 2298 inclinati,
393 2264 588 2294 auctoritate
604 2265 697 2295 vobis
713 2267 919 2304 presentium
936 2268 1165 2307 indulgemus,
1183 2274 1220 2300 ut

205 2314 246 2344 ad
267 2315 490 2353 receptionem
513 2316 655 2356 alicujus
674 2318 710 2348 in
728 2320 925 2350 monacham
950 2321 1002 2351 vel
1025 2330 1219 2353 conversam

204 2375 271 2396 non
287 2368 469 2397 teneamini
487 2377 547 2399 nec
567 2370 720 2408 compelli
734 2372 871 2410 possitis
889 2382 947 2411 per
964 2374 1142 2412 apostolice
1159 2375 1218 2406 Se-

204 2419 255 2449 dis
271 2419 322 2449 vel
344 2419 528 2457 legatorum
544 2422 649 2461 ipsius
667 2423 797 2455 litteras
815 2425 1009 2464 impetratas
1032 2436 1091 2457 seu
1116 2428 1217 2458 etiam

202 2471 447 2510 impetrandas.
478 2474 544 2503 nisi
575 2475 723 2514 ejusdem
751 2477 845 2507 Sedis
871 2477 982 2509 littere
1009 2479 1216 2518 impetrande

201 2523 335 2562 plenam
351 2529 380 2554 et
399 2534 587 2563 expressam
599 2527 637 2558 de
651 2528 751 2558 verbo
767 2529 808 2558 ad
821 2530 960 2560 verbum
976 2531 1014 2562 de
1030 2531 1092 2562 hac
1107 2532 1216 2563 indul—

202 2577 313 2615 gentia
332 2582 364 2608 et
383 2582 493 2609 vestro
508 2581 710 2611 monasterio
727 2582 867 2612 fecerint
884 2584 1099 2614 mentionem.
1121 2585 1215 2615 Nulli

201 2634 264 2660 etc.
292 2635 404 2661 nostre
429 2632 655 2663 concessionis
680 2638 741 2664 etc.
770 2635 843 2664 Dat.
870 2636 1027 2674 Neapoli,
1051 2638 1115 2667 VII
1137 2637 1213 2668 idus

199 2683 298 2719 maii,
319 2693 405 2714 anno
420 2685 539 2723 primo.
558 2697 571 2712 >2

268 2848 357 2876 492

234 2909 351 2937 Eisdem
378 2911 507 2946 indulget
534 2916 572 2943 ut,
600 2921 650 2947 per
675 2914 850 2948 apostolicae
875 2914 958 2941 Sedis
983 2915 1026 2942 vel
1049 2916 1208 2950 legatorum

820 2851 937 2887 Naples,
955 2854 971 2880 9
987 2855 1041 2880 mai
1060 2854 1136 2882 1255.

1254 2543 1259 2662 l

1253 2675 1257 2723 l

1251 2728 1256 2842 l

1247 2843 1254 2957 l

940 251 1180 282 REGISTRES
1202 238 1511 281 D’ALEXANDRE
1533 251 1587 281 1v.

1307 315 1401 350 ipsius
1415 315 1525 343 litteras
1549 316 1717 352 impetratas
1743 325 1793 353 per
1812 325 1886 352 quas
1906 317 2032 344 nondum
2052 317 2169 345 habitus
2184 322 2230 346 est
2248 327 2320 354 pro-

1306 372 1411 391 cessus
1432 372 1485 391 seu
1500 365 1585 392 etiam
1602 365 1812 400 impetrandas,
1829 365 1902 392 trahi
1917 373 1952 392 ex
1968 365 2121 394 Leodiensi
2135 366 2252 394 diocese
2265 374 2318 395 su-

1307 421 1358 448 per
1374 413 1430 439 hiis
1447 421 1519 447 quae
1535 414 1642 440 hubent
1657 415 1730 441 infra
1753 422 1815 442 eam
1837 414 1871 441 ad
1883 414 2028 449 judicium
2043 423 2099 442 non
2116 416 2244 450 possint,
2261 415 2317 443 nisi

1308 462 1504 497 praesentium
1522 462 1629 489 facturn
1646 462 1684 489 sit
1701 463 1884 490 mentionem.
1903 462 1988 496 (Rea.
1999 463 2043 495 24,
2055 471 2079 490 c.
2091 463 2165 498 ⁴03²,
2179 463 2198 490 t.
2216 463 2250 491 58
2263 465 2318 497 ν.)

1350 583 1362 597 «ι
1381 556 1496 600 Eidem.
1510 571 1606 601 Pacis
1617 574 1726 602 vestre
1738 575 1799 601 etc.
1811 579 1918 610 usque
1932 581 1938 600 :
1950 570 2164 610 indulgemus
2175 588 2225 601 —.
2239 571 2316 602 Dat.

1306 629 1343 654 ut
1359 633 1469 662 supra.
1492 636 1505 651 n

1376 801 1466 830 493
1910 801 2028 837 Naples,
2044 802 2077 829 18
2094 802 2149 828 mai
2166 801 2245 830 1255.
2291 798 2295 800 ’

1312 873 1320 881 ·
1344 863 1574 898 Archiepiscopo
1596 863 1805 890 Mediolanensi
1830 863 1957 890 notificat
1979 863 2188 890 ordinationem
2211 867 2260 896 ut,
2281 863 2320 891 de

1307 913 1456 939 canonicis
1476 916 1506 939 et
1529 912 1643 939 clericis
1659 913 1686 939 in
1708 913 1841 939 ecclesiis
1863 913 1988 948 receptis
2003 912 2196 948 praebendam
2210 921 2316 948 expec-

1307 959 1446 994 tantibus,
1471 960 1529 987 duo
1553 960 1701 987 dumtaxat
1726 960 1753 986 in
1778 960 1906 995 qualibet
1928 961 2116 988 ecclesiarum
2140 963 2319 989 remaneant.

1307 1008 1391 1044 (Rau.
1407 1009 1452 1038 24.
1469 1017 1496 1037 c.
1512 1009 1574 1043 404,
1591 1010 1609 1036 f.
1627 1010 1660 1037 58
1677 1010 1729 1042 v⁰.)

1349 1129 1362 1144 ιι
1379 1140 1412 1152 ..,
1426 1118 1652 1156 archiepiscopo
1664 1119 1882 1148 Mediolanensi
1893 1124 1920 1148 et
1930 1120 1994 1156 ejus
2003 1119 2218 1157 suffraganeis·
2232 1118 2319 1150 Ceca

1307 1170 1416 1200 cordis
1432 1170 1596 1209 cupiditas
1608 1175 1639 1201 et
1655 1170 1853 1201 ambitiosus
1867 1170 1990 1202 mentis
2003 1171 2141 1202 affectus
2155 1171 2203 1202 sic
2218 1180 2322 1211 super

1307 1223 1564 1254 canonicatuum
1588 1228 1620 1254 et
1642 1223 1880 1254 beneficiorum
1901 1224 2203 1255 ecclesiasticorum
2224 1233 2318 1256 asse-

1306 1276 1439 1306 cutione
1467 1276 1703 1306 nonnullorum
1729 1281 1858 1307 mentes
1886 1277 2096 1308 insatiabiles
2123 1277 2316 1314 effecerunt,

1307 1328 1394 1368 quod
1408 1337 1468 1367 per
1482 1328 1678 1367 improbam,
1696 1329 1798 1359 immo
1813 1329 1987 1368 reprobam
2004 1330 2126 1368 potius,
2143 1329 2319 1370 propulsa-

1306 1381 1431 1411 tionem
1447 1381 1596 1419 ipsorum
1616 1382 1786 1412 assiduam
1809 1382 2004 1413 auctoritate
2021 1382 2117 1413 Sedis
2137 1381 2317 1421 apostolice

1307 1438 1337 1464 et
1355 1433 1540 1471 legatorum
1558 1434 1665 1472 ipsius
1681 1435 1710 1465 V
1729 1439 1761 1465 et.
1782 1434 1926 1473 amplius
1942 1435 1977 1465 in
1994 1434 2248 1474 quampluribus
2263 1443 2319 1466 cc-

1307 1485 1419 1516 elesiis
1443 1490 1631 1517 vestrarum
1655 1487 1828 1517 civitatum
1851 1491 1882 1517 et
1904 1487 2107 1524 diocesium,
2134 1488 2170 1518 in
2195 1487 2319 1527 quibus

1306 1539 1497 1570 octonarius
1520 1543 1551 1569 et
1575 1539 1685 1569 minor
1710 1539 1811 1570 etiam
1831 1539 1974 1570 habetur
1995 1539 2241 1579 prebendarum
2265 1538 2321 1570 vel

1305 1592 1544 1623 beneficiorum
1570 1601 1747 1627 numerus,
1765 1592 1868 1623 nullis
1888 1592 1923 1622 in
1949 1593 1998 1623 eis
2021 1592 2219 1623 vacantibus
2241 1601 2320 1632 pre·-

1305 1645 1424 1676 bendis
1439 1645 1491 1676 vel
1507 1645 1691 1681 beneficiis,
1712 1645 1747 1674 in
1763 1645 1884 1676 fratres
1901 1650 1932 1676 et
1950 1645 2128 1676 canonicos
2144 1654 2204 1676 seu
2218 1644 2321 1677 cleri-

1305 1708 1360 1728 cos
1381 1702 1458 1728 sunt
1480 1699 1616 1736 recepti.
1635 1699 1704 1729 Nos
1728 1698 1842 1737 itaque
1865 1698 2074 1730 attendentes
2097 1698 2185 1738 quod
2201 1707 2320 1738 expec-

1305 1752 1385 1782 tatio
1403 1756 1450 1782 tot
1464 1756 1672 1790 receptorum
1685 1752 1721 1781 in
1736 1752 1820 1790 ipsis
1836 1751 2008 1782 nonnullis
2021 1752 2108 1790 parit
2123 1751 2318 1782 scandalum

1305 1808 1335 1834 et
1357 1813 1503 1834 ori-orem
1525 1804 1654 1834 inducit
1675 1813 1712 1834 ac
1734 1804 1770 1834 in
1794 1804 1942 1842 ipsorum
1963 1804 2083 1835 salutis
2105 1804 2318 1843 dispendium

1303 1857 1446 1887 latenter
1466 1856 1636 1886 letiferum
1655 1856 1808 1887 morbum
1828 1857 1992 1892 eontinet,
2017 1857 2096 1887 dum
2117 1856 2167 1886 hii
2190 1857 2318 1896 jugiter

1304 1910 1380 1940 aliis
1392 1909 1583 1940 desiderant
1599 1909 1775 1940 succedere
1789 1910 1825 1939 in
1836 1910 2015 1948 prebendis
2028 1910 2080 1941 vel
2094 1909 2268 1941 beneficiis
2279 1914 2318 1941 ut

1303 1964 1352 1994 sic
1373 1963 1619 2001 expectantium
1645 1963 1869 2001 proximorum
1888 1963 2064 1994 interitum
2084 1967 2218 2002 propter
2240 1971 2319 2003 pre-

1302 2016 1488 2046 bendarum
1511 2025 1571 2046 seu
1593 2016 1832 2046 beneficiorum
1855 2016 2101 2047 assecutionem
2123 2015 2320 2047 consulatur

1303 2069 1415 2103 saluti,
1434 2068 1595 2107 vobisque
1613 2073 1644 2099 et
1661 2069 1786 2099 eisdem
1805 2068 1956 2099 ecclesiis
1972 2078 2036 2108 que
2053 2077 2152 2108 super
2166 2068 2316 2108 ipsorum

1301 2122 1491 2160 recept-ione
1506 2121 1689 2160 plurimum
1709 2125 1746 2151 ut
1765 2121 1888 2152 dicitur
1910 2126 1989 2152 sunt
2010 2126 2159 2160 gravate,
2175 2121 2268 2160 pacis
2283 2125 2316 2152 et

1302 2174 1558 2214 tranquillitatis
1580 2174 1788 2204 commodum
1812 2178 2018 2212 procuretur,
2044 2174 2099 2213 pia
2123 2173 2318 2205 considera-

1302 2227 1392 2257 tione
1413 2227 1568 2257 duximus
1588 2227 1822 2262 ordinandum,
1847 2227 1935 2266 quod
1959 2227 1999 2258 de
2021 2227 2069 2257 sic
2088 2226 2231 2266 receptis
2249 2226 2318 2257 duo

1301 2280 1471 2310 dumtaxat
1483 2280 1635 2310 canonici
1647 2280 1717 2310 sive
1729 2279 1843 2310 clerici
1854 2284 2050 2310 remaneant
2060 2279 2096 2309 in
2107 2279 2315 2318 quibuslibet

1301 2332 1452 2363 ecclesiis
1471 2333 1689 2371 supradictis,
1706 2333 1743 2362 in
1762 2332 1911 2371 qualibet
1929 2332 2146 2363 ecclesiarum
2163 2332 2315 2371 ipsarum

1298 2389 1495 2415 remaneant
1515 2385 1572 2424 qui
1593 2385 1661 2416 sint
1683 2390 1829 2424 tempore
1851 2385 2006 2424 potiores.
2027 2386 2078 2416 Ita
2095 2389 2208 2416 tamen
2225 2385 2314 2424 quod

1299 2446 1415 2468 eorum
1429 2437 1513 2467 alter
1523 2438 1670 2476 predicte
1682 2438 1777 2468 Sedis
1792 2438 1988 2469 auctoritate
2003 2442 2156 2476 receptus
2171 2438 2208 2468 in
2219 2446 2331 2469 asse--

1299 2491 1431 2521 cutione
1445 2490 1612 2529 prebende
1626 2500 1685 2521 seu
1698 2491 1854 2522 beneficii
1867 2491 2066 2530 preferatur.
2082 2491 2118 2522 Si
2131 2499 2209 2521 vero
2223 2494 2315 2522 uter-

1298 2552 1362 2582 que
1374 2543 1417 2573 sit
1428 2543 1575 2582 ejusdem
1591 2544 1686 2574 Sedis
1697 2545 1893 2574 auctoritate
1906 2544 2073 2574 admissus
2082 2543 2121 2574 de
2130 2543 2314 2582 prebendis

1297 2601 1353 2626 aut
1369 2597 1542 2627 beneficiis
1560 2597 1774 2635 provideatur
1790 2597 1917 2628 eisdem
1931 2601 2029 2636 prout
2044 2597 2078 2626 in
2092 2597 2168 2636 jure
2183 2596 2312 2627 fuerint.

1294 2650 1452 2688 potiores,
1469 2650 1676 2689 receptiones
1697 2656 1754 2681 aut
1774 2651 1879 2681 factas
1901 2650 1941 2680 de
1961 2649 2103 2689 reliquis
2125 2650 2161 2679 in
2182 2648 2309 2680 eisdem

1295 2702 1446 2732 ecclesiis
1468 2703 1603 2741 penitus
1626 2703 1818 2739 irritamus,
1838 2703 2054 2733 decernentes
2075 2702 2152 2733 illos
2168 2701 2210 2732 ad
2225 2709 2314 2741 quos
2365 2696 2374 2714 ³

1293 2755 1328 2784 in
1355 2755 1494 2793 prefatis
1527 2755 1678 2786 ecclesiis
1704 2756 1948 2795 prebendarum
1979 2759 2036 2786 aut
2067 2754 2308 2786 beneficiorum

1294 2811 1419 2846 spectat
1431 2807 1562 2838 collatio
1577 2808 1618 2838 ad
1627 2809 1852 2846 provisionem
1863 2808 2070 2847 reliquorum
2081 2807 2307 2846 alliquatenus

1291 2869 1358 2890 non
1385 2861 1503 2891 teneri.
1532 2862 1606 2891 Dat.
1634 2861 1789 2900 Neapoli,
1815 2862 1876 2892 XV
1902 2860 2062 2892 kalendas
2085 2860 2190 2900 Junii‚
2217 2867 2312 2908 anno

1291 2921 1408 2951 primo.
1429 2925 1442 2940 »

2413 570 2422 573 ι

2432 510 2441 624 *al—A
2424 447 2441 468 .-
2436 396 2437 399 Α

2376 2511 2390 2540 ;,.
2356 2465 2386 2491 (Γ.
