2441 3330
234 209 287 238 120
957 208 1196 239 REGISTRES
1218 207 1526 238 D'ALEXANDRE
1549 209 1602 239 IV.

232 274 256 304 I.
284 282 365 311 papa
391 273 604 310 predecessor
631 278 742 303 noster
762 273 801 304 de
822 275 995 312 potestatis
1020 273 1239 313 plenitudine,

230 325 370 354 fratrum
397 334 531 354 50010111
557 326 799 357 communicato
825 327 980 362 consilio,
1015 326 1240 357 venerabilem

232 378 337 407 filium
370 383 517 407 nostrum
549 379 683 408 fratrem
713 380 747 409 Β.
777 379 815 409 de
845 380 960 411 ordine
993 381 1239 411 Prodicatorum

231 431 425 460 Pactensem
444 431 644 469 episcopum,
663 432 714 461 cui
731 432 770 462 de
787 432 852 462 vite
869 433 1048 464 mundicia.
1067 433 1240 469 religionis

230 482 309 525 zelo,
329 483 412 512 dono
425 483 575 518 50100110,
594 484 925 522 disciplinamorum,
941 485 1146 523 providentia
1163 490 1240 515 tem—

231 535 393 573 poralium
411 540 438 564 ct
462 527 687 574 spiritualium
711 537 884 575 prudentia
908 538 1073 567 laudabile
1092 538 1240 568 testimo-

231 588 323 616 nium
341 588 581 626 perbibmwtur.
604 590 775 619 l‘actensis
791 590 929 620 ecclesie
947 591 1083 629 prefecit
1105 591 1139 620 in
1156 591 1239 629 epis-

231 649 346 678 copum
361 645 391 670 01,
408 646 582 678 pastorem.
601 643 750 680 Cumque
762 652 821 672 nos
836 644 1042 681 postmodum
1059 644 1099 674 ad
1113 644 1239 682 apicem

231 693 351 721 summi
369 693 571 731 apostolatus
587 695 748 733 assumpti
766 696 795 725 01
813 704 934 726 munus
951 696 1111 727 vellemus
1128 706 1239 727 conse-

231 745 389 775 crationis
406 746 608 784 impendere,
627 747 760 785 quidam
778 757 835 786 pro
852 752 943 787 parte
959 749 1115 788 Phylippi
1133 750 1190 788 qui
1204 759 1239 780 50

230 806 288 834 pro
305 797 457 827 Pactensi
475 799 606 835 gerebat
625 800 788 838 episcopo,
807 810 841 830 se
857 801 1048 840 hujusmodi
1065 812 1239 833 consecra-

231 850 313 878 tioni
329 859 508 888 opponens,
523 853 692 890 proposuit
708 862 816 883 coram
830 854 936 886 1101115,
952 855 1049 893 quod,
1064 856 1238 885 cumidem

232 903 265 932 P.
286 902 409 932 0100105
426 909 510 933 esset
532 905 565 933 in
584 906 776 936 Pacteusem
791 907 980 946 episcopum
998 912 1029 938 et
1044 908 1144 938 etiam
1161 918 1239 938 con-

231 961 390 988 serratus,
407 965 443 986 eo
461 966 524 986 non
541 959 693 988 confesso
709 968 768 989 1100
782 960 931 989 convicto
949 970 1008 990 nec
1023 961 1123 991 citato
1139 961 1239 991 etiam

232 1016 297 1038 non
326 1013 396 1038 erat
428 1010 467 1039 ad
499 1012 780 1042 consecrationem
808 1011 999 1052 hujusmodi
1027 1014 1239 1053 aliquatenus

231 1062 484 1099 procedemlum.
505 1064 573 1093 Nos
596 1074 672 1094 vero
697 1065 906 1096 attendentes
929 1067 1032 1105 quod,
1057 1068 1240 1097 secundum

232 1115 431 1153 apostolum,
460 1117 586 1147 nemini
615 1118 680 1147 cito
706 1118 802 1149 debet
827 1128 944 1149 1111111115
969 1120 1106 1158 imponi,
1132 1120 1240 1159 ipsius

231 1168 513 1198 consecrationem
537 1169 746 1206 distulimus,
773 1171 913 1201 eundem
938 1161 974 1202 Ῥ
999 1178 1030 1202 et
1049 1177 1239 1211 procurato-

231 1228 300 1249 rem
321 1221 392 1259 ejus
411 1221 506 1250 citari
526 1221 560 1250 in
584 1222 752 1252 audientia
773 1228 884 1253 nostra
906 1225 1037 1262 publica
1058 1226 1237 1262 facientes,

230 1276 266 1301 ut
297 1282 402 1310 usque
430 1273 469 1302 ad
496 1274 582 1303 diem
614 1274 813 1305 dominicam
844 1276 877 1305 in
909 1277 1023 1307 Ramis
1055 1278 1240 1315 palmarum

230 1326 378 1363 proximo
407 1327 565 1364 preterita
589 1329 755 1357 ostensuri
780 1329 856 1367 jura
881 1334 911 1359 et
939 1330 1096 1365 rationes,
1124 1332 1152 1361 si
1175 1341 1239 1370 qua

230 1378 317 1407 idem
337 1379 368 1408 1).
387 1388 485 1417 super
501 1380 613 1409 eodem
631 1381 820 1419 episcopatu
840 1392 874 1412 se
890 1382 1012 1413 habere
1032 1389 1238 1423 proponeret,

231 1430 264 1460 in
279 1435 389 1460 nostra
407 1432 572 1469 presentia
590 1434 808 1471 peremptorie
822 1441 1049 1474 comparerent
1067 1447 1072 1466 :
1091 1437 1240 1476 alioquin

231 1491 267 1512 ex
289 1487 365 1513 10110
388 1483 495 1513 dictus
520 1486 554 1514 P.
573 1494 672 1523 501101·
691 1487 819 1524 prefato
841 1488 1032 1527 episcopatu
1049 1489 1240 1520 nullatenus

231 1535 412 1568 audiretur,
435 1546 509 1565 cum
535 1537 784 1569 intenderemus
805 1541 955 1570 conferre
980 1542 1241 1572 consecrationis

231 1597 353 1618 11101105
370 1589 522 1628 episcopo
549 1591 726 1621 nominato.
751 1592 815 1622 Sed
837 1594 963 1631 prefato
985 1595 1020 1624 P.
1043 1595 1076 1624 in
1095 1595 1240 1633 predicto

232 1644 373 1674 termino
386 1654 444 1682 per
461 1654 495 1674 se
512 1645 563 1675 vel
584 1655 641 1683 per
659 1652 904 1684 procuratorem
922 1649 955 1678 in
974 1653 1084 1679 nostra
1105 1659 1240 1688 presen-

231 1696 277 1726 tia
297 1697 434 1727 minime
451 1703 677 1736 comparente,
697 1708 755 1728 1105
772 1709 846 1729 00111
863 1702 1022 1731 [1111111105
1042 1704 1164 1733 nostris
1184 1703 1240 1733 de-

230 1748 426 1779 liberatione
443 1750 607 1787 prebibita
624 1751 743 1781 iterato
761 1752 796 1781 in
813 1753 925 1783 eadem
943 1754 1112 1784 audientia
1130 1765 1165 1785 ex
1183 1765 1240 1785 su-

229 1802 496 1840 perhabundanti
521 1803 651 1841 publice
674 1804 869 1842 proclamari
894 1806 1045 1842 fecimus,
1073 1812 1104 1837 ut
1130 1818 1239 1838 coram

231 1855 325 1885 nobis
348 1861 562 1893 compareret,
582 1856 609 1885 si
626 1857 702 1895 quis
721 1856 848 1896 aliquid
864 1858 961 1889 vellet
978 1860 1107 1891 obicere
1126 1867 1240 1891 contra

230 1909 418 1947 episcopum
437 1915 669 1945 memoratum;
689 1915 719 1939 et
737 1911 815 1949 quia
834 1911 946 1941 1101105
963 1914 1114 1951 apparuit
1131 1915 1187 1953 qui
1204 1924 1239 1946 se

229 1970 287 1991 500
304 1962 546 1991 consecrationi
563 1968 751 2001 opponeret,
764 1964 870 1995 eidem
885 1965 1037 2004 episcopo
1054 1967 1086 1996 in
1106 1968 1238 1998 nomine

229 2015 362 2044 Domini
381 2024 502 2044 munus
521 2017 781 2047 consecrationis
796 2018 950 2048 duximus
966 2019 1236 2057 impendendum,

228 2067 355 2097 firmam
371 2078 459 2105 spem
478 2073 509 2098 et¹
526 2069 678 2099 fiduciam
693 2069 892 2106 obtinentes,
911 2072 997 2110 quod
1009 2073 1122 2103 cadem
1138 2074 1237 2104 eccle-

228 2120 276 2149 sia
300 2126 406 2149 vestra
430 2130 487 2159 per
504 2121 676 2158 diligentie.
696 2132 753 2152 sue
773 2124 918 2153 studium
942 2125 975 2154 in
1000 2126 1237 2164 temporalibus

227 2177 257 2202 ct
277 2173 508 2210 spiritualibus
533 2178 661 2211 gratum
686 2180 818 2205 auctore
842 2177 982 2206 Domino
1005 2179 1163 2217 consequi
1181 2179 1237 2209 de·-

227 2224 299 2255 beat
322 2226 575 2256 i11‹=1·em·:·11tum.
601 2227 668 2257 Nos
692 2228 802 2267 itaque
826 2228 912 2258 dieto
938 2230 973 2259 P.
1003 2240 1102 2268 super
1123 2232 1237 2262 eodem

228 2278 415 2316 episcopatu
455 2284 647 2317 perpetuum
686 2280 857 2310 silentium
897 2282 1121 2320 imponentes,
1160 2285 1237 2314 uni-

227 2331 377 2360 versitati
406 2336 513 2361 vestre
543 2340 697 2369 rogamus
725 2338 755 2362 et
785 2333 956 2363 hortamur
986 2340 1109 2366 attente
1142 2346 1236 2367 man-

227 2383 358 2414 dantes.
391 2384 548 2421 quatinus
583 2386 724 2415 eundem
755 2387 959 2425 episcopum.
994 2398 1067 2418 cum
1101 2390 1140 2419 ad
1180 2400 1235 2420 vos

226 2435 425 2474 pervenerit,
450 2436 565 2466 devote
594 2447 629 2467 ac
656 2438 794 2477 111111101-
819 2440 1046 2471 admittentes.
1072 2442 1136 2472 sibi
1163 2447 1234 2473 tau-

227 2498 325 2527 quam
355 2489 439 2527 patri
468 2494 495 2518 01
525 2491 649 2528 pastori
678 2492 862 2521 animarum
895 2498 1077 2523 vestrarum
1106 2496 1234 2534 impen-

226 2541 311 2570 datis
334 2542 555 2572 obedientiam
574 2548 602 2572 01
625 2545 844 2574 reverentiam
864 2545 1008 2576 debitam
1029 2556 1064 2576 ac
1086 2548 1157 2586 ejus
1180 2558 1233 2578 511-

225 2593 390 2623 lutaribus
419 2596 583 2625 1111011111115Ι
609 2600 639 2625 et¹
668 2597 802 2627 monitis
830 2599 1006 2629 enicas-iter
1034 2600 1230 2636 intendatis,

226 2647 353 2684 prefato
370 2648 405 2677 P.
422 2648 459 2677 de
480 2653 588 2677 cetero
605 2649 795 2679 nullatcnus
815 2651 970 2688 parituri.
992 2652 1033 2681 ita
1056 2653 1141 2691 quod
1164 2654 1232 2691 ipsc

226 2698 258 2726 in
285 2698 377 2727 vobis
405 2699 588 2729 dcrotionis
615 2700 712 2736 tilios,
736 2706 764 2729 01
793 2711 848 2730 vos
873 2702 907 2730 111
931 2712 968 2732 eo
990 2708 1116 2741 patrem
1139 2704 1233 2734 inve-

226 2751 316 2779 111550
344 2751 531 2780 benivolum
556 2752 726 2788 gaudeatis
748 2763 753 2781 t
773 2753 920 2792 alioquin
947 2756 1146 2785 sententiam
1170 2761 1230 2786 ctc.

382 2804 562 2833 obseruari.
590 2806 659 2834 Dat.
686 2807 841 2844 Neapoli,
869 2808 929 2836 XV
954 2808 1111 2838 kalendas
1136 2811 1230 2843 maii,

225 2866 310 2886 anno
328 2857 443 2895 primo.
469 2870 478 2881 v»

225 2814 329 2842 11511110
353 2814 358 2832 :

1358 273 1389 300 In
1405 282 1434 300 e.
1452 281 1488 300 m.
1506 274 1583 300 clero
1599 275 1725 301 civitatis
1740 279 1768 301 et
1783 274 1911 302 diocesis
1925 274 2121 302 Pactensium.

1357 321 1388 348 In
1406 330 1432 350 e.
1451 331 1489 350 m.
1507 323 1612 358 populo
1628 324 1754 350 civitatis
1770 328 1798 350 et
1813 323 1939 350 diocesis
1953 322 2136 351 Pactensium
2151 335 2156 350 ε
2171 332 2263 359 usque
2278 325 2331 352 im-

1321 370 1453 405 pendatis
1470 371 1717 398 honorificentiam
1737 371 1861 399 debitam
1878 376 1906 398 et
1926 372 2074 406 devotam,
2090 380 2123 399 ac
2142 374 2208 407 ejas
2223 373 2331 400 saluta—

1322 419 1402 446 ribus
1416 423 1472 447 etc.
1490 428 1583 454 usque
1601 431 1606 446 :
1623 420 1784 454 gaudeatis.
1806 419 1871 448 Dat.
1892 424 1922 447 ut
1937 428 2036 455 supra.

1356 467 1388 494 In
1405 477 1430 495 e.
1448 476 1487 495 m.
1507 489 1536 502 ..,
1552 469 1661 495 decano
1684 469 1819 496 Militensi
1836 473 1864 496 et
1880 490 1914 503 ..,
1930 469 2132 496 archidiacono
2150 469 2331 498 Messaneusi

1322 524 1413 551 usque
1431 527 1436 543 :
1457 518 1675 544 incrementum.
1693 517 1836 550 Quocirca
1861 518 2045 549 mandamus,
2063 517 2199 552 quatinus
2220 517 2329 546 dictum

1322 564 1505 600 phylippum.
1515 566 1560 592 cui
1573 574 1662 601 super
1671 567 1840 602 episcopatu
1852 565 1985 593 Pactensi
1999 570 2170 601 perpetuum
2181 566 2330 594 sitentium

1319 613 1458 640 duximus
1474 614 1690 648 imponendum,
1703 615 1736 641 ad
1751 616 1960 642 restitutionem
1971 615 2099 642 omnium
2113 615 2328 650 privilegiorum

1322 662 1472 689 l’acteusis
1486 668 1515 689 et
1526 663 1702 698 Lipariensis
1714 663 1912 694 ecclesiarum,
1924 664 2071 694 librorum.
2086 668 2328 699 paramentorum.

1319 719 1467 738 sacrarum
1479 711 1602 738 vestium
1611 716 1639 738 et
1648 712 1864 747 pontificalium,
1874 720 2007 739 vasorum
2018 716 2074 739 tam
2085 721 2233 740 sacrorum
2242 721 2329 748 quam

1319 760 1439 786 aliorum
1456 764 1483 787 et
1494 761 1622 787 omnium
1634 761 1798 788 animalium
1811 765 1867 787 tam
1878 761 1913 787 de
1924 761 2064 796 gregibus
2078 769 2164 796 quam
2175 761 2210 788 de
2217 770 2331 789 armen-

1319 809 1366 840 tis,
1379 817 1488 835 necnon
1505 810 1632 836 omnium
1646 810 1792 836 fructuum
1809 813 2010 844 preceptorum
2026 810 2061 836 ab
2078 811 2141 844 ipso
2155 810 2186 838 Ρ.
2198 810 2234 838 de
2245 810 2331 838 bonis

1318 858 1505 892 episcopatus
1523 857 1684 893 Paetensis,
1699 867 1714 885 a
1731 862 1860 894 tempore
1875 866 1932 893 quo
1949 858 2022 885 idem
2033 859 2190 894 episcopus
2204 859 2238 886 ad
2255 867 2331 887 eam-

1318 905 1383 932 dem
1401 907 1552 933 ecciesiam
1577 915 1627 942 per
1645 907 1768 934 eundem
1789 907 2024 942 predecessorem
2047 910 2216 942 assumptus
2235 908 2332 936 extitit

1319 956 1411 982 eidem
1429 956 1566 990 episcopo
1586 956 1709 983 debitam
1733 956 1890 982 faciendam
1913 956 2070 983 monitione
2087 956 2263 991 presentium
2281 965 2332 993 per

1319 1013 1471 1032 censuram
1484 1006 1698 1032 ecccsiasticam
1713 1013 1762 1040 per
1772 1013 1822 1032 vos
1834 1005 1878 1032 vel
1891 1013 1940 1040 per
1949 1006 2021 1032 alios
2031 1005 2211 1040 appelatione
2221 1010 2331 1040 remota

1320 1055 1440 1089 cogatis.
1460 1054 1594 1081 invocato
1610 1059 1665 1081 etc.
1684 1054 1746 1081 Non
1766 1054 1900 1081 obstante
1915 1054 1940 1081 si
1958 1054 2066 1089 prefato
2080 1053 2111 1081 P.
2122 1054 2199 1089 quod
2214 1062 2332 1082 excom-

1322 1104 1476 1138 municari,
1494 1104 1631 1139 suspendi
1649 1103 1692 1129 vel
1710 1103 1841 1130 interdici
1863 1111 1918 1129 non
1942 1103 2033 1138 possit
2053 1111 2068 1130 a
2085 1102 2160 1130 Sede
2174 1103 2332 1138 apostolica

1321 1154 1359 1180 sit
1375 1153 1527 1180 indultum.
1545 1152 1626 1184 Quod
1644 1152 1668 1178 si
1686 1160 1740 1178 non
1756 1152 1840 1178 ambo
1857 1155 1911 1178 etc.
1930 1150 1994 1178 Dat.
2013 1155 2155 1186 utsupra.

1358 1202 1388 1229 In
1406 1210 1431 1228 e.
1450 1210 1488 1228 m.
1505 1201 1614 1227 eisdem
1633 1209 1724 1235 usque
1738 1211 1743 1226 :
1757 1201 1977 1227 incrementum.
1995 1199 2137 1233 Quocirca
2146 1200 2330 1236 mandamus,

1321 1250 1472 1286 quatinus,
1487 1253 1582 1276 amoto
1606 1257 1621 1276 a
1646 1250 1752 1284 prefata
1774 1248 1906 1275 pactensi
1929 1249 2050 1275 ecclesia
2075 1248 2152 1276 dicto
2173 1248 2328 1285 Phybppo,

1322 1300 1368 1326 cui
1384 1307 1472 1334 super
1491 1298 1618 1333 predicto
1640 1299 1808 1332 episcopatu
1831 1297 1968 1324 duximus
1989 1301 2158 1332 perpetuum
2181 1298 2329 1326 silentium

1323 1347 1542 1383 imponendum,
1569 1347 1701 1373 eumdem
1728 1345 1761 1373 B.
1783 1347 1952 1381 episcopum
1973 1346 2000 1372 in
2027 1346 2121 1381 ipsius
2143 1346 2331 1382 episcopatus

1322 1398 1499 1432 corporalem
1526 1395 1741 1431 possessionem
1768 1403 1818 1430 per
1845 1402 1898 1421 vos
1919 1395 1963 1420 vel
1988 1402 2038 1430 per
2062 1395 2133 1422 alios
2160 1395 2330 1423 auctoritate

1324 1451 1421 1473 nostra
1438 1445 1581 1472 inducatis
1597 1448 1625 1471 01
1641 1443 1800 1470 defendatis
1815 1443 1976 1470 inductum.
1993 1442 2108 1471 Contra.
2126 1442 2262 1471 Invocato
2273 1448 2330 1471 etc.

1323 1500 1354 1522 ut
1372 1496 1398 1522 in
1413 1495 1466 1521 alia
1483 1502 1574 1528 usque
1592 1496 1619 1520 in
1635 1494 1720 1519 finem
1737 1497 1765 1519 et
1781 1492 1836 1519 sub
1851 1492 1950 1518 eadem
1966 1491 2040 1518 data.

1393 1656 1481 1684 398
1909 1651 2025 1687 Naples,
2043 1651 2075 1679 13
2090 1653 2161 1679 avril
2182 1652 2259 1680 1255.

1359 1719 1571 1746 Archidiacono
1600 1716 1739 1743 Sarnensi
1765 1715 1790 1741 in
1818 1715 1940 1741 ecclesia
1968 1713 2175 1749 But-degalensi
2200 1714 2330 1749 mandat,

1321 1768 1459 1803 quatinus
1483 1767 1621 1800 magistro
1653 1763 1816 1794 Rostando,
1844 1763 2022 1789 subdiacono
2043 1767 2071 1788 ct
2092 1763 2238 1798 capellano
2260 1770 2330 1796 suo,

1322 1819 1348 1844 10
1366 1816 1488 1843 ecclesia
1510 1813 1661 1841 Vasatcnsi
1677 1813 1712 1839 de
1725 1812 1863 1847 dignitate
1876 1812 1918 1837 vet
1931 1815 2096 1846 personatu,
2113 1819 2163 1838 seu
2177 1812 2203 1838 in
2221 1811 2330 1838 diocesi

1322 1865 1476 1891 vasatensi
1492 1864 1526 1889 dc
1542 1863 1637 1898 aliquo
1648 1861 1845 1889 ecclesiastico
1862 1860 2002 1887 beneficio
2018 1860 2176 1895 provideat.
2189 1860 2271 1894 (Rae.
2284 1859 2328 1892 24,

1320 1923 1346 1942 c.
1363 1914 1424 1945 330,
1439 1913 1457 1940 r.
1473 1913 1542 1947 15η)

1403 2039 1438 2051 ..,
1467 2014 1687 2045 archidiacono
1711 2012 1861 2042 Say-nemi
1887 2007 1921 2040 in'
1948 2011 2071 2040 ecclesia
2099 2011 2328 2049 Burdcqalensi.

1321 2070 1419 2100 Lecta
1435 2076 1545 2098 eoram
1566 2066 1661 2096 nohis
1678 2065 1790 2095 dilecti
1805 2063 1866 2093 filii
1883 2063 2035 2101 magistri
2059 2063 2232 2099 Rostandi,
2250 2063 2330 2094 sub-

1321 2121 1452 2152 diaconi
1469 2124 1499 2151 et
1513 2119 1675 2158 capellani
1692 2117 1808 2152 nostri,
1824 2116 1939 2156 petitio
1955 2115 2157 2150 continebat,
2175 2116 2273 2155 quod,
2287 2115 2329 2146 li-

1320 2178 1371 2205 cet
1396 2173 1505 2203 felicis
1528 2169 1766 2202 reeordationis
1790 2170 1815 2199 Ι.
1842 2178 1941 2207 papa,
1966 2168 2179 2206 predecessor
2203 2172 2326 2205 noster,

1320 2227 1390 2258 suis
1413 2226 1471 2256 tibi
1491 2225 1552 2255 5011
1577 2228 1665 2255 certa
1684 2223 1788 2253 forma
1808 2221 1934 2252 dederit
1954 2221 2076 2251 litteris
2098 2221 2132 2250 in
2149 2221 2326 2257 mandatis.

1319 2285 1352 2311 ut
1371 2280 1478 2310 eidem
1499 2277 1668 2317 capellano
1685 2277 1718 2306 in
1735 2275 1875 2306 ecclesia
1890 2274 2084 2310 Vasatensi‚
2102 2274 2197 2314 cujus
2217 2274 2330 2305 existit.

1319 2333 1516 2367 canonicus,
1545 2331 1584 2362 de
1604 2330 1765 2369 dignitate
1789 2328 1839 2359 vel
1860 2332 2039 2367 personatu
2066 2336 2124 2357 seu
2146 2327 2182 2357 in
2204 2327 2328 2358 diocesi

1316 2385 1493 2418 Vasatensi
1519 2385 1558 2415 de
1583 2383 1693 2422 aliquo
1718 2381 1943 2412 ecclesiastico
1968 2379 2129 2411 beneficio
2151 2388 2226 2410 cum
2248 2388 2328 2411 cura

1317 2439 1369 2470 vel
1389 2439 1461 2469 sine
1477 2446 1554 2468 cura
1576 2446 1633 2475 per
1657 2441 1686 2466 te
1702 2435 1752 2465 vel
1776 2444 1833 2473 per
1854 2434 1956 2464 alium
1974 2433 2176 2472 provideres,
2197 2432 2327 2464 nullum

1317 2497 1427 2522 tamen
1445 2500 1483 2522 ex
1499 2489 1689 2529 hujusmodi
1705 2488 1841 2522 litteris,
1859 2494 2050 2526 quanquam
2066 2485 2138 2524 ipso
2152 2485 2326 2524 predeces-

1317 2554 1389 2575 sore
1403 2543 1534 2574 vivente
1547 2543 1606 2572 tibi
1620 2537 2229 2580 100500110011101·1111,05100111111ο(10111
2239 2546 2326 2569 asse-

1316 2602 1424 2628 cutus.
1445 2597 1529 2627 Cum
1549 2596 1652 2633 igitur
1676 2594 1816 2625 eundem
1838 2591 2046 2631 capellanum
2067 2600 2126 2621 500
2151 2590 2325 2629 probitatis

1317 2649 1526 2688 exigentibus
1543 2648 1670 2678 meritis
1687 2648 1823 2684 (lignum
1841 2644 2077 2676 ecclesiasticis
2094 2643 2266 2674 beneficiis
2276 2651 2324 2674 re-

1314 2707 1480 2742 putemus,
1499 2701 1694 2731 mandamus
1709 2699 1878 2738 quatinus,
1899 2697 1927 2727 si
1943 2702 1993 2727 est
2008 2696 2065 2731 ita,
2083 2696 2117 2726 in
2134 2695 2325 2735 hujusmodi

1315 2755 1515 2794 provisionis
1548 2763 1606 2784 500
1637 2753 1768 2791 negotio
1798 2751 1954 2790 procedas
1979 2750 2071 2789 juxta
2102 2748 2324 2787 predictarum

1315 2808 1554 2839 continentiam
1576 2807 1772 2836 litterarum.
1797 2806 1869 2834 Dat.
1888 2802 2042 2842 Neapoli,
2063 2802 2173 2831 idibus
2194 2800 2320 2840 aprilis,

1315 2870 1401 2891 anno
1420 2861 1537 2899 primo.
1559 2873 1570 2886 »

1363 2029 1376 2043 ((
