2441 3330
200 244 236 274 66
923 240 1163 271 REGISTRES
1185 239 1493 284 D'ALEXANDRE
1515 243 1572 272 IV.

193 313 221 334 et
253 307 384 342 Philippo
420 307 476 333 filio
513 307 591 340 regis
620 305 760 332 Castellae
795 306 869 333 sacta
898 310 926 332 et
957 305 1125 332 Innocentio
1157 314 1206 340 pa·
1246 306 1248 308 ’

195 365 245 390 pne
263 355 303 381 IV
322 355 500 389 significata;
519 355 626 381 litteras
647 355 791 381 Guillelmi
812 354 900 381 factas
920 362 1018 381 mense
1039 354 1138 389 aprilis
1157 362 1205 381 era

195 403 430 431 MCCLXXXVI
444 408 472 430 et
485 403 605 439 Philippi
619 403 718 430 ultimo
730 403 775 430 die
786 411 860 430 anno
874 402 989 430 Domini
1002 402 1205 430 MCCXLVIII

193 454 288 480 refert.
308 453 390 486 (Rau.
408 452 453 486 ⁶24,
469 460 495 478 6.
513 451 574 486 203,
591 452 609 479 t'.
624 452 682 485 27.)

235 582 247 596 ι(
266 570 424 606 phylippo,
443 569 592 606 Ispatensi
606 569 704 601 electo.
721 591 755 602 ..,
771 568 882 602 abbati,
899 573 924 597 el
937 568 1072 606 capitulo
1087 568 1205 596 secula-

190 625 235 653 ris
259 623 377 652 ecclesie
403 622 437 651 de
462 622 566 652 Gavets
593 622 709 655 liuhais,
732 622 896 658 Bur-yemis
921 621 1055 650 diocesis.
1080 620 1162 651 Cum
1186 628 1205 649 a

194 676 289 706 nobis
310 675 433 713 petitur
449 678 508 705 etc.
530 683 635 713 usquc
654 684 660 703 z
679 666 844 704 6116611101,
863 674 949 704 Sane
962 673 1079 712 petitio
1094 677 1205 702 vestra

191 728 286 759 nobis
304 727 450 766 exposita
472 727 661 757 continebat
678 727 765 765 qnod
786 727 951 765 quondam
1029 726 1130 756 abhas
1151 735 1204 756 56-

191 781 313 810 61116115
336 780 475 810 ecclesie
499 780 538 809 de
567 780 684 810 Caveis
704 779 845 814 Rubeis,
873 780 1086 817 predecessor
1114 784 1201 814 11105,

192 833 239 862 tili
256 832 369 867 616616,
383 837 414 862 61
426 841 493 866 vos,
512 832 573 861 lilii
588 832 781 870 capitulum,
795 841 853 870 pro
870 832 1139 869 augmentatione
1153 831 1204 861 di-

190 886 258 916 vini
279 885 387 915 cultus
407 890 479 915 octo
497 886 676 919 beneficia,
699 895 761 923 quc
779 887 932 923 portiones
951 885 1131 922 vulgariter
1147 894 1203 923 ap—

188 939 370 977 pellantur,
395 939 428 967 in
455 938 594 968 ecclesia
618 938 688 976 ipsa
711 938 749 967 (le
772 947 856 967 novo
880 942 1041 971 creantes,
1067 937 1203 967 totidem

188 992 410 1030 portismarios
432 991 628 1021 instituistis
650 991 684 1020 111
705 991 753 1019 cis
774 991 812 1020 de
834 991 928 1020 bonis
949 991 1033 1020 dicte
1051 990 1200 1025 ecclesie,

188 1044 252 1075 loci
268 1045 436 1074 diocesani
451 1044 625 1074 accedente
642 1053 817 1078 consensu,
833 1043 933 1073 certis
949 1043 1135 1073 redditibus
1154 1051 1202 1072 as-

189 1097 330 1135 signatis
347 1097 482 1131 eisdem,
501 1101 596 1134 prout
613 1097 645 1125 in
664 1096 784 1126 litteris
801 1096 878 1125 inde
897 1096 1056 1125 consectis
1071 1096 1202 1134 plenius

188 1150 387 1180 continetur.
413 1150 480 1179 Nos
503 1150 614 1188 itaque
639 1149 759 1179 vestris
782 1149 1082 1187 supplicationibus
1104 1149 1203 1179 incli-

190 1203 276 1236 nati,
304 1202 389 1241 quod
415 1212 514 1240 super
540 1202 601 1231 1106
628 1202 762 1241 provide
788 1202 912 1231 factum
938 1206 1004 1237 cst,
1035 1207 1143 1232 ratum
1171 1207 1202 1233 et

189 1260 319 1292 gratum
341 1254 519 1289 habentes,
542 1255 575 1283 id
600 1255 795 1284 auctoritate
821 1254 1000 1293 apostoliea
1027 1256 1204 1284 confirma-

187 1317 261 1338 mus
276 1311 334 1337 etc.
357 1317 462 1346 usque
479 1317 484 1336 :
503 1307 756 1337 communimus.
776 1308 937 1338 Tenorem
953 1307 1140 1338 litterarum
1157 1308 1202 1346 ip-

188 1370 299 1390 sarum
314 1360 353 1389 de
365 1360 463 1390 verbo
477 1361 517 1390 ad
528 1360 666 1390 verbum
681 1360 893 1399 presentibus
906 1360 1010 1390 inseri
1026 1360 1200 1390 facientes.

187 1414 252 1449 Qui
269 1413 344 1443 talis
361 1417 410 1443 est
427 1423 433 1442 :

229 1478 241 1493 «
273 1466 492 1496 Sanctissimo
518 1466 604 1504 patri
632 1475 669 1496 ac
698 1466 831 1495 11001100
863 1466 1058 1496 Innocentio
1088 1466 1203 1496 divina

189 1531 201 1546 >1
226 1519 435 1557 providentia
446 1523 655 1549 sacrosancte
664 1520 813 1549 Romane
825 1518 972 1549 Ecclesie
985 1527 1113 1549 summo
1124 1528 1202 1562 pon-

189 1584 201 1598 »
228 1572 320 1607 111161,
339 1571 536 1610 Phylippus,
555 1571 697 1602 illustris
715 1572 804 1609 regis
827 1571 970 1602 Castelle
993 1576 1024 1602 et
1045 1572 1201 1610 Legionis

189 1637 202 1651 ›>
228 1624 328 1660 tilius,
349 1624 450 1654 abbas
467 1624 505 1654 de
522 1625 640 1655 Caveis
657 1624 798 1659 Rubeis,
816 1625 937 1663 pedum
953 1624 1066 1655 oscula
1087 1625 1201 1655 beato-

188 1690 201 1704 »
227 1686 312 1707 rum.
335 1678 471 1708 Noverit
490 1682 598 1708 vestra
621 1678 805 1716 paternitas
828 1678 914 1717 110011
934 1678 1019 1708 hone
1042 1678 1201 1708 memorie

187 1743 200 1758 »
227 1730 452 1761 Gundisalvus
477 1731 589 1766 abbas,
611 1730 825 1769 predecessor
847 1740 952 1766 meus,
971 1735 1002 1761 et
1021 1740 1080 1768 ego
1100 1739 1200 1770 quas-

188 1795 200 1810 »
226 1783 300 1813 dam
317 1783 457 1813 fecimus
473 1783 668 1813 donationes
682 1783 721 1813 de
740 1783 836 1813 bonis
853 1783 991 1813 ecclesie
1009 1788 1119 1813 nostre
1136 1793 1200 1823 que

187 1849 200 1863 »
226 1836 347 1866 cedunt
363 1836 403 1866 ad
419 1836 597 1866 utilitatem
613 1836 752 1867 ecclesie
769 1836 916 1875 ejusdem
937 1840 968 1866 et
990 1836 1150 1867 honorem
1169 1842 1200 1868 et

188 1902 200 1916 »
225 1893 261 1919 ut
278 1889 385 1919 eidem
401 1889 435 1918 in
454 1889 578 1919 divinis
595 1889 713 1919 officiis
731 1889 850 1919 melius
867 1893 899 1919 et
918 1889 1113 1928 diligentius
1130 1899 1200 1920 ser-

187 1954 200 1968 »
226 1942 343 1971 viatur.
363 1942 511 1978 Quarum
527 1946 622 1971 tenor
635 1941 710 1972 talis
728 1945 776 1971 est
791 1952 798 1970 :

945 2029 1027 2055 Avril
1049 2029 1126 2056 1248.

227 2110 240 2124 «
260 2098 384 2127 Notum
401 2097 443 2127 sit
459 2097 614 2127 omnibus
635 2097 721 2127 hanc
741 2101 865 2127 cartam
883 2097 1092 2134 videntibus,
1111 2099 1199 2137 quod

186 2163 199 2177 1)
225 2160 283 2188 ego
301 2151 352 2186 G„
371 2150 472 2180 abbas
486 2150 525 2180 de
539 2150 657 2181 Caveis
674 2150 812 2186 Rubeis,
832 2150 872 2180 do
888 2150 1032 2188 capitulo
1049 2151 1198 2190 ejusdem

186 2216 198 2230 n
225 2203 363 2234 ecclesie
386 2203 479 2233 illam
498 2203 719 2233 hereditatem
739 2203 778 2233 de
801 2203 987 2239 Benuibre,
1013 2213 1112 2242 quam
1132 2204 1197 2234 emi

186 2269 198 2283 »
222 2257 261 2286 de
287 2257 395 2286 donno
421 2256 582 2286 Roderieo
606 2255 725 2286 clerico
743 2265 801 2294 pro
820 2256 971 2286 ducentis
992 2260 1023 2287 et
1044 2257 1198 2287 LX11110=

186 2321 198 2335 »
224 2309 457 2343 marabotinis,
475 2318 550 2338 cum
566 2309 720 2338 omnihus
742 2309 812 2338 suis
834 2309 1058 2347 pertinentiis,
1078 2319 1198 2340 secun-

186 2373 198 2387 »
224 2361 301 2391 dum
321 2361 406 2400 quod
430 2361 482 2391 5111
505 2361 591 2400 juris
614 2361 799 2391 dinoscitur
821 2362 982 2392 extitisse.
1008 2363 1094 2392 Huic
1114 2363 1197 2393 addo

186 2425 198 2439 >³
225 2413 325 2443 etiam
350 2413 442 2443 illam
469 2401 678 2443 communem
708 2414 927 2444 hereditatem
952 2424 1052 2453 quam
1074 2415 1139 2446 emi
1161 2416 1197 2445 in

185 2477 198 2492 »
224 2467 314 2496 Have
331 2466 392 2495 5111)
409 2465 466 2495 illa
481 2466 714 2504 jurisdictione
732 2476 830 2505 quam
851 2467 978 2504 priores
1000 2467 1198 2498 hereditarii

185 2530 198 2544 »
224 2519 456 2556 possidebant&
489 2518 684 2548 hereditatis
714 2528 792 2548 vero
818 2518 910 2549 illius
939 2528 1037 2558 quam
1070 2521 1135 2550 emi
1161 2521 1197 2550 in

185 2583 198 2597 >2
224 2571 339 2601 eadem
361 2571 440 2601 villa
458 2571 496 2601 de
519 2571 728 2601 Fordinando
754 2572 816 2611 (sic)
840 2573 930 2602 Petri
954 2572 1108 2612 relinquo
1131 2574 1197 2604 615-

185 2636 197 2650 »
223 2624 297 2654 dem
313 2624 367 2663 jus
385 2624 471 2662 quod
490 2624 530 2653 ad
549 2633 600 2654 me
616 2624 759 2662 pertinet
776 2625 1014 2663 exequendum.
1039 2626 1132 2656 Addo
1148 2627 1196 2656 in-

185 2689 197 2703 »
224 2686 323 2715 super
344 2676 419 2707 illos
444 2676 652 2707 molendinos
669 2677 707 2706 de
729 2678 848 2707 Sancto
865 2678 961 2707 Petro
982 2678 1020 2708 de
1041 2679 1087 2708 La
1107 2678 1197 2709 Villa

184 2741 197 2756 »
223 2730 424 2768 reparandos
447 2738 528 2768 (11105
556 2730 621 2759 61111
646 2729 685 2760 (16
710 2729 909 2759 Gilcausado
928 2739 1002 2759 cum
1029 2740 1096 2761 una
1118 2740 1196 2762 voce

185 2793 197 2809 >2
223 2791 322 2820 quam
345 2781 487 2812 habebat
505 2782 539 2811 10
563 2782 611 2811 615
638 2783 756 2812 Ρ611115
779 2782 977 2812 Gundisalvi
1002 2783 1041 2813 de
1066 2785 1196 2814 Maran-

184 2848 196 2862 »
223 2844 288 2865 non
307 2845 313 2864 :
331 2835 520 2865 1100660101
535 2835 605 2873 ipse
623 2835 711 2865 dedit
728 2844 784 2873 pro
797 2844 856 2865 sua
873 2836 983 2866 anima
1000 2836 1111 2875 sigillo
1124 2846 1195 2876 pro-

185 2900 197 2914 »
222 2888 293 2926 prio
318 2888 517 2917 roboratam.
547 2887 638 2917 Addo
666 2888 764 2917 etiam
793 2888 841 2918 eis
869 2888 1029 2928 quiequid
1059 2890 1125 2919 emi
1156 2890 1195 2920 de

1233 2930 1238 2940 .

1289 318 1303 332 ι)
1328 306 1433 336 Mioro
1445 307 1601 338 Subi-ima
1613 308 1653 339 116
1666 309 1840 339 Fernanda
1851 309 1995 345 Guillar;
2013 314 2044 341 et
2056 311 2188 341 vineam
2198 319 2300 350 quam

1290 369 1303 384 »
1328 359 1393 388 emi
1416 359 1454 389 de
1475 360 1628 391 ι10116006
1650 361 1818 392 Dominici
1839 371 1960 400 genero
1983 363 2022 393 de
2040 364 2139 394 Mana
2163 364 2299 395 sobrino

1290 423 1303 438 1>
1328 416 1359 442 et
1376 412 1414 443 de
1431 413 1539 443 donna
1562 414 1687 445 Urraca
1706 424 1805 446 uxore
1822 424 1898 450 sua,
1918 419 1949 445 et
1966 416 2098 447 vineam
2113 426 2213 456 quam
2231 417 2299 458 emi

1290 476 1302 491 n
1327 464 1366 495 de
1383 465 1500 495 abbate
1517 470 1548 496 et
1564 471 1728 497 conventu
1746 468 1852 498 sancti
1871 469 1961 498 Petri
1977 468 2016 499 de
2032 469 2189 505 Arlanza,
2211 473 2242 500 61
2257 469 2298 501 do

1289 529 1303 543 ι)
1328 517 1377 547 615
1391 522 1552 557 quantum
1575 519 1640 549 emi
1655 519 1690 549 in
1709 519 1777 550 illis
1800 519 1986 550 molendini
2004 521 2043 551 de
2063 521 2173 552 Local.
2191 523 2240 552 De
2259 530 2298 554 eo

1289 581 1302 597 n
1328 571 1415 610 quod
1431 571 1496 601 emi
1521 572 1559 602 de
1585 573 1690 602 Mioro
1712 573 1839 612 excipio
1861 574 1963 604 XIIII
1988 575 2163 606 aranzadie
2182 575 2218 604 in
2239 574 2299 606 illo

1289 636 1303 651 »
1328 625 1450 663 petatio
1461 625 1547 664 quod
1557 631 1605 656 est
1619 626 1653 656 in
1666 626 1750 657 valle
1763 627 1968 663 Fontanella‚
1982 637 2065 667 quas
2078 628 2162 659 meis
2173 628 2299 668 alump-

1289 689 1302 704 »
1328 678 1380 707 nis
1397 678 1527 714 desero,
1546 683 1642 716 prout
1665 683 1808 712 testatus
1827 688 1916 714 sum,
1935 680 2015 710 alibi
2032 681 2226 711 foi-tiendas.
2249 681 2299 712 De
2331 720 2339 726 .
2359 712 2365 717 Α

1290 743 1302 757 n
1327 731 1491 761 fructibus
1508 735 1618 761 autem
1632 741 1746 762 eorum
1765 741 1828 771 que
1845 741 1944 771 supra
1960 733 2071 768 retuli,
2087 742 2166 771 rogo
2181 742 2299 772 supra-

1290 795 1302 810 »
1327 784 1452 813 dietum
1472 784 1654 822 capitulum
1678 785 1766 824 quod
1786 786 1982 823 provideant
2008 794 2093 825 611116
2115 789 2203 817 sorte
2226 790 2299 817 octo

1289 848 1302 863 »
1327 836 1541 874 portionariis
1560 846 1698 867 numero
1720 839 1911 868 constitutis
1928 843 2096 877 perpetue,
2114 838 2300 870 secundum

1288 901 1301 916 »
1327 889 1413 928 quod
1425 889 1568 919 viderint
1581 890 1745 928 expedire.
1762 892 1807 921 Eo
1824 895 1933 921 tamen
1946 892 2032 931 quod
2043 900 2119 922 eum
2132 896 2299 922 consensu

1288 953 1301 968 n
1327 942 1561 972 canonicorum
1577 942 1783 973 distribuunt
1800 952 1864 974 non
1883 943 2010 974 relicto.
2035 945 2085 974 Ne
2104 948 2216 974 tamen
2234 943 2298 974 ali-

1288 1006 1300 1020 »
1326 995 1402 1033 quis
1430 995 1515 1025 forte
1547 995 1675 1026 dubitet
1704 996 1931 1034 supradictum
1956 997 2139 1035 capitulum
2166 997 2203 1027 in
2234 996 2297 1028 hoc

1287 1059 1300 1073 »
1324 1047 1425 1077 fucrit
1441 1052 1566 1077 metum
1582 1048 1706 1086 pariter
1723 1049 1940 1080 concordasse
1961 1049 2065 1087 sigilli
2080 1050 2147 1080 mei
2164 1058 2297 1080 eorum-

1287 1112 1300 1127 »
1325 1110 1389 1140 (106
1401 1101 1577 1139 impressio
1590 1102 1791 1132 manifestat.
1807 1102 1977 1141 Hujus-rei
1991 1107 2092 1133 testes
2106 1106 2195 1138 sunt,
2207 1101 2296 1133 scili-

1287 1165 1300 1179 »
1325 1158 1375 1183 cet
1389 1163 1394 1182 :
1409 1153 1563 1183 dominus
1574 1154 1746 1185 Johannes
1759 1154 1798 1184 de
1814 1155 2018 1185 Fondebrart
2028 1155 2129 1194 prior,
2140 1155 2295 1186 dominus

1286 1218 1299 1233 ν)
1324 1206 1507 1237 Rodericus
1524 1207 1688 1238 Dominici
1706 1208 1856 1243 sacrista,
1883 1208 2037 1239 dominus
2059 1208 2231 1239 Johannes
2255 1207 2295 1239 de

1286 1271 1299 1285 »
1325 1260 1481 1294 Rotarca‚
1501 1260 1655 1290 dominus
1671 1261 1836 1291 Martinus
1853 1269 1954 1299 nepos
1975 1261 2120 1297 abbatis,
2139 1261 2295 1292 dominus

1286 1325 1299 1339 »
1325 1312 1474 1350 Egidius.
1492 1313 1539 1342 De
1554 1313 1769 1351 portionariis
1786 1323 1862 1344 vero
1878 1323 1884 1342 :
1903 1314 2098 1344 Dominicus
2113 1313 2293 1350 Dominioi,

1286 1377 1298 1392 »
1323 1365 1482 1403 magist-er
1512 1365 1698 1401 Johannes,
1734 1366 1888 1396 dominus
1920 1366 2112 1402 Vicentius,
2139 1366 2295 1397 dominus

1285 1430 1298 1445 »
1323 1418 1514 1451 Facundus,
1552 1418 1707 1461 dominus
1743 1419 1896 1454 Martini,
1927 1419 2155 1450 Gundisalvus
2185 1418 2292 1455 Petri,

1285 1483 1298 1498 »
1324 1471 1478 1501 dominus
1494 1471 1620 1501 Adreas
1639 1472 1769 1502 Petrus.
1789 1472 1835 1501 De
1851 1471 1947 1501 laicis
1963 1481 1970 1500 τ
1988 1472 2144 1502 dominus
2160 1472 2292 1507 Petrus,

1285 1536 1298 1550 »
1323 1525 1442 1554 Petrus
1465 1524 1645 1560 Fernandi,
1665 1524 1819 1554 dominus
1836 1524 2008 1555 Johannes
2027 1525 2152 1561 scriba,
2171 1524 2295 1556 Johan-

1284 1589 1298 1604 »
1323 1586 1382 1608 nes
1412 1577 1503 1607 Petri
1531 1577 1733 1607 Ferdinandi
1761 1577 1946 1613 Dominici‚
1975 1577 2141 1608 Mart-inus
2167 1576 2293 1613 Elucti,

1284 1643 1298 1658 »
1324 1632 1443 1661 Petrus
1459 1630 1607 1665 Martini,
1632 1630 1797 1660 Martinus
1814 1631 1913 1661 Perez
1931 1630 1970 1660 de
1990 1630 2171 1661 Rodedam.
2194 1630 2296 1661 Facta.

1284 1695 1297 1710 »
1323 1687 1413 1713 carta
1440 1692 1554 1713 mense
1584 1683 1726 1722 Aprilis,
1760 1683 1825 1713 Era
1847 1682 2029 1714 millesima
2064 1683 2294 1714 ducentesima

1284 1748 1297 1763 »
1321 1736 1522 1774 octogesima
1537 1736 1594 1766 VI.
1617 1748 1630 1762 υ

1655 1821 1759 1848 Caveis
1774 1821 1897 1856 Rubeis,
1914 1821 1947 1849 30
1962 1821 2127 1856 septembre
2143 1820 2223 1848 1248.

1323 1896 1336 1910 <‹
1362 1885 1456 1919 Item,
1473 1884 1538 1914 alia
1556 1894 1562 1913 :

1323 1951 1336 1966 α
1362 1939 1523 1969 Noverint
1539 1939 1688 1969 universi
1708 1943 1896 1977 presentem
1912 1939 2069 1977 paginam
2090 1938 2292 1977 inspecturi,

1282 2004 1295 2018 »
1321 1992 1409 2031 quod
1431 2001 1490 2030 ego
1513 1992 1629 2022 Infans
1653 1991 1850 2031 Phylippus,
1874 1991 2018 2022 illustris
2035 1991 2125 2030 regis
2149 1989 2294 2022 Castelle

1281 2057 1295 2071 »
1322 2049 1353 2075 61
1374 2045 1531 2083 Legionis
1551 2045 1658 2081 filius,
1683 2045 1785 2075 abhas
1807 2044 1846 2075 de
1868 2044 1987 2075 Caveis
2010 2043 2155 2080 Rubeis‚
2177 2043 2294 2074 volens

1281 2109 1294 2124 »
1323 2097 1449 2127 cultum
1465 2097 1571 2127 divini
1590 2097 1736 2127 nominis
1754 2105 1820 2126 non
1836 2097 1980 2127 diminui
2003 2096 2061 2127 sed
2080 2096 2192 2135 potius
2212 2105 2293 2135 aug-

1281 2163 1295 2177 »
1321 2151 1475 2185 10601611,
1493 2151 1610 2181 videns
1624 2151 1724 2181 etiam
1735 2150 1822 2189 quod
1837 2154 1968 2188 propter
1983 2150 2221 2180 canonicorum
2235 2149 2295 2180 ah-

1281 2215 1294 2229 »
1321 2203 1464 2233 sentiam
1479 2203 1565 2234 Cave
1583 2203 1740 2234 Rubense
1756 2202 1866 2233 debito
1883 2202 2020 2232 servitio
2035 2202 2071 2232 10
2086 2201 2210 2232 divinis
2225 2201 2294 2232 offi-

1281 2267 1294 2282 »
1320 2256 1382 2286 ciis
1405 2255 1634 2292 fraudabatur,
1655 2256 1781 2286 factum
1800 2254 1999 2286 Gundisalvi
2023 2254 2153 2285 abbatis
2174 2254 2293 2293 prede-

1281 2321 1294 2336 »
1319 2309 1461 2339 66550115
1495 2309 1561 2339 mei
1591 2317 1666 2338 eum
1694 2316 1860 2338 consensu
1889 2307 2027 2346 capituli
2059 2307 2113 2338 sui
2142 2306 2293 2346 legitime

1281 2373 1294 2389 »
1319 2361 1541 2398 celebratum,
1566 2361 1746 2400 approbavi
1767 2365 1798 2391 61
1820 2370 1931 2391 meum
1950 2360 2082 2399 prestiti
2104 2368 2290 2396 assensum,

1281 2426 1293 2442 n
1320 2414 1408 2453 quod
1426 2414 1492 2444 tale
1513 2418 1561 2444 est
1582 2424 1588 2443 :
1611 2414 1734 2444 Statuit
1756 2414 1844 2444 idem
1861 2413 1962 2443 abbas
1982 2417 2054 2443 octo
2070 2412 2305 2451 portionarios,

1281 2480 1293 2494 »
1318 2468 1354 2497 in
1375 2467 1525 2506 predicta
1550 2467 1700 2501 66616516,
1723 2467 1810 2506 quod
1835 2466 1942 2497 eidem
1968 2466 2004 2496 in
2029 2465 2152 2496 divinis
2174 2465 2293 2496 officiis

1280 2533 1293 2547 »
1319 2520 1538 2555 deservirent,
1552 2524 1583 2550 et
1599 2520 1639 2550 ad
1655 2520 1859 2550 cotidianum
1871 2528 1971 2549 usum
1986 2519 2094 2549 victus
2106 2522 2138 2549 et
2150 2518 2292 2548 vestitus

1279 2585 1292 2600 »
1317 2574 1447 2603 fructus
1470 2573 1643 2612 cujusdam
1664 2573 1803 2603 6600016
1826 2576 1857 2602 61
1881 2571 2042 2611 quasdam
2062 2570 2292 2610 possessiones

1280 2638 1292 2653 n
1319 2635 1402 2665 quas
1425 2626 1514 2656 idem
1532 2630 1657 2656 emerat
1677 2625 1802 2655 eisdem
1822 2634 1896 2655 cum
1917 2633 2082 2655 consensu
2099 2622 2237 2662 capituli
2255 2623 2292 2653 in

1280 2691 1293 2706 ³>
1319 2683 1515 2718 perpetuum
1536 2678 1731 2716 assignavit.
1747 2678 1874 2708 Videns
1895 2681 2005 2707 autem
2024 2685 2083 2715 ego
2105 2675 2292 2715 phylippus

1279 2743 1292 2759 n
1319 2731 1406 2770 quod
1431 2740 1469 2762 ex
1495 2731 1653 2770 predictis
1678 2730 1862 2761 redditibus
1889 2729 2072 2769 supradicti
2094 2727 2293 2767 portionarii

1279 2796 1292 2812 n
1317 2793 1384 2814 non
1406 2788 1557 2823 poterant
1578 2784 1775 2818 sustentari,
1798 2792 1873 2813 cum
1895 2791 2074 2817 consensu,
2095 2780 2292 2811 auctoritate

1280 2850 1293 2865 »
1317 2838 1383 2867 mei
1408 2837 1560 2876 capituli,
1591 2837 1806 2867 Enim-tiones
1831 2836 1870 2866 de
1898 2835 2016 2867 Caveis
2038 2833 2165 2864 Rubeis
2192 2836 2224 2864 et
2250 2833 2290 2864 de

1280 2902 1293 2918 n
1318 2891 1463 2921 Mezeres
1484 2894 1515 2920 et
1531 2889 1705 2920 servitium
1727 2889 1814 2928 quod
1829 2888 1950 2918 tollatii
1965 2887 2113 2926 ejusdem
2131 2884 2219 2916 ViLle
2234 2893 2289 2915 ra-
