2498 3325
214 239 274 269 380

218 305 281 334 sibi
305 303 542 334 adherentibus
559 302 609 331 vel
626 302 697 340 ejus
714 300 905 339 tirampnidi
927 304 957 329 et
976 299 1128 337 potestati
1146 297 1225 327 sul·-

214 357 323 396 jectis,
342 357 374 385 in
393 355 619 385 mercimoniis
636 354 685 384 vel
703 354 778 383 aliis
795 353 1059 392 quibuscumque
1079 351 1225 387 negociis

219 409 462 439 communicare
485 411 712 446 presumerent
733 411 788 436 aut
807 415 884 435 suos
900 406 1129 443 prrmitterent
1148 404 1226 433 sub-

218 463 302 492 ditos
324 461 518 490 contrahere
541 460 590 489 vel
614 460 858 489 communicare
879 459 947 488 sive
967 459 1157 487 societati-m
1176 456 1226 486 vel

219 514 451 545 commercium
469 514 554 543 inire
574 523 647 543 cum
664 513 747 547 illis,
767 522 823 550 per
841 517 869 541 te
890 510 1225 541 excommunicatinni

216 568 312 598 subdi
331 567 470 597 fecimus
488 571 518 596 et
535 566 836 596 excommunicatos
854 565 984 604 publice
1003 564 1170 594 nunciat-i.

261 634 272 646 υ
293 622 401 657 Quare
419 620 481 649 suit
499 620 593 649 nobis
611 628 667 658 pro
684 623 774 657 parte
795 618 907 648 dilecti
932 617 992 647 11111
1017 616 1139 646 nobilis
1162 616 1227 645 viri

235 697 254 706 .,
279 673 386 703 ducis.
408 672 539 702 consilii
566 677 595 702 et
622 672 807 701 communis
824 673 1025 701 Venetorum
1053 670 1227 699 humiliter

217 726 455 765 supplicatum.
474 730 520 760 ut,
540 726 567 755 si
585 726 689 764 aliqui
707 725 819 755 clerici
837 725 885 755 vel
903 724 978 753 laici
1000 724 1132 753 illarum
1152 733 1227 761 par-

219 781 312 815 tium,
337 779 551 808 interdictum
572 778 762 817 hujusmodi
783 777 947 812 violando,
970 777 1131 815 prefatam
1156 785 1227 805 sen-

219 833 357 863 tentiam
376 832 600 863 incurrerunt,
620 832 792 870 providere
810 831 932 861 talibus
949 831 987 860 de
1007 829 1227 860 absolutionis

220 886 380 916 beneticio
398 894 434 915 ac
455 885 543 914 circa
561 885 717 923 populum
733 886 899 915 Venetum
918 884 1060 921 rigorem
1080 882 1228 920 mitigari

219 939 383 969 sententie
417 938 622 976 supradicte,
654 938 692 967 (le
726 942 884 967 consueta
919 937 1014 967 Sedis
1050 936 1228 975 apostolice

221 991 460 1025 misericordia,
481 991 678 1020 faceremus.
706 990 900 1020 Memoriam
920 990 1023 1027 igitur
1045 989 1228 1019 retinentes

221 1049 345 1084 quanta
369 1044 553 1073 devotionis
577 1044 763 1073 constantia
789 1043 867 1072 dit-ti
897 1043 975 1077 dux,
995 1042 1171 1071 consilium
1200 1046 1230 1071 et

221 1106 394 1127 commune
409 1099 553 1126 Romane
567 1096 713 1126 Ecclesie
726 1096 758 1125 in
775 1096 844 1125 suis
860 1095 1116 1125 necessitatibus
1134 1094 1230 1123 adhe-

222 1155 346 1183 rerunt,
359 1160 394 1179 ac
410 1160 466 1188 per
480 1150 540 1179 hoc
555 1158 668 1179 corum
686 1149 985 1188 supplicationibus
1005 1148 1231 1177 favorabiliter

221 1208 421 1238 annuentes,
441 1203 642 1232 fraternitati
664 1207 732 1237 tue,
751 1203 790 1232 110
807 1212 871 1241 qua
889 1202 1019 1240 plenam
1040 1201 1072 1230 111
1090 1201 1231 1231 Domino

222 1256 374 1285 titluciam
391 1256 594 1291 obtinemus,
614 1255 817 1294 presentium
835 1255 1031 1285 auctoritate
1053 1254 1233 1283 committi-

220 1318 309 1344 mus,
329 1314 363 1338 ut.
382 1309 519 1338 clericos
543 1313 574 1338 et
596 1308 698 1338 laicos
723 1308 946 1346 supradictos.
965 1307 1020 1346 qui
1040 1307 1232 1347 hujusmodi

220 1362 572 1391 excommunicationis
598 1362 797 1391 sententiam
824 1361 1054 1395 incurrerunt,
1080 1360 1231 1389 absolvas

217 1416 311 1454 juxta
339 1416 478 1444 formam
504 1415 650 1445 Ecclesie
674 1415 743 1444 vice
769 1419 892 1449 nostra,
922 1414 1071 1453 injuncta
1099 1413 1147 1443 eis
1175 1422 1232 1451 pro

223 1468 317 1498 010110
336 1468 429 1506 culpe
449 1468 633 1506 penitentia
649 1467 860 1506 competenti.
882 1468 920 1497 Et
938 1466 1015 1496 licet
1033 1466 1232 1504 supradictis

224 1521 414 1560 iniquitatis
440 1521 519 1551 111115
545 1521 635 1551 licite
661 1530 698 1550 ac
721 1521 856 1558 impune
883 1520 1122 1550 communicari
1148 1519 1233 1548 noli-

223 1583 311 1608 mus,
331 1574 412 1603 certi
429 1578 539 1603 tamen
556 1573 594 1603 de
611 1574 812 1603 Venetorum
830 1573 903 1607 fide,
920 1572 1006 1611 quod
1022 1572 1137 1601 talium
1156 1581 1234 1601 con-

225 1627 313 1664 tagio
335 1627 451 1656 violari
466 1627 635 1665 nequebit,
656 1631 686 1656 et
703 1626 776 1656 ideo
793 1635 906 1655 eorum
923 1625 1071 1655 volentes
1087 1625 1234 1655 necessi-

225 1680 349 1709 tatibus
371 1679 552 1718 provideri,
574 1679 612 1709 de
637 1679 743 1717 gratia
764 1679 846 1717 ipsis
870 1678 1006 1717 speciali
1023 1678 1234 1708 concedimus

225 1733 312 1771 quod
335 1733 497 1771 premissa
520 1733 684 1762 sententia
709 1741 812 1770 usque
838 1732 877 1761 ad
903 1736 1053 1761 nostrum
1079 1731 1236 1769 henepla-

226 1786 328 1815 citum
352 1794 416 1815 non
438 1785 594 1823 ligentur,
616 1794 714 1824 quam
738 1785 871 1824 quidem
894 1785 1034 1821 gratiam
1057 1785 1105 1814 eis
1129 1794 1185 1823 per
1207 1790 1235 1814 te

226 1839 428 1877 precipimus
449 1839 614 1869 nunciat-i.
635 1840 708 1868 Dat.
729 1839 900 1873 Laterani,
924 1839 955 1868 11
976 1847 1079 1868 nonas
1102 1838 1233 1876 aprilis.

227 1901 315 1922 anno
335 1892 490 1922 secundo.
511 1905 523 1917 n

302 2051 419 2078 1262

266 2113 468 2147 lnt'rascriptos
482 2112 605 2139 absolvit
619 2112 794 2139 decimarum
810 2112 963 2139 solutione.
981 2112 1063 2145 (Rea.
1081 2112 1125 2143 ‘2-t,
1141 2113 1159 2140 s.
1180 2113 1238 2147 159,

228 2170 294 2187 ann.
318 2161 353 2194 11,
370 2169 396 2188 e.
413 2161 486 2195 ⁵220.)

839 2049 951 2084 Lati-an,
971 2050 984 2077 4
1001 2050 1070 2076 avril
1089 2050 1166 2077 12:36.

271 2275 283 2288 «
304 2286 337 2299 ..,
356 2263 514 2299 Maqistro,
531 2267 557 2291 et
578 2263 730 2298 fratribus
746 2263 910 2300 Hospitalis
926 2263 1034 2291 Sancti
1050 2263 1187 2300 Spiritus
1208 2264 1240 2291 in

229 2316 323 2344 Samia
343 2316 376 2344 de
398 2316 480 2344 t'rbe.
503 2315 586 2346 Cum
610 2324 648 2345 ea
671 2324 733 2354 que
760 2320 825 2344 tam
851 2315 889 2345 de
913 2315 1032 2345 vestris
1056 2316 1240 2353 possessio-

232 2368 330 2398 nibus
353 2378 450 2407 quam
475 2368 609 2398 aliunde
626 2369 719 2398 vobis
739 2369 933 2401 obveniunt.
952 2369 1094 2399 infirmis
1113 2369 1241 2407 prosint

232 2422 450 2460 pauperibus,
469 2422 549 2451 fiant
568 2421 683 2452 divitie
705 2431 740 2451 ac
762 2421 919 2459 expositis
942 2421 1127 2451 liberaliter
1143 2431 1240 2460 expo-

233 2478 365 2509 nantur,
384 2474 493 2512 sitque
513 2484 571 2512 per
587 2474 647 2503 hoc
666 2474 758 2504 vobis
781 2479 812 2504 et
836 2474 993 2512 hospitali
1015 2479 1123 2505 vestro
1149 2476 1242 2505 favor

233 2527 432 2566 apostolicus
443 2527 713 2566 impendendum,
726 2537 795 2563 nos,
808 2528 928 2558 vestris
941 2528 1241 2567 supplicationibus

234 2580 398 2615 inclinati,
413 2584 449 2610 ut
465 2580 503 2610 de
521 2581 617 2611 terris
635 2590 716 2620 quas
733 2581 875 2619 propriis
892 2581 1046 2611 manibus
1064 2586 1119 2612 aut
1134 2591 1242 2621 sump-

234 2634 322 2663 tibus
339 2633 447 2663 colitis
464 2633 551 2663 circa
568 2633 708 2668 Urbem,
727 2633 810 2663 nulli
833 2634 1015 2663 teneamini
1038 2634 1164 2665 solvere
1186 2635 1242 2665 de-

234 2686 352 2722 cimas,
371 2686 464 2715 vobis
481 2686 676 2716 auctoritate
693 2687 898 2724 presentium
915 2687 1139 2725 indulgemus.
1166 2688 1243 2718 Dis-

236 2739 365 2768 trictius
383 2738 585 2774 inhibemus,
600 2748 639 2769 ne
654 2739 729 2778 quis
744 2749 761 2768 a
776 2739 868 2768 vohis
882 2739 920 2769 de
938 2740 1035 2769 terris
1052 2740 1243 2779 hujusmodi

235 2791 379 2821 decimas
405 2791 536 2829 exigere
561 2791 612 2822 vel
638 2796 831 2830 extorquere
857 2797 1035 2830 presumat.
1061 2793 1154 2823 Nulli
1181 2798 1241 2823 etc.

236 2848 346 2873 nostre
365 2844 590 2874 concessionis
612 2848 643 2874 et
661 2844 876 2874 inhibitionis
894 2850 954 2875 etc.
977 2846 1050 2875 Dat.
1076 2847 1241 2881 Laterani,

237 2896 267 2925 ΙΙ
286 2904 389 2926 nonas
406 2896 533 2934 aprilis,
552 2905 639 2926 anno
656 2897 811 2927 secundo.
834 2910 846 2922 u

940 231 1179 263 REGISTRES
1202 230 1509 262 D'ALEXANDRE
1533 234 1588 262 IV.

1383 298 1498 326 ¹283

1344 360 1487 395 Episcopo
1505 360 1662 387 Mutinensi
1685 360 1799 387 mandat
1823 360 1961 394 quatinus
1981 359 2154 385 monasteria
2174 362 2203 385 et
2224 359 2323 386 eccle-

1891 297 1992 324 Lan-un
2003 319 2009 327 ,
2025 297 2059 324 ‘35
2076 305 2152 322 mars
2172 296 2248 324 ti'56.

1308 410 1368 436 siae
1384 410 1510 436 diocesis
1529 410 1711 443 Parmensis,
1728 418 1801 443 quae
1818 410 1844 435 in
1866 418 1920 434 non
1939 408 2050 434 modica
2073 408 2211 442 pecuniae
2226 417 2322 443 quan-

1309 459 1389 484 titate
1407 467 1457 493 pro
1474 459 1678 484 exoneratione
1695 458 1857 484 debitorum
1878 457 2043 483 Parmensis
2059 457 2199 483 eeclesiae
2216 461 2324 484 tenen-

1309 512 1355 533 tur
1379 506 1552 537 subvenire,
1579 506 1735 532 denunciet
1766 514 1821 532 non
1852 506 1942 531 teneri
1971 505 2004 530 ad
2035 505 2208 531 solutionem
2233 505 2322 532 trium

1310 555 1445 581 librarum
1473 554 1649 581 vent-torum
1672 555 1828 581 conventui
1852 554 1882 580 S.
1911 554 2016 580 Mariae
2039 553 2073 580 (le
2098 552 2269 587 Virginibus
2293 553 2322 580 in

1312 602 1457 635 Venetiis,
1482 605 1568 637 cujus
1590 603 1664 629 bona
1685 603 1850 629 detinentur
1873 610 1923 637 per
1951 601 2096 628 Ezclinum
2120 601 2155 627 de
2179 601 2321 628 Romano.

1309 652 1491 685 (11001111.
1511 652 1568 685 159,
1585 661 1652 679 1100.
1671 651 1706 682 tt.
1725 660 1751 678 c.
1769 651 1843 685 2⁵21.)

1352 767 1364 780 ιι
1386 756 1566 792 ..,‹·1›t'sropo
1582 755 1760 783 alutinensi.
1777 753 1898 783 Petitio
1914 753 2110 782 dilectorum
2126 752 2271 782 filiorum
2285 775 2322 788 ..‚

1310 807 1422 837 electi.
1448 813 1479 837 et
1503 807 1584 837 cleri
1609 807 1755 836 civitatis
1782 810 1811 836 et
1837 806 1980 836 diocesis
2006 805 2198 836 Parmensis
2225 804 2325 835 nobis

1311 860 1459 891 exhibita
1477 860 1679 894 continebat,
1699 859 1784 898 qnod
1805 868 1864 888 nos
1881 859 2071 897 primicerio
2088 859 2201 889 Sancti
2218 857 2324 888 Marci

1312 914 1350 943 tle
1372 914 1524 944 Venetiis
1552 914 1674 943 nostris
1702 913 1853 942 dedimus
1879 913 2001 942 litteris
2027 913 2059 941 in
2086 912 2267 947 mandatis,
2287 915 2326 942 ut

1312 968 1432 998 dilecto
1458 968 1526 997 tilio
1553 991 1586 1001 ..,
1612 967 1730 1006 priori.
1755 971 1785 996 et
1811 966 1987 996 conventui
2011 967 2130 996 Sancte
2155 965 2259 996 Marie
2284 965 2325 996 de

1312 1021 1510 1057 Virginibus
1527 1020 1560 1049 in
1581 1019 1743 1051 Veni-tiis,
1763 1019 1922 1058 quamdiu
1939 1028 2051 1048 eorum
2071 1018 2155 1048 bona
2173 1027 2230 1057 per
2245 1018 2327 1048 Eze-

1314 1075 1418 1104 linum
1437 1074 1474 1103 tle
1493 1075 1641 1104 Romano
1658 1077 1815 1110 occupata
1829 1072 2069 1103 detinerentur,
2082 1072 2204 1101 faceret
2220 1080 2238 1101 a
2253 1079 2327 1101 mo-

1315 1127 1472 1157 nasteriis
1485 1131 1515 1156 et
1533 1126 1683 1156 ecclesiis
1698 1126 1904 1159 Lombardie,
1916 1124 2112 1155 Romaniole
2129 1134 2165 1154 ac
2177 1123 2328 1154 Marchie

1314 1181 1534 1212 Anconitane,
1554 1184 1618 1209 tam
1640 1179 1799 1217 exemptis
1819 1188 1917 1217 quam
1939 1188 2002 1208 non
2023 1178 2194 1217 exemptis,
2213 1182 2328 1208 aucto-

1315 1234 1412 1263 ritate
1430 1237 1541 1262 nostra
1558 1233 1591 1262 in
1610 1233 1675 1262 vite
1694 1232 1894 1261 necessariis
1910 1232 2088 1270 provideri.
2100 1231 2196 1262 Unde
2210 1230 2329 1270 primi-

1315 1288 1424 1317 cerius
1449 1287 1518 1325 ipse
1538 1310 1570 1321 ..,
1592 1286 1716 1315 vicario
1739 1285 1851 1315 dilecti
1875 1285 1937 1314 filii
1958 1308 1990 1320 .‚,
2008 1285 2104 1315 electi
2122 1283 2325 1320 Parmensis,

1316 1340 1472 1379 injunxit,
1487 1340 1682 1369 auctoritate
1699 1339 1889 1378 hujusmodi
1903 1338 2101 1373 litterarum,
2115 1341 2151 1367 ut
2164 1340 2327 1368 monaste-

1316 1394 1376 1423 riis
1389 1398 1419 1423 et
1435 1393 1585 1422 ecclesiis
1599 1393 1744 1422 civitatis
1762 1397 1793 1422 et
1806 1392 1948 1422 diocesis
1962 1391 2154 1421 Parmensis
2167 1389 2330 1429 exemptis

1317 1451 1348 1476 et
1365 1456 1429 1475 non
1442 1446 1602 1484 exemptis
1620 1450 1686 1476 tres
1702 1445 1805 1474 libras
1817 1446 2019 1475 Venetorum
2033 1452 2222 1482 grossorum
2238 1443 2331 1473 infra

1318 1500 1454 1537 triginta
1479 1499 1549 1528 dies
1571 1503 1643 1537 post
1666 1498 1887 1536 receptionem
1907 1497 2094 1527 litterarum
2112 1505 2248 1526 suarum
2264 1496 2330 1525 im-

1319 1558 1454 1591 poneret
1481 1562 1517 1582 ac
1549 1552 1693 1589 exigeret
1725 1551 1914 1580 eorumdem
1940 1549 2061 1588 prioris
2091 1553 2122 1579 et
2146 1552 2330 1579 conventus

1318 1607 1440 1636 nuncio
1460 1605 1705 1644 persolvendas,
1725 1614 1824 1642 super
1843 1612 1906 1642 quo
1924 1602 2103 1641 apostolice
2121 1601 2332 1640 providentie

1318 1660 1382 1689 suit
1393 1659 1575 1689 remedium
1587 1657 1810 1696 imploratum.
1823 1657 1891 1686 Nos
1902 1656 2015 1693 igitur,
2026 1655 2233 1685 attendentes
2242 1653 2333 1693 quod

1319 1713 1390 1751 ipsa
1420 1711 1622 1741 monasteria
1650 1715 1678 1740 et
1706 1710 1845 1739 ecclesie
1875 1709 1909 1738 in
1939 1717 2003 1738 non
2033 1708 2162 1738 modica
2189 1707 2333 1746 pecunie

1320 1765 1504 1804 quantitate
1528 1774 1585 1802 pro
1606 1763 1840 1792 exoneratione
1859 1762 2045 1791 delatorum
2065 1760 2258 1791 Parmensis
2277 1768 2333 1790 ec-

1320 1818 1419 1848 clesie
1437 1818 1475 1848 de
1491 1821 1602 1846 nostro
1618 1821 1772 1846 tenentur
1787 1815 1964 1844 subvenire
1981 1814 2186 1849 mandatoaet
2200 1817 2334 1852 propter

1320 1872 1381 1901 hoc
1400 1871 1489 1909 ipsos
1508 1870 1548 1900 ab
1565 1869 1719 1899 omnibus
1743 1869 1818 1898 aliis
1841 1868 1995 1897 duximus
2013 1866 2272 1905 provisionibus,
2294 1869 2334 1896 ut.

1321 1925 1493 1957 asseritur,
1515 1933 1572 1962 per
1591 1927 1721 1952 nostras
1740 1922 1868 1951 litteras
1886 1920 2115 1955 absolvendos,
2133 1919 2333 1949 mandamus

1322 1978 1496 2017 quatinus,
1515 1977 1543 2006 si
1562 1981 1611 2005 est
1631 1976 1691 2009 ita,
1710 1975 1824 2005 cadem
1848 1973 2050 2003 monasteria
2070 1978 2101 2003 et
2117 1972 2275 2003 ecclesias
2292 1971 2334 2002 ad

1322 2030 1521 2060 solutionem
1532 2029 1676 2067 pri-dicte
1687 2028 1825 2066 limi-unic
1836 2026 2043 2056 denuncians
2054 2034 2119 2055 non
2134 2024 2335 2060 teneri‚uni-

1323 2092 1435 2113 versas
1460 2081 1828 2115 excommunicationis,
1850 2079 2083 2118 suspensionis
2110 2083 2140 2108 et
2163 2077 2335 2108 interdicti

1323 2136 1506 2166 sententias
1524 2135 1557 2164 111
1575 2134 1757 2172 predictum
1777 2133 1936 2161 vicarium
1955 2131 2004 2161 vel
2025 2131 2169 2170 aliquem
2189 2131 2228 2161 de
2246 2130 2336 2161 clero

1323 2190 1469 2220 civitatis
1497 2193 1527 2219 et
1555 2187 1697 2217 diocesis
1725 2187 1947 2225 predictarum
1975 2185 2166 2224 hujusmodi
2194 2183 2336 2223 pecunie

1323 2243 1497 2274 occasione
1522 2241 1678 2280 prolatas.
1699 2241 1791 2279 juxta
1815 2240 1953 2268 sormam
1977 2238 2124 2268 Ecclesie
2149 2246 2207 2276 per
2229 2241 2261 2267 te
2281 2235 2337 2266 vel

1323 2296 1426 2326 alium
1444 2296 1513 2325 vice
1531 2299 1643 2324 nostra
1660 2293 1786 2323 relaxes
1807 2297 1837 2322 et
1861 2291 2014 2321 ferendas
2038 2290 2178 2320 nuncies
2200 2289 2335 2328 penitus

1324 2358 1388 2379 non
1408 2348 1526 2378 teneri.
1541 2346 1821 2378 Contradirtores.
1839 2346 1911 2374 Non
1930 2344 2082 2374 obstante
2097 2342 2338 2373 constitutione

1325 2403 1363 2432 de
1384 2401 1512 2431 duabus
1530 2400 1628 2430 dietis
1646 2404 1719 2434 etc.,
1733 2398 1910 2428 dummodo
1922 2397 2009 2427 ultra
2024 2396 2155 2426 tertiam
2169 2395 2220 2426 vel
2235 2403 2339 2434 quar-

1325 2459 1391 2484 tam
1407 2459 1467 2484 etc.
1491 2453 1653 2484 Volumus
1677 2456 1786 2482 tamen
1808 2456 1844 2481 ut
1866 2451 1914 2480 hii
1937 2450 1994 2489 11111
2018 2450 2052 2479 10
2074 2448 2240 2480 solutione
2262 2456 2338 2486 pre-

1325 2508 1487 2538 dictorum
1508 2506 1695 2536 debitorum
1719 2504 1930 2534 contribuere
1953 2512 2018 2533 non
2039 2501 2240 2536 curaverint,
2261 2499 2339 2539 pre-

1326 2561 1471 2596 sentium
1491 2559 1653 2589 beneficio
1680 2568 1744 2588 non
1764 2558 1932 2597 juventur.
1966 2557 2040 2586 Dat.
2062 2553 2234 2589 Laterani,
2254 2552 2339 2583 VIII

1324 2613 1484 2643 kalendas
1501 2612 1627 2651 aprilis,
1646 2611 1858 2650 pontificatus
1877 2609 1982 2638 nostri
1999 2616 2086 2638 anno
2102 2606 2260 2637 sec-undo.
2281 2617 2294 2632 1³

1401 2792 1516 2820 ¹264

1367 2854 1548 2880 patriarchae
1575 2852 1837 2888 Hierosolymitano
1865 2849 2041 2885 apostolicae
2073 2846 2159 2873 Sedis
2184 2843 2340 2880 legationis

1329 2903 1452 2929 officium
1469 2902 1654 2928 committens
1677 2905 1733 2928 tam
1756 2901 1783 2926 in
1809 2898 1954 2934 provincia
1976 2898 2042 2931 ejus
2062 2903 2147 2930 quam
2164 2894 2194 2921 in
2209 2892 2341 2920 exercitu

1913 2787 2028 2818 Latran,
2045 2785 2075 2812 31
2095 2792 2172 2811 mars
2189 2783 2267 2811 1256.
