2441 3330
952 183 1176 220 PREMIERE
1197 184 1356 223 ANNEE.
2158 201 2197 232 37

107 253 152 280 dis
177 253 221 278 vel
245 252 405 286 legatorum
429 252 521 285 ipsius
546 251 656 278 litteras
678 253 799 279 valeant.
823 253 907 286 (Rae.
931 254 975 287 ⁵24,
999 263 1025 282 c.
1052 255 1108 287 123,

107 301 127 328 f.
139 301 202 332 l5v;
221 300 368 327 Formas-r
380 300 482 334 156673
500 299 672 334 Bsnuouma,
685 302 750 327 Acta
762 303 864 335 pontif.
876 303 982 333 helvet„
996 310 1026 329 n⁰
1037 303 1111 336 641.)

149 415 162 429 «
184 403 315 431 Eisdem.
338 402 456 431 Vestre
478 400 569 439 pacis
592 405 769 439 querentes
789 419 838 430 —.
860 403 931 432 Dat.
950 403 1109 441 Neapoli,

105 455 258 486 kalendis
273 453 450 489 februarii,
468 462 555 483 anno
570 453 688 491 primo.
709 465 723 479 2>

179 624 267 652 135

139 687 235 713 Nobili
251 687 310 712 viro
325 685 432 720 Helyae
447 685 596 712 confirmat
610 685 754 711 baroniam
769 683 896 710 Gisvaldi
908 687 957 711 etc.
970 684 1051 717 (Rau.
1065 685 1108 715 24.

104 745 130 763 c.
152 736 210 767 124,
227 735 245 761 f.
265 734 318 766 16.)

670 623 787 657 Naples,
804 623 945 657 9janvier
963 624 1038 650 1255.

146 849 159 864 α
183 837 284 866 Nobili
306 837 373 864 viro
393 836 481 872 Helye
504 835 626 864 domino
646 834 791 863 Gisvaldi.
818 835 998 863 Personam
1020 838 1111 863 tuam

103 898 203 929 quam
228 889 358 918 sincera
380 887 414 916 in
436 887 578 917 Domino
601 886 737 915 caritate
762 885 933 923 diligimus
955 886 1110 924 prosequi

101 941 330 973 favorabiliter
345 940 574 974 intendentes,
596 943 700 969 terras
716 943 790 968 tuas
811 938 965 968 videlicet
981 938 1112 968 Gisval-

102 995 191 1027 dum,
209 992 500 1032 AquampuMdam,
515 992 692 1022 Civitatem
708 991 978 1030 Frequentinam,
996 992 1112 1021 Pater-

103 1056 185 1077 num
209 1047 367 1077 Sanctum
394 1054 567 1083 magnum,
591 1044 715 1075 Villam
740 1053 905 1081 magnam,
930 1044 1108 1079 Torellam,

103 1099 324 1133 Girofalcurn,
342 1098 500 1135 Bonitum
520 1101 551 1126 et
570 1097 728 1127 Sanctum
746 1096 927 1126 Barbatum
947 1105 1022 1125 cum
1041 1105 1111 1126 oni-

103 1152 203 1182 nibus
224 1151 408 1180 honoribus
431 1154 462 1180 et
487 1149 700 1188 pertinentiis
726 1149 807 1184 suis,
832 1153 898 1178 tam
920 1149 1111 1179 demanium

102 1208 196 1234 tuum
216 1212 315 1242 quam
337 1202 510 1232 baroniam
529 1202 636 1240 ipsius
657 1201 807 1231 Gisvaldi
827 1201 1108 1239 contingentibus,

103 1257 143 1287 ab
160 1257 296 1295 antiquo
314 1256 349 1285 in
366 1255 631 1294 quibuscumque
650 1255 802 1292 personis
818 1258 849 1284 et
865 1254 964 1284 rebus
982 1255 1110 1284 consis-

102 1313 190 1344 tant,
212 1313 309 1347 prout
329 1318 367 1339 ea
387 1308 498 1337 omnia
516 1308 605 1347 juste
625 1307 776 1346 possides
797 1311 827 1337 et
846 1307 973 1345 quiete,
996 1307 1058 1336 tibi
1079 1310 1110 1336 et

102 1361 351 1393 successoribus
371 1361 438 1390 tuis
458 1361 493 1389 in
516 1360 688 1390 devotione
714 1359 809 1390 Sedis
834 1359 1012 1397 apostolice
1033 1368 1109 1397 per-

101 1414 297 1445 sistentibus
314 1413 509 1443 auctoritate
526 1412 705 1451 apostolica
720 1412 954 1442 confirmamus
973 1415 1032 1441 etc.
1051 1421 1109 1441 us-

99 1477 163 1507 que
193 1467 448 1497 communimus.
476 1467 550 1496 Non
578 1465 787 1495 obstantibus
815 1465 1041 1503 resignatione
1072 1474 1108 1495 ac

97 1520 288 1550 venditione
309 1528 391 1558 quas
414 1519 453 1549 de
473 1518 561 1548 dicta
576 1519 718 1549 Civitate
736 1518 916 1556 Frequenti
934 1522 966 1547 et.
980 1519 1109 1556 prefata

97 1576 187 1603 terra
201 1571 315 1601 Boniti
334 1571 501 1611 quondam
518 1571 669 1602 Conrado
685 1575 762 1601 nato
778 1571 944 1610 quondam
959 1572 1011 1601 Fr.
1028 1571 1108 1601 olim

97 1624 307 1663 imperatoris
332 1624 372 1654 ob
396 1624 550 1654 timorem
570 1623 678 1662 ipsius
700 1624 736 1654 C.
760 1623 818 1662 qui
840 1624 956 1654 cadere
979 1626 1107 1662 poterat

97 1678 342 1708 inconstantem
377 1677 498 1707 fecisse
535 1677 673 1711 diceris,
709 1680 765 1707 aut
795 1677 918 1707 litteris
947 1676 1106 1707 confectis

98 1731 214 1761 exinde
231 1739 291 1760 seu
307 1730 406 1760 etiam
419 1729 562 1768 publicis
578 1730 821 1760 instrumentis
843 1729 937 1759 Nulli
953 1734 1013 1759 etc.
1029 1738 1106 1759 nos-

98 1787 147 1814 tre
170 1782 431 1813 confirmationis
452 1786 513 1812 etc.
531 1777 605 1812 Dat.
624 1782 779 1821 Neapoli,
796 1783 826 1812 V
848 1782 923 1812 idus
941 1782 1104 1821 januarii,

99 1844 184 1866 anno
197 1836 315 1874 primo.
333 1847 345 1861 n

172 2001 256 2029 133

134 2066 240 2092 Abbati
261 2069 290 2092 et
310 2065 448 2092 sacristae
467 2072 490 2091 s.
516 2064 595 2090 Pauli
616 2063 815 2090 Narbonensis
835 2064 988 2090 committit
1007 2072 1104 2090 curam

99 2114 293 2149 interrogandi
314 2118 413 2144 testes.
436 2115 463 2140 in
485 2114 653 2148 quaestione
674 2114 747 2139 inter
768 2112 921 2139 Elnensem
936 2114 1106 2147 episcopum

99 2167 128 2190 et
144 2163 275 2190 Pontium
293 2162 380 2188 Pauci
395 2162 628 2188 archidiaconum
644 2161 732 2188 Vallis
746 2161 831 2196 Spirii
847 2165 916 2192 orta,
934 2170 1022 2196 super
1037 2162 1106 2187 arti-

98 2213 172 2240 culis
186 2220 258 2246 quae
275 2211 386 2238 auditor
395 2219 501 2238 causae
512 2210 650 2245 Magister
661 2210 829 2237 Rostandus
840 2210 1004 2245 capellanus
1017 2219 1105 2245 papae

98 2261 273 2288 transmittit.
291 2260 374 2293 (Rau.
391 2259 436 2292 24,
453 2268 477 2286 c.
498 2259 570 2292 1242,
587 2259 605 2285 Γ.
624 2259 678 2291 16.)

647 1999 764 2034 Naples,
781 1999 813 2026 28
826 1999 940 2034 janvier
957 1999 1033 2026 1255.

139 2375 152 2389 «
172 2385 204 2398 ..,
223 2363 324 2391 abbati
339 2367 364 2390 et
379 2385 410 2397 .,,
430 2362 554 2390 sacriste
566 2362 667 2390 sancti
682 2361 773 2389 Pauli
790 2361 1004 2390 Narbonensis.
1026 2361 1105 2391 Orta

97 2415 221 2446 dudum
242 2415 330 2444 inter
350 2413 575 2444 venerabilem
594 2413 731 2442 fratrem
754 2416 904 2442 nostrum
927 2436 959 2447 ..,
982 2412 1104 2443 Elnen-

98 2475 167 2498 sem
183 2467 383 2505 episcopum,
404 2470 436 2495 et
453 2465 610 2495 dilectum
622 2465 730 2494 filium
746 2465 902 2494 Pontium
916 2465 1032 2499 Pauci,
1052 2474 1105 2495 ar-

98 2519 330 2550 chidiaconum
354 2518 460 2548 Vallis
488 2518 606 2556 Spirii,
633 2521 701 2547 tam
726 2526 824 2555 super
845 2526 881 2547 eo
906 2518 993 2556 quod
1017 2518 1105 2547 idem

97 2572 268 2611 episcopus
287 2571 429 2601 eundem
449 2570 719 2600 archidiaconum
738 2570 982 2600 sententialiter
995 2570 1105 2599 archi-

97 2623 271 2654 diaconatu
297 2632 356 2653 suo
384 2623 531 2661 privarat
557 2631 656 2661 quam
681 2631 779 2660 super
805 2622 1004 2661 quibusdam
1029 2622 1104 2653 aliis

98 2676 247 2706 articulis
275 2676 466 2715 questione,
491 2685 528 2705 ea
553 2684 617 2714 quc
641 2684 699 2713 per
721 2674 976 2713 appellationem
998 2675 1104 2713 ipsius

98 2728 322 2759 archidiaconi
341 2728 381 2758 ad
397 2727 515 2758 Sedem
531 2727 744 2765 apostolicam
759 2726 913 2756 devoluta
927 2727 1036 2757 felicis
1052 2737 1104 2758 re-

98 2781 298 2810 cordationis
326 2782 352 2810 I.
374 2789 457 2818 papa
479 2779 691 2818 predecessor
713 2783 824 2809 noster
846 2788 981 2809 causam
1006 2789 1104 2818 super

98 2832 165 2864 hiis
187 2833 305 2864 dilecto
331 2833 399 2863 filio
426 2833 584 2871 magistro
605 2832 774 2862 Rostando
798 2832 967 2870 capellano
992 2837 1104 2863 nostro

1194 257 1392 288 audiendam
1408 260 1581 290 commisit.
1598 261 1681 292 Cum
1696 266 1806 293 autem
1819 272 1929 293 coram
1940 264 2012 302 ipso
2028 265 2196 304 capellano

1194 317 1212 337 a
1228 308 1314 339 dieto
1330 311 1563 343 archidiacono
1578 315 1782 351 procuratori
1796 316 1916 354 prefati
1930 317 2074 356 episcopi
2087 318 2195 350 oblato

1192 360 1306 390 libello
1325 366 1356 391 et
1375 362 1432 392 lite
1453 373 1551 402 super
1567 374 1604 395 eo
1619 365 1766 403 legitime
1786 372 1967 398 contestata
1989 379 2026 400 ac
2047 371 2086 401 de
2108 371 2196 401 veri-

1193 416 1259 443 tate
1289 414 1427 444 dicenda
1457 417 1594 453 prestito
1619 428 1636 447 a
1662 419 1811 455 partibus
1830 420 2017 458 juramento
2032 423 2196 462 factisque

1193 465 1271 494 hinc
1294 466 1370 495 inde
1396 468 1616 504 positionibus
1639 474 1669 498 et
1695 472 1967 508 responsionibus
1998 474 2039 503 ad
2064 475 2196 505 easdem

1192 521 1333 555 utraque
1348 528 1424 556 pars
1440 520 1589 550 intendat
1604 522 1783 559 producere
1799 525 1957 561 quosdam
1973 529 2083 561 testes,
2101 536 2195 556 man-

1194 569 1309 599 damus
1326 571 1483 607 quatinus
1504 581 1602 609 super
1624 574 1773 603 articulis
1796 584 1876 612 quos
1899 576 1987 606 idem
2007 578 2195 615 capellanus

1194 630 1269 651 cum
1299 622 1564 660 interrogatoriis
1600 626 1743 662 partium
1776 627 1868 656 vobis
1905 629 1966 657 sul)
1995 638 2054 658 suo
2086 631 2195 669 sigillo

1192 674 1399 708 transmittit,
1428 675 1629 714 interrogato
1655 678 1746 715 prius
1772 679 1832 708 sub
1853 680 1939 717 juris
1958 681 2093 719 jurandi
2118 683 2196 713 reli-

1194 726 1290 763 gione
1309 727 1395 755 dieto
1421 728 1588 766 episcopo,
1614 729 1790 767 diligenter
1814 735 1912 761 testes
1935 742 2015 771 quos
2039 735 2197 766 utralibet

1192 779 1337 816 partium
1354 780 1395 808 ad
1415 789 1509 809 suam
1525 781 1745 812 intentionem
1760 784 1962 814 fundandam
1979 794 2014 815 ac
2037 787 2135 816 etiam
2155 789 2197 818 ad

1193 831 1435 868 reprobandum
1457 833 1543 862 dicta
1564 834 1699 863 testium
1717 836 1904 866 eorumdem
1927 838 2054 867 duxerit
2075 840 2196 877 produ-

1193 884 1313 913 cendos
1334 885 1512 922 prudenter
1533 887 1678 924 recipere
1696 897 1732 917 ac
1750 888 1841 926 juxta
1858 889 2110 928 interrogatoria
2125 893 2197 931 ipsa

1193 935 1280 965 infra
1301 937 1443 974 spatium
1462 938 1601 967 duorum
1620 940 1786 969 mensium
1809 945 1839 970 et
1859 941 2034 972 dimidium
2052 948 2124 981 post
2143 954 2196 975 re-

1194 989 1378 1026 ceptionem
1392 991 1597 1027 presentium
1613 991 1660 1021 eis
1678 1001 1695 1021 a
1711 992 1879 1030 capellano
1896 995 2041 1032 predicto
2056 1005 2114 1033 pro
2130 1001 2196 1027 ter-

1192 1042 1283 1071 mino
1311 1043 1530 1080 peremptorio
1557 1044 1762 1082 assignatum
1791 1047 1978 1077 examinare
2005 1049 2138 1084 curetis,
2164 1053 2195 1080 et

1193 1103 1307 1124 eorum
1323 1095 1409 1124 dieta
1424 1095 1566 1125 fideliter
1581 1097 1768 1134 redigentes
1784 1098 1817 1127 in
1835 1099 1976 1137 scriptis,
1995 1110 2032 1130 ea
2047 1102 2107 1131 sub
2122 1112 2195 1132 ves-

1194 1147 1253 1176 tris
1277 1147 1406 1177 inclusa
1427 1148 1548 1185 sigillis
1571 1149 1611 1178 ad
1633 1150 1750 1179 Sedem
1775 1151 1986 1188 apostolicam
2006 1154 2194 1191 remittatis,

1192 1199 1391 1237 prefigentes
1416 1200 1540 1230 eisdem
1564 1201 1713 1239 partibus
1737 1204 1913 1232 terminum
1940 1207 2195 1243 peremptorium

1193 1256 1442 1289 competentem.
1459 1263 1522 1291 quo
1537 1262 1610 1283 cum
1622 1254 1703 1292 ipsis
1718 1264 1774 1292 per
1788 1265 1821 1285 se
1836 1257 1886 1285 vel
1899 1266 1956 1295 per
1967 1263 2193 1295 procuratores

1192 1304 1328 1334 idoneos
1352 1310 1561 1343 compareant
1584 1316 1693 1336 coram
1713 1308 1807 1338 nobis
1827 1309 1950 1347 justam
1973 1315 2103 1341 auctore
2128 1313 2194 1342 Do-

1191 1357 1282 1387 mino
1305 1358 1504 1388 sententiam
1524 1363 1706 1397 recepture.
1728 1361 1840 1391 Testes
1859 1366 1919 1392 etc.
1943 1364 2015 1392 Dat.
2033 1365 2189 1402 Neapoli,

1190 1410 1219 1439 V
1233 1410 1392 1440 kalendas
1407 1411 1583 1447 februarii,
1602 1421 1688 1441 anno
1703 1413 1820 1451 primo.
1840 1426 1852 1440 υ

1264 1582 1348 1610 13³2

1225 1643 1370 1670 statutum
1382 1645 1511 1680 episcopi
1529 1645 1702 1672 Parisiensis
1717 1647 1865 1682 approbat,
1879 1648 1988 1675 scilicet
2003 1653 2034 1675 ut
2049 1649 2191 1683 quaelibet

1189 1692 1350 1726 praebenda
1370 1693 1509 1719 ecclesiae
1529 1701 1553 1720 s.
1575 1694 1740 1728 Oportunae
1760 1694 1933 1722 parisiensis
1948 1697 1976 1722 in
1993 1697 2064 1723 duas
2078 1697 2191 1724 divida—

1189 1743 1245 1771 tur,
1273 1740 1442 1767 cedentibus
1466 1742 1511 1767 vel
1535 1741 1741 1769 decedentibus
1767 1744 1912 1770 canonicis
1939 1746 1987 1779 qui
2012 1753 2088 1772 nunc
2112 1749 2190 1774 sunt.

1188 1788 1272 1822 (Rae.
1290 1789 1334 1823 ζ24,
1350 1798 1374 1816 c.
1394 1789 1453 1821 1‘25,
1470 1790 1489 1816 f.
1508 1791 1561 1824 16.)

1735 1583 1852 1619 Naples,
1871 1586 1908 1611 ler
1922 1586 2024 1612 sevi-ier
2042 1587 2118 1615 1255.

1230 1902 1243 1916 ι(
1270 1913 1303 1925 ..,
1332 1892 1463 1928 episeopo
1485 1892 1663 1921 Parisiensi.
1691 1893 1925 1923 Desiderantes
1950 1894 2130 1932 plurimum
2155 1900 2191 1926 ut

1187 1959 1237 1970 —.
1261 1942 1344 1972 Cum
1368 1943 1491 1981 itaque,
1514 1943 1599 1973 sicut
1620 1945 1816 1982 accepimus,
1838 1950 1872 1975 tu
1894 1947 2027 1984 provide
2046 1957 2190 1985 pensans

1188 1995 1275 2034 quod
1291 1995 1428 2025 ecclesie
1446 2001 1556 2026 sancte
1578 1997 1744 2035 Oportune
1761 1998 1962 2028 Parisiensis
1985 2000 2064 2029 adeo
2080 2010 2190 2031 excre-

1187 2052 1303 2078 verant
1323 2048 1496 2078 facultates
1521 2050 1607 2087 quod
1631 2054 1809 2087 proventus
1831 2051 2007 2089 cujuslibet
2026 2053 2190 2090 prebende

1187 2101 1293 2139 ipsius
1308 2101 1446 2131 ecclesie
1462 2102 1589 2131 duobus
1606 2103 1774 2133 canonicis
1790 2108 1923 2141 possent
1939 2105 2088 2134 sufficere
2102 2114 2190 2135 eom-

1186 2157 1346 2191 petenter,
1363 2154 1515 2192 quodque
1531 2155 1617 2184 dicta
1633 2155 1772 2185 ecclesia
1782 2160 1912 2194 propter
1928 2157 2189 2187 ministrantium

1186 2207 1385 2244 paucitatem
1400 2207 1564 2236 defectum
1580 2216 1645 2236 non
1658 2208 1823 2237 modicum
1837 2208 1871 2237 in
1885 2209 2007 2238 divinis
2020 2209 2188 2248 ohsequiis

1186 2262 1355 2296 pateretur
1375 2263 1405 2287 et
1423 2263 1458 2288 ut
1481 2259 1594 2289 eadem
1617 2268 1654 2289 eo
1672 2260 1776 2297 magis
1798 2261 1838 2289 ad
1860 2261 1965 2290 divini
1985 2261 2092 2291 cultus
2109 2271 2189 2300 aug-

1187 2315 1335 2341 mentum
1356 2312 1526 2348 proficeret
1548 2321 1611 2350 quo
1636 2312 1669 2341 in
1688 2312 1760 2350 ipsa
1780 2313 2009 2343 ministrorum
2031 2323 2188 2345 numerus

1189 2367 1376 2401 augeretur,
1395 2364 1433 2392 de
1450 2365 1616 2393 communi
1633 2374 1771 2395 assensu
1788 2366 2020 2396 canonicorum
2042 2368 2187 2405 ejusdem

1188 2415 1326 2445 ecclesie
1336 2426 1373 2445 ae
1382 2415 1498 2445 decani
1508 2420 1538 2446 et
1548 2417 1683 2454 capituli
1693 2418 1797 2447 sancti
1810 2418 1966 2448 Germani
1976 2420 2186 2457 Pa1·isiensis‚

1188 2467 1228 2496 ad
1244 2476 1325 2506 quos
1342 2468 1472 2497 collatio
1488 2469 1731 2506 prebendarum
1747 2470 1831 2500 dicte
1848 2471 1984 2502 ecclesie
1998 2472 2036 2502 de
2053 2473 2189 2511 antiqua

1187 2523 1218 2549 et
1238 2520 1416 2558 approbata.
1432 2530 1468 2550 ac
1486 2521 1647 2551 hactenus
1667 2523 1801 2560 pacifice
1821 2523 1993 2554 observata
2013 2530 2188 2557 consuctu-

1187 2572 1263 2602 dine
1280 2573 1433 2610 pertinet,
1451 2574 1584 2604 duxeris
1598 2575 1809 2605 statuendum
1824 2580 1860 2605 ut
1876 2576 1914 2606 dc
1931 2577 2122 2608 cedentibus
2138 2579 2189 2610 vel

1187 2625 1423 2656 decedentibus
1440 2627 1577 2657 ecclesie
1596 2629 1722 2665 prefate
1738 2629 1906 2658 canonicis
1925 2630 1982 2668 qui
2005 2639 2091 2660 nunc
2112 2635 2188 2661 sunt

1187 2677 1333 2715 quelibet
1349 2678 1515 2716 prebenda
1533 2679 1638 2717 ipsius
1660 2680 1797 2710 ecclesie
1819 2681 1985 2711 dividatur
2004 2682 2038 2711 in
2061 2682 2141 2713 duas
2157 2688 2187 2714 et

1187 2730 1314 2760 duobus
1331 2732 1501 2761 canonicis
1517 2733 1716 2769 assignetur,
1735 2742 1793 2762 nos
1810 2734 1875 2763 tuis
1893 2734 2187 2772 supplicationibus

1186 2781 1350 2815 inclinati,
1369 2784 1455 2821 quod
1476 2793 1573 2822 super
1592 2785 1653 2814 hoc
1669 2795 1687 2814 a
1708 2789 1737 2815 te
1757 2786 1890 2823 provide
1911 2786 2033 2815 sactum
2049 2791 2097 2816 est
2112 2797 2185 2825 gra-

1186 2838 1256 2863 tum
1272 2834 1432 2865 hahentes
1449 2840 1608 2872 eti-atum,
1621 2837 1704 2866 illud
1720 2838 1912 2868 auctoritate
1927 2838 2103 2876 apostolica
2113 2848 2186 2869 con-
