2498 3325
201 278 259 308 298
927 273 1166 306 REGISTRES
1188 271 1494 302 D'ALEXANDRE
1518 273 1574 303 1v.

201 343 266 374 cito
280 341 481 373 venditionis
495 341 591 371 titulo
605 350 679 371 cum
693 350 748 371 eas
762 341 850 371 idem
861 341 896 371 Ο.
914 340 964 371 vel
983 341 1054 380 ejus
1070 338 1208 369 heredes

200 395 323 425 vellent
339 394 481 425 vendere
498 393 764 429 t1·ansferendas;
782 394 915 424 demum
933 393 1106 423 attendens
1126 390 1209 421 illud

200 447 280 478 felix
296 456 369 477 csse
387 446 621 476 commercium
633 455 706 475 cum
719 450 850 476 terrena
863 455 921 484 pro
932 445 1110 476 celestibus
1124 453 1208 474 com-

201 504 382 535 mutantur⁷
406 499 564 537 hospitali
584 503 693 529 vestro
715 499 755 529 ad
775 508 856 538 opus
879 508 1060 538 pauperum
1084 498 1117 527 in
1137 498 1208 536 ipso

201 552 392 589 degentium
405 552 634 590 possessiones
648 552 837 590 hujusmodi
857 561 931 581 cum
945 551 1083 581 annexis
1097 550 1208 580 oneri-

200 605 262 634 bus
274 604 501 634 innovationis
515 608 545 634 et
557 613 676 634 census
687 606 811 643 prefate
826 604 964 634 ecclesie
977 603 1207 642 impendendis

201 667 364 696 omneque
377 658 432 696 jus
449 661 480 687 et
499 657 663 687 actionem
680 657 766 696 quod
784 661 813 687 et
831 666 930 696 quam
946 656 1087 686 habebat
1103 656 1137 685 in
1159 655 1208 686 eis

200 704 304 750 pia'et
322 710 457 749 provida
473 710 684 745 liberalitate,
701 710 777 739 licet
791 710 970 740 cardinalis
984 718 1135 743 assensu,
1151 717 1208 747 pro

201 773 238 793 eo
255 763 341 802 qnod
357 767 435 792 tunc
456 763 612 801 temporis
636 763 750 793 eadem
771 763 909 792 ccclesia
935 762 1095 791 cardinali
1113 770 1209 791 vaca-

201 816 270 851 hat,
290 820 343 845 aut
362 815 632 853 archipresbiteri
652 825 710 845 seu
733 815 927 845 curtem-uui
949 815 1052 853 ipsius
1070 814 1208 844 ecclesie

202 877 266 897 non
291 868 550 903 int11·1·vcnie11te,
569 868 717 903 donavit,
736 872 831 906 prout
847 869 880 897 in
900 868 1132 897 instrumentis
1148 877 1209 905 pu-

201 920 298 949 blicis
324 920 399 949 inde
426 920 585 949 consectis
608 920 739 958 plenius
763 921 962 951 continetur.
987 922 1054 950 Nos
1079 921 1206 959 itaque,

201 973 321 1002 vestris
338 972 637 1010 supplicationilms
655 973 818 1007 inclinati,
832 974 1043 1003 donationem
1060 982 1118 1003 seu
1135 982 1208 1002 con-

200 1025 386 1055 cessionem
397 1025 587 1064 hujusmodi
601 1030 704 1055 ratam
718 1025 878 1055 habentes
891 1030 921 1056 et
937 1030 1074 1062 gratam,
1090 1026 1205 1064 ipsam,

201 1088 265 1108 non
285 1079 435 1107 obstante
455 1078 566 1116 aliqua
583 1079 747 1107 contraria
769 1079 1009 1108 consuetudine
1025 1082 1081 1108 aut
1097 1078 1125 1108 si
1141 1079 1209 1107 sor-

201 1140 260 1160 san
282 1131 316 1159 iu
333 1130 497 1160 solutione
519 1140 639 1160 census
656 1130 847 1169 hujusmodi
868 1130 1029 1160 hactenus
1045 1130 1210 1160 cessavis-

202 1183 259 1218 tis,
278 1192 352 1212 eum
369 1183 407 1212 de
428 1183 498 1220 ipso
518 1187 614 1221 prout
633 1183 784 1212 asseritis
799 1183 906 1221 parati
925 1182 998 1212 sitis
1015 1182 1210 1212 satisfacere

200 1235 479 1273 archipresbitero
497 1240 527 1265 et
543 1235 673 1265 clericis
692 1236 895 1271 memoratis,
909 1235 1105 1265 auctoritate
1119 1244 1209 1273 apos-

201 1288 298 1318 tolica
325 1288 561 1318 confirmamus
584 1292 643 1318 etc.
674 1297 780 1326 usque
808 1298 814 1317 ε
843 1288 1099 1318 communimus.
1130 1288 1210 1326 Sup-

200 1341 327 1379 plentes
362 1340 542 1376 defectum,
575 1341 604 1370 si
641 1341 716 1379 quis
746 1341 781 1370 in
806 1340 969 1371 locatione
1004 1341 1090 1370 facta
1123 1340 1210 1370 dicto

199 1393 328 1424 Oddoni
345 1398 376 1424 et
394 1394 571 1424 donatione
588 1393 779 1433 hujusmodi
795 1394 902 1424 extitit
918 1394 953 1423 in
971 1393 1146 1430 locatione,
1165 1393 1210 1423 vi-

200 1446 319 1476 delicet
343 1455 380 1476 ex
406 1455 443 1476 eo
468 1447 556 1485 quod
577 1446 757 1476 cardinalis
780 1446 865 1477 dicte
889 1446 1028 1477 ecclesie
1052 1446 1087 1476 in
1112 1446 1210 1476 dona-

200 1499 290 1529 tione
315 1508 407 1535 vero⁷
430 1509 489 1538 pro
514 1509 551 1530 eo
578 1500 665 1538 quod
689 1500 761 1538 ipsa
789 1499 928 1530 eeclesia
952 1504 1030 1529 tunc
1052 1499 1210 1538 temporis

201 1552 381 1582 cardinalis
403 1553 555 1588 vacabat,
582 1557 638 1583 aut
662 1553 934 1592 archipresbiteri
959 1557 990 1583 et
1014 1553 1211 1583 clericorum

200 1605 306 1643 ipsius
324 1614 388 1635 non
405 1605 623 1636 intervenerit
641 1615 809 1639 assensus.
828 1606 866 1635 de
880 1605 1088 1644 plenitudine
1100 1609 1210 1644 potes-

201 1659 290 1688 tatis.
321 1658 414 1688 Nulli
444 1663 505 1688 etc.
535 1663 645 1689 nostre
676 1659 939 1689 confirmationis
970 1662 1001 1689 et
1029 1658 1210 1696 suppletio-

201 1711 253 1741 nis
268 1715 329 1740 etc.
350 1712 422 1740 Dat.
440 1712 603 1749 Anagnie,
620 1713 683 1742 VII
702 1711 775 1741 idus
789 1711 877 1750 julii,
896 1720 983 1741 anno
998 1711 1116 1749 primo,
1134 1723 1146 1737 »

271 1874 359 1902 994
684 1875 810 1908 Anagni,
827 1874 860 1901 30
876 1875 1040 1909 septembre
1060 1874 1136 1901 1255.

238 1934 375 1969 Magistro
392 1935 530 1969 Gala-ido,
546 1936 723 1970 praecentori
739 1935 892 1967 Feruensi,
910 1936 956 1962 cui
972 1936 1209 1971 archiepiscopus

201 1982 391 2010 Dublinensis
407 1985 595 2018 dispensavit,
609 1989 649 2018 ut,
664 1989 775 2018 praeter
792 1985 963 2011 beneficium
983 1984 1136 2018 Fernmse,
1151 1986 1210 2012 uni-

200 2039 266 2057 cum
283 2032 358 2058 aliud
383 2033 552 2060 beneficium
579 2037 676 2068 posset
699 2033 840 2067 recipere,
867 2033 939 2058 hanc
963 2033 1208 2067 dispensationem

200 2079 361 2107 confirmat.
379 2080 462 2112 (itm.
480 2081 523 2115 24,
541 2089 565 2107 c.
583 2082 644 2115 805,
660 2082 678 2108 s.
699 2082 783 2110 119¹.)

243 2193 255 2207 «
273 2182 416 2219 Maqistro
435 2183 580 2218 Gaffrido,
594 2183 767 2221 precentori
782 2183 939 2211 Fernenst.
957 2182 1086 2212 Meritis
1103 2182 1208 2220 probi-

1292 337 1369 367 tatis
1386 341 1440 368 tue
1456 355 1503 367 —.
1529 339 1601 368 Dat.
1623 338 1791 377 Anagnie.
1810 339 1842 369 11
1860 338 2019 369 kalendas
2034 339 2192 374 octobris,
2213 347 2300 370 anno

1290 399 1408 428 primo.
1434 402 1447 417 n

1361 599 1450 629 995
1892 601 2018 636 Anagni,
2036 600 2052 628 9
2066 602 2133 628 aout
2151 600 2229 628 1255.

1325 669 1397 696 Cum
1411 680 1423 692 u
1442 670 1498 696 vite
1515 670 1690 697 mundiciam
1707 674 1736 697 et
1751 671 1999 697 conversationem
2012 669 2182 696 laudabilem
2194 670 2302 704 quibus

1289 718 1434 752 quondam
1451 719 1588 753 magister
1603 718 1756 753 Gibertus,
1773 719 1938 754 capellanus
1955 722 2062 751 noster,
2080 718 2303 746 VVratislavien-

1290 768 1332 793 sis
1354 767 1476 794 ecclesie
1500 769 1674 802 canonicus,
1698 776 1730 795 se
1754 768 1781 795 in
1809 768 1916 794 nostris
1941 771 1969 794 et
1992 760 2116 794 fratrum'
2135 771 2301 794 nostrorum

1289 815 1382 842 oculis
1398 817 1557 849 gratiosum
1577 816 1723 848 exhibuit,
1742 817 1917 849 recolentes,
1935 816 1970 841 de
1991 816 2085 850 ipsius
2103 815 2301 843 subtractione

1291 865 1398 890 recenti
1418 872 1473 890 non
1497 873 1655 898 possumus
1680 873 1735 891 non
1753 865 1864 898 dolere,
1880 872 1913 890 ac
1929 864 2032 891 dilecto
2055 864 2112 891 filio
2129 864 2214 890 Petro
2230 863 2303 890 Ber-

1290 913 1414 943 trammi,
1432 920 1569 947 germano
1586 913 1689 948 ipsius,
1705 913 1740 940 de
1756 913 1864 940 amisso
1880 914 1966 940 fratre
1981 913 2056 948 apud
2069 912 2172 940 Sedem
2185 915 2302 948 aposto-

1290 961 1372 987 licam
1391 962 1510 988 nimium
1527 962 1661 988 tribulato
1673 970 1724 997 per
1734 962 1946 997 compassionis
1957 962 2080 988 officium
2093 969 2149 988 non
2161 961 2264 988 adesse
2274 970 2301 992 n,

1290 1009 1527 1036 wratislaviensi
1549 1011 1703 1045 episcopo,
1721 1010 1850 1044 magistri
1871 1010 1983 1037 Giberti
1998 1010 2108 1042 amico,
2125 1009 2255 1043 mandat,
2271 1013 2304 1036 ut

1291 1058 1408 1085 Giberto
1424 1058 1538 1088 scolari,
1557 1058 1695 1092 praedicti
1712 1058 1789 1085 Petri
1807 1062 1886 1091 nato,
1908 1062 2060 1093 postquam
2077 1058 2200 1084 clericali
2216 1057 2305 1085 fuerit

1290 1110 1436 1133 caractere
1452 1107 1627 1141 insignitus,
1645 1107 1681 1133 de
1703 1107 1865 1141 praebenda
1881 1107 2025 1142 quondam
2043 1107 2173 1141 magistri
2190 1106 2303 1134 Giberti

1290 1155 1448 1189 provideat.
1466 1154 1551 1188 (Rau.
1569 1154 1613 1187 24,
1630 1162 1655 1181 c.
1673 1154 1734 1185 806,
1753 1155 1771 1181 f.
1794 1155 1878 1187 ΜΨ.)

1334 1288 1347 1302 «
1371 1277 1616 1305 Wratislaviensi
1631 1277 1775 1314 episcopo.
1797 1276 1872 1306 Vite
1890 1275 2092 1305 mundiciam
2110 1280 2141 1306 et
2158 1293 2207 1304 —.
2228 1276 2302 1306 Dat.

1292 1328 1456 1367 Anagnie,
1473 1329 1502 1359 V
1518 1328 1594 1359 idus
1613 1329 1758 1367 augusti.
1777 1337 1864 1358 anno
1881 1328 1997 1366 primo.
2018 1340 2031 1354 n

1361 1544 1450 1574 996
1835 1544 1957 1580 Naplcs,
1977 1545 2004 1571 11
2020 1544 2135 1579 janvier
2152 1543 2231 1571 1255.

1326 1614 1524 1649 Infrascriptis
1540 1614 1669 1648 mandat,
1687 1618 1718 1641 ut
1736 1613 1851 1641 Petrum
1867 1613 2012 1640 Joliannis
2026 1613 2163 1640 clericum
2182 1621 2195 1638 α
2211 1613 2240 1639 in
2255 1619 2306 1639 ec-

1291 1663 1379 1690 clesia
1394 1663 1487 1690 sancti
1504 1662 1581 1689 Petri
1597 1663 1792 1694 Tebricensis,
1810 1662 1966 1689 Ovetcnsis
1981 1662 2117 1696 diocesis,
2133 1662 2162 1689 in
2177 1669 2234 1696 qua
2254 1669 2306 1696 per

1291 1712 1413 1738 multum
1427 1714 1543 1746 tempus
1559 1711 1587 1738 in
1602 1711 1710 1738 divinis
1729 1711 1830 1738 officiis
1850 1710 1987 1738 devotum
2010 1710 2183 1745 obsequium
2198 1709 2304 1737 dicitur

1291 1760 1470 1795 prestitisse,
1489 1780 1506 1787 ..
1524 1761 1613 1795 recipi
1629 1760 1734 1787 faciant
1757 1760 1785 1786 in
1802 1760 1975 1786 canonicum
1991 1762 2019 1786 et
2041 1759 2069 1785 in
2086 1759 2201 1786 fratrem
2218 1758 2304 1793 eique

1291 1808 1434 1843 provideri
1454 1808 1488 1834 de
1511 1808 1654 1843 prebenda
1670 1816 1736 1835 cum
1760 1808 1949 1843 prestimonio
1971 1808 2015 1833 vel
2039 1806 2235 1842 prestimoniis
2252 1813 2303 1833 va-

1291 1857 1417 1882 lentibus
1429 1865 1521 1891 usque
1537 1857 1570 1883 ad
1583 1865 1726 1883 summam
1739 1860 1862 1891 quatuor
1876 1864 2037 1883 marcarum
2052 1855 2163 1890 argenti
2177 1862 2304 1882 consue-

1291 1904 1329 1931 tis
1344 1905 1492 1931 canonicis
1511 1906 1664 1940 assignari.
1681 1915 1694 1930 ι
1712 1905 1796 1938 (Rea.
1812 1905 1856 1939 24,
1873 1913 1900 1932 e.
1917 1905 1979 1937 807,
1997 1905 2015 1931 t'.
2035 1903 2106 1938 1⁶20.)

1333 2037 1346 2052 «
1374 2048 1410 2058 ..,
1435 2026 1546 2055 decano
1574 2027 1740 2064 Buryensi,
1765 2032 1791 2055 et
1819 2049 1855 2061 ,.‚
1885 2027 1986 2055 abbati
2011 2026 2160 2054 secularis
2186 2024 2305 2054 ecclesie

1291 2078 1391 2107 sancti
1407 2079 1560 2107 Εηιίίίαηί
1577 2079 1610 2107 de
1626 2079 1714 2114 Lala,
1732 2080 1898 2116 Buryensis
1916 2079 2052 2107 diocesis.
2074 2077 2124 2106 Ad
2141 2075 2305 2115 provisio-

1292 2138 1368 2159 nem
1384 2130 1518 2159 illorum
1534 2148 1582 2159 —.
1602 2131 1674 2160 Dat.
1693 2131 1849 2169 Neapoli,
1869 2132 1919 2161 III
1938 2130 2013 2160 idus
2033 2129 2198 2169 januarii,
2217 2136 2304 2159 anno

1291 2183 1409 2220 primo.
1432 2195 1444 2209 »

2486 1737 2498 1955 -a--n-..n
