2498 3325
987 265 1217 304 DEUXIEME
1241 265 1400 302 ANNEE.
2187 273 2242 303 321

143 343 196 374 vel
217 343 382 381 quamcito
402 351 518 372 vacare
541 343 761 379 contingeret,
783 340 953 371 donationi
974 338 1151 377 apostolice

144 400 371 430 reservantes,
391 395 451 424 tibi
472 404 529 433 per
549 396 690 425 eundem
710 394 884 425 officialem
900 393 951 423 vel
972 402 1029 431 per
1050 392 1151 421 alium

146 448 402 483 conserendum,
426 448 632 477 decrevimus
655 448 786 477 irritum
810 447 863 476 vel
886 446 996 477 inane.
1023 445 1050 474 si
1074 444 1155 483 quid

146 505 261 531 contra
283 500 473 539 hujusmodi
497 500 755 530 reservationem
779 504 925 529 nostram
949 508 966 528 a
988 506 1153 536 quoquam

146 553 350 589 contingeret
378 553 577 590 attemptari.
604 553 753 590 Cumque
782 551 921 581 eeclesia
951 551 989 580 de
1018 549 1152 587 Replee,

147 605 390 635 Londoniensis
407 605 560 640 diocesis,
578 605 612 633 in
630 614 692 643 qua
710 605 811 634 iidem
827 604 916 642 prior
930 608 958 633 et
973 606 1154 632 conventus

142 658 198 697 jus
216 658 366 687 obtinent
387 662 596 695 patronatus.
614 666 672 695 per
692 661 830 686 mortem
851 656 1001 693 lna-gistri
1018 654 1156 684 Roherti

147 710 186 739 de
204 709 380 739 Ludi-lawe
399 710 536 739 rectoris
554 710 700 749 ejusdem
717 713 882 743 vacasset,
901 709 988 737 idem
1005 707 1155 737 officialis

147 762 268 791 dietam
281 762 466 793 eeclesiam,
480 763 674 792 auctoritate
688 762 874 791 litterarum
889 765 1077 790 nostrarum
1091 759 1156 789 sibi

147 823 246 852 super
257 814 317 844 hoc
332 814 543 849 directarum,
558 815 617 843 uhi
632 815 788 844 canonice
803 813 941 843 contulit
955 822 991 843 ac
1004 821 1156 851 procura-

148 871 250 896 torem
267 871 361 896 tuum
380 871 435 896 tuo
452 868 584 897 nomine
601 867 639 897 de
660 867 730 905 ipsa
750 867 934 896 investiens
953 867 1031 896 fecit
1047 866 1156 903 ipsum

146 928 204 957 per
222 919 447 949 venerabilem
466 920 601 949 fratrem
619 923 768 949 nostrum
785 919 1052 948 Londoniensem
1069 918 1157 955 epis-

146 979 279 1008 copum.
297 970 359 1000 loci
377 971 607 1005 diocesanum,
626 971 739 1000 induci
758 971 790 1000 in
807 970 1051 1009 possessionem
1068 970 1156 1008 ejus-

146 1023 220 1052 dem
242 1022 379 1052 ecclesie
401 1023 614 1061 corporalem,
636 1024 704 1053 Nos
720 1023 833 1061 igitur,
856 1023 922 1053 tuis
942 1022 1156 1061 supplicatio-

147 1075 246 1104 nibus
262 1075 430 1110 inclinati,
449 1076 535 1114 quod
552 1076 591 1105 al]
611 1076 724 1105 eodem
741 1075 874 1105 officiali
895 1076 1017 1104 factum
1035 1079 1101 1110 est,
1121 1075 1155 1104 in

146 1127 208 1157 hac
225 1131 317 1165 parte
336 1132 444 1157 ratum
461 1128 620 1158 habentes
638 1133 668 1158 et
685 1133 825 1165 gratum,
842 1137 878 1157 ae
892 1128 1082 1166 supplentes
1100 1128 1156 1158 de-

146 1180 287 1215 fectum,
313 1180 341 1209 si
364 1180 438 1218 quis
459 1180 493 1209 in
518 1180 578 1210 hoe
599 1180 722 1215 extitit,
748 1180 786 1210 de
810 1180 989 1218 apostolice
1011 1180 1157 1218 plenitu-

147 1232 223 1262 dine
236 1233 420 1270 potestatis,
439 1233 634 1262 auctoritate
649 1232 829 1271 apostoliea
843 1233 1077 1262 confirmamus
1094 1237 1155 1262 ete.

147 1294 252 1324 usque
271 1295 276 1313 :
295 1285 550 1315 communimus.
571 1285 663 1314 Nulli
680 1290 740 1315 etc.
759 1289 870 1315 nostre.
888 1285 1106 1322 suppletionis
1126 1289 1157 1314 et

147 1338 410 1367 confirmationis
437 1341 497 1367 etc.
522 1339 595 1367 Dat.
622 1337 795 1372 Laterani,
820 1338 898 1367 XVI
923 1337 1083 1367 kalendas
1108 1338 1157 1367 se-

147 1390 286 1425 bruarii,
307 1399 393 1419 anno
411 1390 566 1419 secundo.
588 1402 599 1416 »

220 1556 334 1584 1066

185 1617 304 1650 [Leoni]‚
325 1617 543 1651 archiepiscopo
564 1616 784 1647 Mediolanensi,
808 1616 936 1650 mandat,
955 1621 985 1643 ut
1009 1621 1156 1643 monaste-

693 1554 794 1581 Lntran
806 1575 812 1586 ,
833 1555 861 1581 1-2
875 1555 989 1589 janvier
1007 1554 1083 1581 1256.

146 1666 219 1692 rium
236 1666 271 1691 de
288 1665 438 1699 cremella,
456 1665 565 1691 ordinis
586 1673 611 1692 s.
635 1665 800 1696 Benedicti,
819 1665 1042 1691 Mediolanensis
1058 1665 1156 1692 dioce-

144 1714 202 1747 sis,
219 1715 305 1748 cujus
328 1718 485 1748 proventus
500 1714 588 1739 annui
606 1713 730 1739 valorem
755 1713 843 1739 XXV
861 1722 1018 1739 marcarum
1037 1714 1156 1740 sterlin-

145 1771 246 1797 gorum
265 1766 379 1797 propter
397 1762 534 1788 incuriam
553 1762 719 1788 monialium
736 1763 763 1788 in
776 1761 876 1787 eodem
894 1762 1084 1788 habitantium
1099 1770 1155 1788 non

144 1811 298 1842 excedunt,
315 1811 565 1845 archipresbytero
581 1814 609 1836 et
627 1811 752 1845 capitulo
769 1810 959 1836 Modotiensis
973 1811 1115 1837 ecclesiae
1127 1812 1154 1837 in

145 1868 217 1886 usus
232 1860 364 1893 proprios
380 1859 497 1894 deputet
518 1863 546 1885 et
567 1859 728 1894 praedictas
754 1860 893 1885 moniales
912 1859 939 1885 in
960 1859 1024 1885 aliis
1041 1868 1156 1889 monas-

144 1908 224 1934 teriis
240 1908 368 1934 collocet.
388 1907 470 1940 (Ιίεσ.
483 1906 527 1938 Ἡ,
541 1908 559 1933 l.
575 1908 633 1938 131,
647 1916 713 1933 ann.
726 1907 869 1939 11‚c.56;
890 1907 1034 1934 Porralxsr
1049 1907 1156 1941 16183.)

184 2021 197 2035 α
221 2032 252 2043 ..,
271 2010 496 2046 archiepiscopo
517 2009 746 2038 Mediolanensi.
764 2008 885 2038 Dileeti
903 2009 965 2038 filii
988 2032 1020 2044 ..,
1045 2009 1155 2039 archi-

141 2062 316 2100 presbyter
338 2079 386 2090 —.
412 2062 485 2091 Dat.
514 2061 688 2096 Laterani,
715 2062 747 2091 11
775 2061 850 2091 idus
871 2062 1038 2100 januarii,
1068 2071 1154 2092 anno

141 2115 297 2145 secundo.
320 2127 332 2141 n

216 2279 331 2308 ¹013?

176 2341 301 2367 Johanni
318 2340 351 2366 de
368 2340 543 2375 Langecost,
562 2341 640 2375 regis
662 2341 785 2375 Angliae
805 2342 924 2375 clerico,
949 2342 1094 2376 indulget,
1112 2345 1150 2374 ut,

142 2394 254 2425 praeter
270 2390 421 2415 ecclesiam
438 2389 473 2415 de
491 2388 580 2415 Parva
597 2388 710 2420 Laufar,
729 2390 781 2415 alia
799 2390 998 2417 ecelesiastica
1016 2391 1154 2417 beneficia

143 2446 235 2472 usque
251 2437 283 2463 nd
301 2446 444 2464 summam
468 2441 582 2463 centum
606 2446 766 2464 marcarum
784 2438 986 2472 sterlingorum
1005 2440 1153 2466 annuatim

142 2487 264 2512 valentia
280 2486 408 2518 recipere
425 2485 526 2511 valeat.
544 2485 626 2519 (nto.
643 2485 693 2519 24,
710 2486 730 2513 f.
749 2486 813 2519 131,
830 2495 897 2514 ann.
915 2486 956 2518 II,
977 2495 1003 2514 c.
1025 2488 1081 2520 57.)

691 2279 808 2312 Latran,
828 2280 986 2314 16311ον101-
1004 2280 1081 2307 1256.

184 2599 196 2613 u
214 2588 351 2616 Johanni
367 2587 400 2615 {le
415 2587 585 2624 Lanyecost,
603 2588 715 2615 rectori
727 2588 845 2616 ecclesie
861 2588 894 2617 de
910 2589 1011 2618 Parva
1026 2590 1152 2626 Laufar,

141 2639 358 2668 Londoniensis
384 2640 520 2668 diocesis.
550 2638 708 2669 Volentes
738 2638 799 2668 tibi
828 2639 966 2669 obtentu
997 2658 1044 2670 —.
1078 2642 1152 2671 Dat.

142 2691 308 2727 Laterani,
326 2692 421 2721 XVII
437 2691 597 2721 kalendas
613 2691 785 2727 februarii,
807 2701 893 2722 anno
910 2694 1064 2723 secundo.
1086 2706 1099 2720 »

213 2855 328 2884 1068

177 2917 330 2951 lllugonil,
355 2917 429 2944 tituli
454 2917 484 2944 S.
510 2917 634 2943 Sabinae
662 2917 830 2953 presbytero
856 2919 993 2946 cardinali
1020 2924 1150 2956 petentej,

263 2977 486 3003 ALEXANDRE
505 2978 557 3010 IV,
576 2981 594 3003 t.
614 2979 635 3003 1.

692 2854 806 2888 Latran,
824 2856 857 2884 96
870 2857 985 2891 janvier
1003 2858 1079 2885 1256.

1238 337 1382 364 Ademaro
1399 338 1434 364 de
1460 338 1600 371 l‘ictnvia‚
1616 339 1713 364 comiti
1733 338 1898 368 Valentino,
1916 342 1944 364 et
1966 338 2150 373 Margaritae,
2169 348 2244 365 mar-

1236 386 1398 412 chionissae
1418 387 1637 417 Montisferrati.
1660 391 1689 413 ut
1712 388 1876 422 sopirentur
1900 387 2073 419 discordiae,
2097 388 2246 422 dispensat

1235 434 1311 468 quod
1325 436 1537 461 matrimonium
1548 435 1580 461 at!
1594 436 1716 462 invicem
1729 436 1898 461 contrahere
1912 436 2032 468 valeant,
2046 444 2099 461 non
2113 436 2246 462 obstante

1235 483 1310 516 quod
1332 483 1474 516 quondam
1497 483 1595 509 Siliilla
1618 492 1689 509 uxor
1710 483 1846 509 Ademari
1864 483 1982 509 eandem
2010 484 2096 510 nobili
2119 492 2246 509 consan-

1236 531 1386 564 guinitatis
1406 531 1478 557 linea
1494 532 1689 564 contingebat,
1708 532 1795 557 altera
1815 531 1942 564 ipsarum
1961 532 2048 557 tercio
2069 532 2103 557 ab
2126 541 2182 558 uno
2203 533 2246 558 la-

1237 582 1298 605 tere
1324 588 1339 605 a
1366 580 1464 613 stipite
1484 583 1512 605 et
1537 580 1645 613 reliqua
1669 583 1770 613 quarto
1795 579 1884 612 gradu
1910 588 1944 605 ex
1973 580 2060 605 altero
2084 580 2245 606 differente.

1238 628 1321 659 (Hm.
1338 628 1386 661 2³11,
1405 629 1422 654 f.
1454 628 1524 659 13lv,
1540 636 1606 654 ann.
1630 627 1670 659 ΙΙ,
1690 636 1715 653 c.
1735 627 1783 657 5S;
1802 627 1987 661 Roosxnsno,
2005 632 2024 654 t.
2043 628 2099 660 Ill,
2118 635 2148 654 n⁰
2165 627 2247 660 420¹.)

1281 741 1293 755 «
1318 730 1418 757 Nobili
1443 730 1507 757 viro
1530 729 1678 756 Aclemaro
1705 728 1738 756 cle
1761 729 1918 761 Pictavia,
1941 730 2045 757 comiti
2074 730 2246 758 Valentino.

1239 781 1397 818 Exposuit
1415 780 1510 809 nobis
1524 780 1664 809 dilectus
1675 797 1723 807 —.
1740 780 1810 808 Dat.
1829 780 1994 815 Laterani,
2012 781 2075 810 VII
2088 780 2248 810 kalendas

1238 833 1415 867 februarii,
1435 834 1534 870 [anno
1551 832 1719 868 secundo].
1742 843 1753 857 n

1312 1023 1425 1052 1069

1274 1085 1463 1119 Margaritae,
1491 1084 1717 1110 marchionissae
1744 1084 1967 1116 Montisferrati,
1993 1084 2066 1110 hanc
2096 1084 2249 1118 dispensa-

1792 1022 1905 1055 Latran,
1922 1023 1955 1049 ‘26
1969 1023 2081 1056 janvier
2100 1023 2175 1049 1255.

1239 1135 1345 1160 tionem
1364 1134 1537 1159 matrimonii
1553 1133 1708 1167 significat.
1726 1132 1809 1165 (lieo.
1825 1132 1870 1165 ³34,
1887 1132 1903 1158 f.
1923 1133 1993 1166 l3lv,
2009 1141 2075 1160 ann.
2090 1132 2127 1165 Il,
2143 1141 2168 1159 c.
2187 1133 2248 1164 58²3

1240 1182 1420 1215 Ronexneno,
1438 1186 1457 1208 t.
1475 1181 1531 1213 ΙΙΙ,
1550 1189 1580 1207 no
1597 1180 1686 1213 430³)

1283 1297 1294 1309 α
1313 1284 1414 1312 Nobili
1433 1284 1557 1312 mulieri
1573 1284 1753 1320 Maryarite,
1775 1283 1994 1311 marchionisse
2015 1283 2247 1318 illontisferrczlt'.

1240 1336 1398 1374 Exposuit
1415 1336 1510 1365 nobis
1528 1340 1588 1365 ele.
1603 1354 1649 1364 —.
1671 1336 1743 1364 Dat.
1762 1335 1928 1369 Laterani,
1944 1336 2006 1364 VII
2023 1335 2182 1364 kalendas
2200 1335 2250 1364 se-

1239 1388 1379 1423 hruarii,
1398 1397 1484 1417 anno
1501 1388 1656 1417 seeundo.
1678 1401 1689 1413 »

1312 1577 1429 1606 1070

1273 1642 1413 1673 Johanni,
1431 1641 1588 1667 marchioni
1607 1640 1877 1675 Brandeburgensi,
1894 1644 1922 1666 et
1936 1640 2050 1672 Juttae,
2069 1641 2151 1667 uxori
2167 1643 2247 1675 ejus,

1239 1694 1320 1717 natae
1347 1690 1474 1724 [Alberti]
1502 1689 1586 1715 ducis
1608 1689 1763 1720 Saxoniae,
1787 1689 1957 1715 transmittit
1978 1690 2088 1716 litteras
2114 1689 2250 1723 Hugonis

1239 1739 1312 1765 tituli
1329 1739 1359 1764 S.
1377 1738 1499 1764 Sabinae
1515 1738 1676 1772 presbyteri
1692 1738 1855 1770 cardinalis,
1874 1746 1925 1772 per
1939 1746 2011 1772 quas
2027 1746 2091 1764 cum
2107 1738 2149 1763 eis
2161 1746 2250 1772 super

1788 1576 1906 1608 Lati-an,
1921 1577 1952 1603 21
1968 1578 2082 1611 jam-ier
2102 1578 2178 1605 1256.

1238 1788 1420 1813 matrimonio
1454 1790 1601 1812 contracto
1632 1786 1666 1811 de
1701 1786 1834 1812 mandato
1868 1787 2026 1821 apostolico
2060 1786 2248 1820 dispensavit.

1238 1835 1321 1868 (Rea.
1341 1834 1383 1866 24,
1402 1835 1421 1861 f.
1441 1835 1510 1866 l3lv,
1529 1842 1595 1861 ann.
1612 1833 1650 1865 ΙΙ,
1667 1842 1693 1860 c.
1712 1834 1762 1865 59,
1782 1834 1961 1868 Romanasne,
1980 1838 1999 1860 t.
2018 1834 2071 1867 111,
2090 1840 2120 1860 11⁰
2137 1835 2210 1866 42⁷4.)

1280 1949 1292 1962 «
1311 1937 1411 1965 Nobili
1428 1937 1494 1964 viro
1509 1936 1655 1970 Joltannt,
1673 1936 1849 1965 mitt-clitoni
1861 1936 2136 1972 Branttebztrqensi,
2154 1941 2178 1964 et
2194 1945 2249 1964 no-

1238 1990 1293 2018 bili
1309 1989 1436 2017 mulieri
1454 1990 1545 2023 Jtttte,
1563 1989 1656 2016 umori
1669 1989 1743 2024 ejus,
1762 1993 1831 2017 nate
1843 1989 1953 2016 nobilis
1969 1989 2033 2016 viri
2049 1988 2134 2017 [tucis
2151 1990 2247 2016 Saxo-

1237 2044 1298 2071 nie.
1316 2041 1403 2071 Olim
1424 2041 1517 2070 vobis
1538 2040 1804 2078 supplicantibus
1824 2058 1872 2069 —.
1892 2042 1964 2069 Dat.
1986 2041 2156 2075 Laterani,
2181 2041 2247 2070 XII

1237 2094 1397 2124 kalendas
1414 2093 1593 2128 februarii,
1613 2102 1699 2122 anno
1717 2093 1872 2123 seeundo.
1893 2106 1905 2119 ))

1310 2286 1421 2314 1071

1273 2347 1456 2374 Patriarchae
1478 2347 1722 2381 Jerosolymitano
1741 2347 1884 2373 licentiam
1911 2347 2015 2381 ubique
2041 2347 2124 2381 pallio
2151 2345 2248 2372 utendi

1235 2396 1378 2423 coneedit.
1395 2396 1476 2430 (ttae.
1494 2396 1539 2428 24,
1556 2396 1575 2422 f.
1596 2396 1669 2430 131v‚
1686 2405 1752 2422 ann.
1770 2396 1807 2427 11,
1826 2404 1852 2421 c.
1870 2395 1924 2426 50.)

1791 2285 1903 2318 Latran,
1922 2284 1953 2310 13
1967 2285 2080 2318 janvier
2101 2284 2175 2310 1256.

1278 2509 1290 2523 α
1313 2520 1345 2531 ..,
1366 2498 1546 2534 patriarche
1564 2498 1829 2531 Jerosolimttano,
1853 2497 2012 2534 apostolice
2032 2496 2115 2525 Salis
2139 2497 2245 2533 teyctio.

1236 2550 1329 2579 Licet
1343 2559 1401 2588 per
1417 2554 1523 2579 certas
1544 2553 1728 2587 temporum
1748 2549 1836 2579 vices
1857 2549 1945 2578 infra
1968 2548 2140 2578 ecclesiam
2159 2553 2248 2577 tuam

1236 2612 1317 2632 usus
1336 2603 1396 2632 tibi
1414 2602 1507 2641 pallii
1524 2602 1567 2632 sit
1583 2612 1778 2636 concessus,
1798 2606 1851 2632 tue
1869 2606 1977 2631 tamen
1995 2601 2169 2639 probitatis
2189 2600 2248 2629 ob-

1237 2660 1340 2691 tentu,
1360 2656 1397 2685 de
1415 2655 1551 2693 speciali
1569 2665 1668 2694 quam
1685 2665 1763 2693 erga
1786 2659 1815 2685 te
1840 2655 1986 2693 gerimus
2003 2654 2158 2688 caritate,
2180 2654 2247 2682 sra-

1237 2708 1385 2738 ternitati
1404 2712 1457 2738 tue
1474 2708 1670 2738 auctoritate
1687 2707 1892 2746 presentium
1909 2706 2132 2743 indulgemus,
2150 2710 2195 2739 ut,
2212 2705 2246 2734 in

1236 2770 1445 2799 quacumque
1461 2761 1633 2799 provincia
1650 2761 1754 2790 [ueris
1767 2760 1807 2789 ad
1824 2759 1929 2789 divini
1943 2759 2088 2788 nominis
2107 2758 2246 2795 gloriam

1236 2817 1267 2842 et
1282 2813 1552 2843 Jerosolimitane
1568 2813 1662 2843 Sedis
1677 2813 1847 2847 honorem,
1863 2812 1963 2850 pallio
1977 2811 2116 2841 licenter
2130 2809 2246 2839 utaris.

1236 2867 1286 2896 Ita
1303 2870 1411 2895 tamen
1431 2870 1466 2895 ut
1489 2866 1549 2896 hoc
1571 2867 1643 2896 sine
1667 2865 1821 2896 seandalo
1843 2865 1899 2894 fiat
1920 2868 1950 2894 et
1967 2863 2148 2902 prejudicio
2165 2862 2249 2891 alio-

1236 2928 1321 2948 rum.
1339 2919 1413 2948 Dat.
1432 2919 1606 2954 Laterani,
1631 2919 1742 2948 idibus
1763 2917 1927 2957 januarii,
1951 2925 2037 2946 auno
2056 2915 2211 2945 secundo.
2234 2927 2248 2941 »

2094 2980 2120 3004 41
