2441 3330
982 163 1205 201 PREMIERE
1227 165 1385 202 ANNEE.
2177 183 2232 213 117

137 232 243 263 lentes
264 233 492 271 possessiones
515 242 574 263 seu
593 234 742 264 redditus
765 234 852 264 dicto
872 236 1073 265 monasterio
1089 245 1143 265 ac-

137 285 324 324 quirantur,
356 286 508 324 quodque
536 286 570 315 in
598 286 788 316 venditione
821 296 879 317 seu
909 288 1143 327 qualicumque

137 338 338 368 alienatione
359 338 475 368 domus
492 338 600 376 ipsius
616 342 676 368 etc.
694 348 800 377 usque
819 349 825 367 z
843 339 1010 377 integrum
1035 349 1143 370 reser-

135 395 242 421 vetur.
265 391 425 427 Quocirca
440 391 636 421 mandamus
652 391 810 429 quatinus
825 415 830 427 ,
851 392 879 421 si
896 392 975 421 dicti
991 393 1092 422 abbas
1113 398 1143 423 et

136 448 318 474 conventus
337 444 373 472 in
393 443 454 473 hoc
476 444 602 474 fuerint
624 444 846 481 negligentes,
871 454 927 474 vos
951 454 1005 475 eos
1027 446 1067 475 ad
1082 446 1143 476 hoc

135 496 298 526 moneatis
313 500 343 526 et
357 496 534 526 inducatis.
549 496 643 532 Quod
659 496 687 525 si
703 496 838 526 monitis
856 497 975 526 vestris
991 499 1143 536 acquies-

135 557 209 579 cere
226 549 309 578 forte
326 548 510 583 noluerint,
530 557 586 578 vos
605 558 660 578 eos
677 549 717 578 ad
732 549 765 577 id
781 549 1000 587 appellatione
1019 554 1143 579 remota

136 610 194 640 per
205 610 380 631 censuram
393 601 652 631 ecclesiasticam
668 601 872 639 compellatis
889 612 894 630 :
910 602 1041 639 proviso
1058 603 1145 640 quod

137 654 376 684 monasterium
396 654 505 692 ipsum
521 654 700 692 dampnum
717 654 851 693 aliquod
867 663 931 684 non
949 655 1097 684 incurrat
1113 659 1143 685 et

138 707 254 737 domus
280 707 423 745 pretium
450 707 485 736 in
515 707 652 737 alterius
678 707 793 737 domus
821 708 1022 745 emptionem
1049 712 1079 738 et
1108 708 1142 736 in

137 760 243 790 nichil
258 760 349 790 aliud
362 764 583 790 convertatur.
598 760 720 791 Contra
737 764 797 790 etc.
813 761 906 797 Quod
922 761 950 790 si
967 769 1031 790 non
1049 760 1144 790 ambo

136 817 197 843 etc.
217 813 290 842 Dat.
308 817 343 842 ut
362 822 472 851 supra.
492 825 505 839 »

208 984 296 1012 392
721 985 839 1020 NapIes‚
859 986 889 1012 17
905 985 975 1011 avril
994 985 1070 1012 1255.

171 1046 277 1073 Abbati
301 1045 434 1073 Cistercii
455 1048 578 1081 ejusque
602 1047 791 1074 coabbatibus
815 1051 843 1073 et
865 1048 1055 1074 conventibus
1078 1048 1142 1073 uni-

136 1095 229 1122 versis
245 1095 447 1122 cisterciensis
464 1096 574 1122 ordinis
593 1096 735 1127 concedit,
755 1100 794 1129 ut,
811 1104 876 1122 cum
893 1106 909 1122 a
926 1097 1001 1122 nullo
1017 1096 1071 1122 alio
1089 1097 1142 1123 nisi

137 1153 153 1171 a
172 1142 302 1179 patribus
323 1145 475 1171 abbatibus
495 1145 539 1171 vel
559 1153 574 1171 a
591 1145 738 1171 monachis
754 1145 788 1171 ad
805 1145 859 1171 hoc
874 1145 1017 1180 deputatis
1034 1146 1143 1172 visitari

136 1194 182 1219 vel
203 1193 307 1227 corrigi
330 1194 451 1228 possint,
476 1193 571 1220 nultus
591 1193 764 1220 diocesanus
785 1198 833 1220 aut
854 1195 995 1228 praetatus
1014 1194 1088 1220 alius
1108 1194 1142 1220 ab

137 1243 180 1269 eis
203 1243 420 1277 procurationes
445 1242 601 1268 visitationi
625 1251 751 1269 annexas
771 1243 887 1277 exigere
909 1244 952 1269 vei
973 1247 1143 1278 extorquere

137 1295 311 1325 praesumat.
329 1291 412 1324 (Rae.
424 1291 468 1324 24,
485 1299 512 1317 c.
528 1290 588 1322 324,
605 1291 625 1317 f.
644 1291 705 1321 47V;
725 1291 870 1318 Por‘rfflsr
890 1292 994 1324 15810.)

178 1405 191 1419 ιι
212 1416 244 1428 ..‚
266 1394 367 1422 abbati
388 1393 527 1422 cistercii
549 1394 670 1430 ejusque
688 1394 877 1422 coabbatibus
899 1398 924 1422 et
948 1394 1143 1422 conventibus

133 1447 288 1475 universis
307 1447 512 1476 (lister-ciensis
528 1446 658 1475 ordinis.
675 1445 776 1475 Sedes
791 1445 968 1484 apostolica
986 1446 1077 1475 duxit
1090 1463 1139 1474 —.

133 1500 206 1528 Dat.
226 1498 376 1536 Neapoli,
394 1499 456 1528 XV
471 1498 629 1528 kalendas
647 1499 737 1534 maii,
756 1508 842 1529 anno
859 1499 975 1536 primo.
997 1511 1009 1525 »

166 1737 313 1764 Judicium
338 1737 373 1764 R.
399 1745 422 1764 S.
448 1738 553 1772 Angeli
573 1738 686 1765 diaconi
707 1739 859 1765 cardinalis
882 1739 908 1765 in
933 1739 1142 1766 contestatione

132 1785 260 1812 Werrici
276 1787 376 1812 decani
390 1786 579 1813 Treverensis
596 1792 624 1813 et
638 1787 807 1814 Theudorici
833 1788 986 1822 praepositi
1004 1788 1143 1814 ecclesiae

718 1677 835 1711 Names,
856 1677 886 1704 113
903 1678 971 1704 avril
992 1677 1070 1704 1255.

135 1835 314 1862 Prumiensis
340 1843 428 1869 super
451 1836 686 1863 archidiaconatu
709 1837 847 1863 ecciesiae
871 1836 1059 1863 Treverensis
1083 1840 1144 1863 orta

133 1884 283 1910 confirmat
302 1895 306 1909 :
329 1883 492 1918 dictamque
517 1886 690 1911 sententiam
711 1885 828 1920 Neapoli
852 1885 934 1911 Vma
956 1886 1000 1911 die
1020 1886 1143 1912 intrante

134 1933 243 1959 mensis
270 1933 369 1967 aprilis
396 1933 523 1959 MCCLV
546 1934 646 1967 iatam,
671 1934 705 1960 de
732 1934 817 1960 verbo
842 1934 875 1960 ad
903 1934 1020 1960 verbum
1047 1935 1143 1960 refert.

133 1981 216 2015 (Rea.
234 1982 277 2015 24,
295 1990 319 2008 c.
338 1982 397 2014 325,
415 1982 433 2008 f.
451 1982 508 2015 47⁴)

177 2096 190 2110 α
206 2084 345 2119 Werrico,
359 2084 472 2113 decano
487 2085 672 2114 Treverensi.
684 2084 730 2114 Ea
739 2084 929 2123 quejudicio
944 2088 1004 2114 etc.
1018 2093 1142 2123 usque:

134 2136 345 2166 communiri.
363 2136 450 2166 Sane
462 2137 579 2175 pet-itio
593 2141 649 2167 tua
665 2137 761 2167 nobis
777 2137 925 2175 exposita
941 2137 1142 2173 continebat,

135 2188 222 2227 quod
241 2188 365 2218 dudum
385 2189 473 2219 inter
495 2193 526 2219 te
549 2193 580 2219 et
600 2189 843 2219 Theodoricum
863 2190 1068 2228 prepositum
1091 2199 1144 2220 ec-

134 2240 235 2271 clesie
255 2241 481 2277 Prumiensis,
504 2242 719 2272 Treverensis
735 2242 897 2278 diocesis,
916 2251 1015 2280 super
1034 2242 1144 2272 archi-

133 2293 309 2323 diaconatu
325 2293 382 2332 qui
399 2302 457 2332 per
472 2297 613 2324 mortem
628 2293 779 2324 Therriei
797 2294 877 2324 dicti
900 2294 939 2324 de
956 2293 1088 2331 Lahage
1108 2293 1143 2322 in

132 2345 274 2376 ecclesia
295 2341 493 2377 Treverensi
516 2347 645 2376 vacavit
667 2347 842 2386 questione
862 2347 1014 2382 suborta,
1034 2347 1143 2377 felicis

131 2399 371 2430 recordationis
383 2400 409 2430 I.
422 2409 506 2438 papa
515 2400 729 2438 predecessor
743 2404 855 2430 noster
869 2399 1027 2430 dilectum
1037 2399 1143 2429 filium

132 2456 283 2482 nostrum
305 2453 344 2483 G.
367 2453 474 2482 sancti
497 2452 671 2483 Eustachii
693 2453 872 2483 diaconum
892 2453 1097 2482 cardinalem
1113 2457 1144 2482 et

131 2505 275 2540 tandem,
291 2514 328 2535 eo
343 2505 381 2535 de
398 2505 491 2535 curia
506 2505 708 2541 discedente,
726 2505 885 2536 dilectum
899 2505 1007 2535 filium
1020 2505 1144 2542 magis-

131 2561 219 2587 trum
237 2558 420 2588 Martinum
445 2557 653 2596 capellanum
678 2562 829 2588 nostrum
851 2558 995 2596 priorem
1014 2558 1144 2588 Wima-

132 2618 309 2640 ranensem
325 2610 414 2640 dedit
429 2611 465 2640 in
479 2619 517 2641 ea
534 2611 685 2649 partibus
702 2611 896 2641 auditorem.
916 2611 980 2647 Qui
995 2619 1070 2640 cum
1086 2610 1144 2640 lite

131 2661 280 2700 legitime
294 2666 477 2693 contestata
493 2667 524 2693 et
540 2663 663 2693 auditis
678 2672 741 2702 que
758 2667 868 2701 partes
885 2663 1061 2693 voluerunt
1074 2671 1144 2700 pro-

133 2723 255 2753 ponere
269 2724 378 2745 coram
392 2724 440 2751 eo,
450 2715 569 2746 merita
583 2724 681 2746 cause
693 2716 800 2754 ipsius
812 2716 851 2746 de
865 2716 1019 2745 mandato
1033 2719 1144 2745 nostro

133 2766 254 2798 dilecto
269 2767 338 2797 filio
357 2772 469 2798 nostro
490 2769 528 2798 R.
555 2768 661 2798 sancti
683 2768 804 2806 Angeli
826 2769 963 2798 diacono
984 2767 1146 2798 cardinali

135 2819 313 2858 diligenter
333 2824 364 2850 et
387 2820 530 2851 fideliter
547 2820 734 2856 retulisset,
758 2821 846 2851 idem
863 2820 1042 2851 cardinalis
1059 2820 1146 2851 reci-

1226 238 1303 267 tatis
1326 240 1479 270 omnihus
1501 250 1609 271 coram
1630 243 1725 272 nohis
1747 243 1924 282 habitoque
1946 254 2019 275 cnm
2039 253 2229 284 procurato-

1226 289 1317 319 ribus
1339 292 1482 328 partium
1506 293 1544 322 de
1568 295 1802 332 compositione
1827 300 1980 331 tractatu,
2000 308 2039 328 ue
2063 300 2228 330 archidia-

1225 348 1362 372 conatus
1394 344 1463 381 ipse
1493 349 1659 382 pateretur
1693 347 1832 377 ulterius
1866 349 1899 377 111
1934 350 2163 387 spiritualibus
2197 357 2228 383 et

1226 395 1461 432 temporalibus
1480 397 1650 433 lesionem,
1669 399 1706 427 de
1727 400 1878 429 mandato
1895 406 1925 430 ct
1941 404 2134 433 auctoritato
2152 414 2228 434 nos-

1226 450 1275 475 tra
1292 447 1378 476 inter
1395 453 1502 478 cetera
1519 450 1644 483 statuit,
1663 450 1827 480 ordinavit
1845 457 1874 481 et
1893 454 1991 482 etiam
2008 456 2149 492 providit
2167 467 2172 485 :
2193 462 2227 486 ut

1226 498 1313 527 idem
1338 500 1626 531 archidiaconatus
1647 511 1746 539 penes
1768 504 1930 540 prefatum
1951 508 2150 543 prepositum
2176 518 2227 538 re-

1226 556 1356 580 maneat
1382 561 1455 581 cum
1479 553 1611 591 juribus
1639 558 1669 583 et
1698 555 1909 592 pertinentiis
1937 560 2160 594 spwtantilnis
2188 562 2227 590 ad

1226 604 1383 638 eundem,
1405 605 1564 634 mandans
1582 606 1819 636 nichilominus
1843 608 1902 636 tibi
1920 614 1955 638 ut
1974 610 2095 639 1111111111
2119 613 2227 641 archi-

1225 655 1434 685 diaconatum
1450 657 1515 694 ipsi
1530 658 1694 695 preposito
1711 659 1745 687 in
1765 668 1841 696 pace
1859 660 2015 690 dimittas.
2035 673 2070 691 ac
2089 665 2226 693 cundem

1226 718 1324 746 super
1341 709 1410 747 ipso
1432 713 1462 739 et
1485 710 1554 748 ejus
1573 710 1704 748 juribus
1721 715 1750 739 et
1767 711 1977 748 pertun-nnis
1998 714 2146 745 devotam
2164 726 2226 745 non

1226 761 1392 791 molestes.
1423 771 1481 791 nec
1504 763 1607 792 facias
1632 763 1812 792 molestari.
1838 765 1873 793 Et
1901 774 1974 794 cum
1998 771 2031 795 tu
2057 770 2226 799 ‹nfcasmne

1227 814 1412 852 questionis
1439 815 1629 853 hujusmodi
1654 824 1769 853 graves
1798 816 1927 846 labores
1951 819 2093 848 subieris
2119 826 2145 850 ut
2173 831 2227 851 ex-

1226 876 1356 905 pensas,
1372 868 1486 897 eadem
1500 868 1694 897 auctoritate
1708 872 1738 897 et
1755 869 1908 898 mandato
1922 871 2096 906 ordinavit,
2115 874 2225 903 statuit

1226 923 1256 948 et
1272 920 1415 957 providit
1427 930 1433 948 t
1445 924 1479 949 ut
1495 925 1528 950 tu
1541 920 1664 949 habeas
1679 920 1889 950 medictatem
1903 923 2050 952 omnium
2063 925 2228 954 fructuum

1226 976 1256 1002 et
1272 977 1491 1010 proventuum
1504 973 1651 1011 ejusdem
1665 972 1895 1003 archidiacono
1903 979 1964 1010 tus,
1981 976 2036 1013 qui
2050 977 2083 1005 111
2099 986 2227 1016 seques-

1226 1029 1275 1055 tro
1292 1029 1457 1055 tenentur.
1477 1030 1505 1056 et
1524 1027 1649 1057 tamdiu
1663 1028 1785 1058 habeas
1800 1032 1829 1058 et
1841 1030 2003 1067 percipias·
2020 1030 2227 1059 medietatem

1226 1079 1374 1108 omnium
1389 1080 1556 1109 fructuum
1571 1085 1601 1110 et
1616 1087 1834 1118 proventuum
1848 1083 2055 1112 archidiacon
2062 1087 2134 1112 atus
2146 1083 2227 1121 ejus-

1226 1131 1310 1165 dem,
1329 1132 1430 1161 donec
1446 1133 1537 1171 juxta
1555 1133 1741 1164 litterarum
1757 1137 1999 1174 predecessoris
2016 1137 2120 1174 ipsius
2138 1140 2227 1165 teno-

1226 1194 1295 1215 rem
1319 1185 1378 1214 tibi
1399 1186 1439 1215 sit
1465 1186 1613 1224 prodicta
1634 1188 1827 1218 auctoritate
1857 1189 2041 1226 provisum;
2069 1193 2098 1218 et
2123 1189 2227 1226 ipsius

1225 1238 1425 1275 provisionis
1451 1240 1694 1276 possessionem
1722 1246 1837 1271 nactus
1866 1243 1970 1271 fueris
2000 1243 2168 1279 parificant
2198 1246 2226 1271 et

1226 1290 1391 1328 quietam,
1418 1296 1511 1329 prout
1534 1292 1567 1320 in
1590 1293 1810 1324 instrumento
1829 1295 1958 1332 publico
1982 1295 2056 1324 indo
2081 1296 2227 1324 confecto

1226 1343 1373 1382 ejusdem
1403 1344 1581 1374 cardinalis
1606 1346 1714 1383 sigillo
1743 1347 1870 1384 signato
1899 1348 1990 1386 cujus·
2019 1353 2163 1377 tenorem
2189 1348 2226 1376 dc

1227 1396 1324 1426 verbo
1341 1397 1380 1426 ad
1397 1398 1530 1427 verbum
1546 1399 1754 1435 presentibus
1772 1401 1922 1430 annotari
1941 1402 2080 1430 ferimus
2096 1401 2225 1438 plenius

1225 1450 1421 1479 continetur.
1445 1451 1511 1479 Nos
1528 1451 1629 1488 igitur
1646 1453 1710 1481 tuis
1729 1453 1880 1490 previbus
1897 1454 2065 1489 inclinati,
2086 1454 2171 1491 quod
2187 1454 2225 1482 ab

1225 1503 1338 1532 eodem
1357 1503 1517 1532 cardinali
1541 1513 1638 1541 saper
1659 1506 1829 1542 premissis
1849 1506 1970 1534 fartum
1992 1511 2050 1540 051,
2070 1511 2175 1536 ratuni
2197 1511 2225 1535 et

1225 1556 1357 1585 firmum
1383 1555 1557 1590 habentos,
1580 1557 1613 1585 id
1634 1558 1828 1587 auctoritate
1854 1559 2031 1596 apostolica
2054 1560 2226 1588 confirma-

1225 1617 1298 1637 mus
1321 1613 1379 1638 etc.
1409 1618 1512 1647 usque
1535 1619 1540 1637 :
1566 1610 1819 1639 comnmniinus.
1843 1612 1948 1640 Tonor
1971 1616 2080 1640 aut-:nt
2104 1612 2226 1640 instru-

1224 1661 1327 1690 menti
1343 1661 1482 1699 predicti
1501 1662 1574 1691 talis
1592 1667 1638 1691 est
1659 1673 1664 1690 z

1825 1742 1944 1776 Napies,
1963 1744 1977 1767 S
1994 1744 2062 1769 arrii
2083 1744 2156 1769 12:351.

1254 1828 1280 1842 ι»
1303 1817 1341 1846 In
1360 1817 1492 1846 nomine
1508 1817 1653 1851 Domini,
1673 1827 1780 1847 amen.
1803 1818 1933 1847 Dudum
1950 1818 2036 1848 inter
2051 1818 2228 1847 Tin—oderi—

1229 1882 1241 1895 »
1266 1878 1341 1899 cum
1354 1870 1557 1907 prepositum
1575 1870 1804 1900 Prumiensem
1821 1875 1850 1899 et
1865 1871 2053 1900 XVerricum
2069 1871 2227 1900 «lemnum

1229 1934 1241 1949 ›>
1266 1923 1502 1952 Treverensem
1523 1932 1620 1960 super
1639 1923 1924 1958 archidiaconatu,
1946 1924 2001 1961 qni
2018 1934 2074 1961 por
2093 1928 2227 1953 mortem

1229 1987 1241 2001 n
1266 1975 1325 2004 Th.
1350 1975 1428 2004 dirti
1450 1975 1488 2005 de
1513 1976 1643 2013 Lahage
1667 1976 1701 2004 111
1722 1976 1858 2005 eeclesia
1883 1977 2076 2005 'I'revtz1-ensi
2103 1976 2225 2005 vacavit

1229 2039 1241 2053 ›>
1267 2029 1440 2066 questione
1463 2028 1613 2063 suborta,
1636 2028 1744 2058 felicis
1768 2029 2003 2058 recordatitmis
2026 2029 2178 2057 dominus
2201 2030 2227 2058 Ι.

1229 2093 1241 2107 n
1266 2090 1349 2119 papa
1374 2082 1441 2111 1111
1464 2081 1688 2111 venerabilem
1712 2086 1837 2119 patrem
1861 2081 2030 2111 dominum
2057 2082 2094 2111 G.
2124 2082 2228 2111 sancti

1228 2146 1241 2160 ι)
1267 2134 1438 2163 Eustachii
1456 2134 1631 2163 diaconum
1651 2133 1853 2163 cardinalem
1872 2134 1906 2162 111
1923 2142 1959 2163 ea
1976 2134 2064 2163 dedit
2080 2133 2228 2171 partibus

1228 2198 1240 2212 1)
1266 2186 1461 2221 auditorem,
1480 2195 1588 2215 coram
1600 2194 1664 2224 quo
1678 2195 1715 2215 ex
1729 2190 1820 2223 parte
1833 2186 1912 2214 dicti
1924 2185 2080 2223 propositi
2096 2185 2228 2215 libellus

1228 2250 1240 2265 »
1265 2238 1394 2269 oblatus
1416 2238 1523 2268 extitit
1543 2238 1578 2267 in
1597 2237 1848 2267 hunc-modum.
1867 2237 1984 2267 Coram
2004 2237 2113 2272 vobis,
2136 2246 2228 2267 reve-

1228 2304 1241 2318 »
1266 2292 1366 2321 rende
1395 2295 1486 2329 pater
1516 2290 1647 2320 domine
1679 2289 1875 2325 cardinalis,
1904 2290 2053 2327 partibus
2081 2290 2229 2319 auditore

1228 2357 1240 2371 n
1266 2353 1437 2379 concesso,
1466 2343 1617 2382 proponit
1648 2343 1806 2380 magister
1831 2342 2067 2377 Ewerhardus,
2097 2342 2228 2371 nominc

1228 2410 1240 2423 n
1264 2396 1458 2426 Theoderici
1481 2395 1706 2425 archidiaconi
1724 2395 1954 2430 Treverensis,
1972 2395 2066 2433 cnjus
2089 2399 2138 2424 est
2156 2404 2229 2433 pro-

1228 2462 1240 2476 »
1266 2454 1396 2480 curator
1426 2453 1539 2478 contra
1568 2448 1757 2478 Werricum
1787 2448 1948 2477 decanum
1977 2449 2227 2479 Trevoreusem,

1228 2514 1240 2529 »
1266 2501 1353 2540 quod
1373 2510 1448 2531 cum
1470 2501 1576 2530 dictus
1599 2500 1821 2530 Theodericus
1838 2500 1960 2529 dictum
1982 2500 2230 2529 archidiacona-

1228 2567 1241 2581 »
1268 2559 1337 2584 tum
1355 2558 1442 2584 esset
1458 2554 1615 2583 canonice
1631 2553 1768 2591 adeptus
1788 2562 1824 2582 ac
1840 2557 1927 2582 esset
1943 2557 1974 2582 etv
1991 2553 2032 2582 sit
2049 2553 2081 2581 111
2101 2561 2229 2590 posses-

1229 2619 1241 2632 »
1266 2607 1358 2636 sione
1382 2606 1544 2645 ejusdem,
1569 2606 1676 2635 dictus
1699 2606 1842 2635 decanus
1863 2605 2027 2643 prefatum
2049 2605 2106 2634 Th.
2133 2614 2230 2642 super

1228 2672 1240 2686 n
1266 2659 1351 2688 dicto
1368 2659 1638 2689 archidiaconatu
1652 2658 1797 2688 indebite
1810 2658 1995 2687 molestavit
2011 2667 2047 2687 ac
2063 2657 2229 2695 perturbat

1229 2725 1241 2738 »
1267 2717 1297 2742 et
1318 2711 1468 2742 molestat
1484 2721 1542 2750 pro
1561 2720 1619 2741 sue
1640 2711 1776 2741 arbitrio
1797 2711 1985 2746 voluntatis,
2004 2710 2183 2739 inhibendo
2200 2715 2227 2738 ν’.

1229 2777 1241 2792 r>
1265 2764 1470 2803 prohibendo
1494 2764 1628 2794 decanis
1653 2764 1918 2794 Christianitatis
1945 2763 2169 2792 sacerdotibus
2199 2767 2229 2791 ct

1229 2831 1241 2845 n
1267 2817 1396 2848 clericis
1413 2817 1560 2856 ejusdem
1583 2816 1871 2846 archidiaconatus
1889 2824 1928 2845 nc
1950 2815 2035 2845 dicto
2048 2815 2107 2844 Th.
2126 2815 2229 2844 archi-
