2498 3325
221 262 281 293 368
947 249 1187 283 REGISTRES
1208 247 1515 278 D'ALEXANDRE
1537 247 1591 277 1v.

225 326 452 354 Mediolanensis
471 323 609 355 diocesis,
627 322 734 356 quibus
756 321 844 355 {Leol,
867 318 1105 353 archiepiscopus
1123 314 1231 341 Medio-

226 376 369 406 lanensis,
387 374 441 400 boo
465 372 671 398 monasterium
695 374 765 396 tunc
785 367 952 395 monialium
969 365 1078 392 ordinis
1094 372 1118 390 s.
1139 362 1231 388 Bene-

224 424 295 451 dicti
320 424 521 454 concesserat,
548 420 622 446 hano
646 417 866 444 concessionem
892 415 1051 442 confirmat.
1076 412 1160 445 (Rea.
1185 410 1230 441 Ἡ,

226 474 245 500 f.
265 472 337 503 152¹,
354 479 421 498 ann.
437 469 475 502 ΙΙ,
492 477 517 495 e.
537 469 603 498 ¹¹17;
623 467 769 494 Pori-msa·
787 465 894 492 tows.)

269 585 283 599 u
303 595 336 606 ..,
351 571 517 609 preposito,
544 574 570 598 et
591 567 741 604 fratribus
762 566 882 595 ordinis
905 565 938 594 de
958 564 1092 597 Rubono,
1114 562 1234 591 ordinis

226 625 489 657 Humiliatorum,
510 621 741 651 Mediolanensis
763 619 899 648 diocesis.
920 616 1028 647 mistis
1051 614 1234 654 petentium

228 682 288 708 etc.
316 684 422 714 usque
449 684 455 703 :
479 672 642 711 complere
668 689 717 701 —.
746 672 818 701 Dat.
844 668 1011 703 Laterani,
1036 668 1102 697 1111
1130 674 1234 695 nonas

227 729 352 764 martii,
371 736 457 758 anno
473 725 628 756 secundo.
648 737 661 751 »

829 894 943 926 Latran,
960 893 975 919 9
992 887 1068 918 mars
1088 890 1164 917 1256.

303 899 419 928 ¹2¹5

267 962 374 989 Abbati
398 960 562 987 monasterii
583 959 615 985 B.
632 958 739 984 Mariae
755 957 789 983 de
806 956 881 982 Voto
895 957 979 990 juxta
995 953 1236 985 cesarisburgum

231 1012 400 1042 committit,
419 1013 449 1036 ut
464 1017 530 1036 cum
548 1008 665 1034 Nicolao
681 1007 716 1032 de
731 1005 876 1040 Sigovile,
895 1003 1082 1033 subdiacono,
1098 1001 1238 1027 canonico

230 1060 337 1096 ipsius,
349 1060 383 1086 de
395 1059 489 1085 soluto
501 1062 528 1084 et
540 1058 634 1083 soluta
645 1056 754 1089 genito,
767 1054 916 1088 dispenset
929 1051 1015 1086 quod,
1034 1059 1088 1077 non
1105 1050 1238 1076 obstante

230 1109 345 1135 defectu
368 1107 521 1139 natalium,
548 1105 581 1131 nd
607 1104 754 1137 regulares
775 1100 1040 1127 administrationes
1060 1099 1106 1125 sui
1123 1105 1239 1124 monas-

232 1158 296 1184 terii
311 1157 459 1183 dumtaxat
474 1154 583 1181 assumi
596 1153 697 1179 valeat.
710 1151 793 1184 (Ritu.
806 1150 850 1182 24,
867 1150 885 1176 s.
903 1149 974 1179 152¹,
989 1157 1054 1174 ann.
1072 1147 1108 1178 11,
1126 1155 1151 1173 c.
1166 1146 1238 1178 178)

274 1270 287 1284 «
311 1280 343 1291 ..,
361 1256 462 1286 abbati
484 1254 665 1283 monasterii
688 1253 773 1281 Beate
792 1251 887 1280 Mario
905 1250 938 1278 de
964 1250 1030 1278 Volo
1043 1249 1137 1285 juncta
1153 1248 1240 1277 Cesa-

231 1312 420 1347 ris-burgiam,
437 1309 556 1337 ordinis
572 1307 672 1336 sancti
688 1305 867 1342 Auyustini,
887 1302 1126 1332 constantiensis
1142 1301 1240 1329 dioce-

231 1366 284 1394 sis.
306 1361 481 1400 Regularis
497 1359 624 1390 ordinis
642 1356 886 1397 prosessorilms
907 1373 956 1383 —.
980 1355 1053 1384 Dat.
1072 1352 1239 1386 Laterani,

233 1417 298 1448 VII
315 1415 389 1445 idus
407 1414 527 1449 martii,
547 1421 634 1442 anno
650 1409 804 1441 secundo.
826 1422 838 1435 n

812 1587 924 1616 Latran,
941 1585 955 1611 8
973 1585 1075 1611 ferrici·
1094 1583 1171 1609 ¹⁵25&

307 1594 422 1624 ¹216

272 1655 467 1689 [nsi-ascriptis
491 1652 605 1680 mandat
619 1673 625 1684 ‚
644 1654 673 1677 ut
690 1650 869 1684 Stephanum
885 1647 920 1673 de
938 1647 1010 1672 Fuci·
1028 1646 1055 1671 in
1077 1643 1243 1679 posscssio-

236 1714 300 1734 nem
324 1706 429 1731 domus
449 1704 483 1729 de
508 1713 519 1725 κ
545 1701 672 1736 Lyntans
687 1710 700 1724 i>
720 1698 870 1732 (Limans),
888 1697 922 1723 ab
936 1696 1037 1722 abbate
1054 1699 1081 1720 ct
1097 1696 1241 1720 conventu

235 1752 477 1782 cluniacensibus
490 1751 515 1777 ei
530 1757 697 1781 concessae,
713 1747 851 1773 inducant
866 1749 894 1771 et
910 1744 1064 1770 defendant
1080 1742 1241 1768 inductum.

240 1803 322 1836 (Res.
341 1802 386 1835 24,
406 1801 424 1827 f.
445 1800 519 1830 15‘2v,
536 1807 603 1824 ann.
620 1797 656 1829 11,
674 1805 698 1823 c.
715 1796 800 1827 1782.)

280 1917 292 1930 κ
312 1927 344 1938 ..,
363 1903 473 1931 dci-ano
488 1900 623 1937 majoris,
645 1903 670 1926 et
740 1898 863 1926 sau-risle
878 1895 983 1923 Sancti
1002 1893 1091 1922 Pauli
1107 1893 1244 1921 ecelesia-

236 1967 308 1987 rum
332 1954 593 1992 lsztyzlunensiitm.
623 1950 742 1981 Petitio
766 1948 876 1978 dilecti
898 1947 958 1976 filii
982 1964 1029 1975 —.
1055 1946 1128 1975 Dat.
1150 1945 1246 1973 Late-

240 2010 326 2044 rani,
344 2009 390 2038 VI
406 2007 481 2036 idus
497 2003 669 2038 februarii,
688 2011 774 2032 anno
794 2000 949 2031 seeundo.
972 2011 984 2025 n

812 2178 926 2211 Latran,
945 2178 957 2203 4
975 2176 1079 2203 fevrier
1099 2174 1174 2201 1256.

312 2187 427 2215 ¹21⁵!

275 2251 420 2286 Episcopo
444 2247 618 2274 Sit-acusano
643 2243 774 2273 mandat,
796 2241 934 2276 quatinus
956 2239 1001 2270 R,
1018 2238 1156 2272 episcopo
1178 2235 1247 2261 Fre-

238 2299 380 2335 quentino
391 2318 398 2330 ,
415 2306 429 2323 a
446 2295 515 2322 sede
530 2293 645 2329 propria
660 2290 863 2318 miserabiliter
883 2288 999 2314 exulare
1016 2289 1134 2315 coacto,
1152 2283 1248 2319 provi-

240 2349 354 2376 sionem
372 2344 562 2372 necessariam
580 2349 630 2376 pro
647 2348 695 2371 se,
714 2348 770 2365 uno
786 2338 902 2367 clerico,
920 2335 1034 2362 duobus
1051 2333 1248 2360 servientibus

240 2406 275 2424 ac
291 2396 384 2422 tribus
399 2391 572 2427 equitaturis
587 2389 671 2416 saciat
683 2386 813 2414 exhiberi
826 2386 860 2412 ab
872 2384 1006 2411 ecclesiis
1021 2386 1048 2409 et
1065 2380 1249 2408 monasteriis

241 2445 368 2472 Siciliae.
385 2442 471 2476 (Res.
488 2440 533 2473 24,
550 2439 569 2466 f.
588 2437 647 2468 153,
664 2445 730 2464 ann.
747 2435 786 2468 II,
803 2443 828 2461 c.
848 2434 920 2464 179.)

285 2558 298 2572 «
333 2568 366 2580 ..‚
395 2544 528 2581 episcopo
552 2540 751 2569 Siracusano.
783 2535 991 2566 Constitutus
1019 2533 1053 2562 in
1081 2530 1249 2570 presentia

243 2602 357 2629 nostra
374 2593 574 2626 venerabilis
590 2592 692 2621 frater
706 2593 817 2620 noster
833 2589 883 2623 Β,
897 2587 1070 2625 episcopus
1085 2585 1248 2622 Frequen-

242 2652 345 2685 tinus,
364 2648 459 2679 nobis
478 2645 650 2676 humiliter
673 2641 870 2681 supplicavit
892 2644 943 2674 ut,
969 2647 1042 2668 cum
1066 2638 1152 2675 ipse,
1174 2644 1249 2674 pre-

242 2704 348 2735 sentis
371 2700 527 2738 temporis
547 2702 577 2727 et
602 2695 818 2735 quorumdam
842 2692 1026 2723 emulorum
1044 2698 1178 2720 suorum
1200 2689 1249 2717 sa-

244 2757 351 2787 ciente
377 2753 520 2787 malitia,
551 2760 568 2780 a
593 2749 669 2780 sede
695 2747 827 2786 propria
853 2743 1090 2774 miserabiliter
1118 2740 1250 2771 exulare

244 2813 390 2846 cogatur,
411 2814 469 2835 nec
492 2804 591 2834 habet
609 2801 697 2831 unde
718 2799 825 2829 valeat
848 2796 1046 2831 sustentari,
1072 2794 1250 2825 subvenire

244 2859 429 2898 indigentie
446 2866 504 2887 sue
521 2854 699 2894 apostolica
717 2851 940 2882 sollieitudine
957 2855 1161 2879 curaremus
1182 2847 1250 2882 Nos

244 2914 358 2952 igitur,
383 2911 489 2950 ipsius
512 2905 810 2946 supplicationibus
834 2902 1005 2937 inclinati,
1032 2899 1247 2933 mandamus,

1315 313 1472 351 quatinus
1493 312 1600 342 eidem
1622 311 1774 350 episcopo
1790 310 1830 340 ab
1847 309 2016 348 aliquibus
2033 309 2184 339 ecclesiis
2200 312 2231 338 et
2248 316 2319 338 mo-

1315 365 1471 394 nasteriis
1488 364 1597 394 insule
1615 364 1740 403 Sycilie
1757 363 1916 401 exemptis
1933 367 1963 392 et
1980 371 2045 392 non
2060 362 2219 400 exemptis
2236 365 2320 391 tam-

1314 417 1371 446 diu
1388 417 1490 447 facias
1508 426 1565 455 pro
1582 426 1616 447 se
1634 421 1664 447 et
1680 425 1746 446 uno
1763 416 1883 446 clerico
1905 420 1937 445 et
1952 415 2080 444 duobus
2096 413 2320 444 servientibus

1315 479 1351 499 ac
1369 469 1475 499 tribus
1490 469 1690 508 equitaturis
1708 469 1741 498 in
1759 469 1824 498 vite
1842 468 2041 497 necessariis
2062 466 2243 505 provideri,
2263 466 2322 496 do-

1317 531 1375 552 nec
1400 522 1503 560 possit
1528 521 1568 551 ad
1591 520 1764 551 ecclesiam
1786 529 1880 550 suam
1901 529 1974 550 curn
1999 520 2176 549 securitate
2199 518 2320 549 redire.

1316 575 1595 605 Contradietores.
1614 574 1688 604 Non
1703 574 1856 604 obstante
1874 573 1902 602 si
1923 573 2074 611 personis
2091 577 2147 602 aut
2163 572 2244 602 locis
2260 571 2322 601 ali-

1316 627 1438 666 quibus
1455 636 1473 657 a
1491 627 1574 657 Sede
1594 626 1775 665 apostolica
1791 626 1834 656 sit
1850 625 2031 659 indultum,
2055 624 2140 663 quod
2157 624 2196 654 ad
2212 624 2323 662 provi-

1317 680 1444 709 sionem
1477 679 1619 718 alicnjus
1652 679 1791 708 minime
1823 682 2010 712 teneantur,
2037 677 2189 716 quodque
2219 677 2260 707 ad
2289 676 2324 706 id

1317 733 1469 771 compelli
1487 742 1551 762 non
1568 732 1695 771 possint
1711 741 1769 770 per
1784 731 1912 761 litteras
1931 731 2127 769 apostolicas
2146 730 2276 769 plenam
2293 734 2326 760 et

1318 795 1505 824 expressam
1526 795 1589 816 non
1606 786 1767 816 facientes
1782 785 1821 815 de
1835 784 1964 814 indulto
1980 784 2170 823 hujusmodi
2187 783 2325 814 mentio-

1319 848 1411 874 nem,
1440 844 1470 869 et
1495 838 1643 877 qualibet
1671 838 1737 868 alia
1764 838 1891 876 prefate
1917 837 2012 868 Sedis
2037 836 2246 874 indulgentia
2267 844 2326 874 per

1319 901 1416 930 qnam
1443 891 1589 931 ejusdem
1616 891 1760 929 episcopi
1786 890 1929 929 provisio
1954 889 2107 928 impediri
2132 888 2239 919 valeat
2265 897 2324 918 seu

1319 946 1458 975 ‹littori-i.
1483 946 1555 974 Dat.
1582 944 1747 979 Laterani,
1775 945 1806 974 ΙΙ
1831 952 1934 973 nonas
1956 943 2132 977 februarii,
2161 950 2248 972 anno
2273 949 2326 972 se-

1320 998 1437 1027 cundo.
1458 1010 1470 1024 i>

1394 1162 1511 1189 ¹218

1356 1223 1488 1257 Capitulo
1509 1222 1683 1249 Eboracensi
1701 1222 1833 1252 mandat,
1855 1223 1993 1256 quatinus
2009 1221 2139 1248 Sewatdo
2155 1222 2248 1248 electo
2264 1225 2328 1248 tan-

1321 1280 1407 1306 quam
1425 1272 1532 1306 pastori
1554 1271 1714 1297 animarum
1735 1271 1927 1296 obedientiam
1948 1270 2133 1304 impendant.
2155 1269 2330 1304 dispensans

1322 1329 1387 1346 cum
1414 1319 1514 1345 codem
1545 1318 1674 1345 Sewaldo
1705 1327 1792 1352 super
1820 1319 1965 1345 desectum
1995 1318 2142 1344 natalium.
2171 1317 2253 1350 (Rea.
2283 1317 2328 1349 ¹2⁴.

1323 1369 1341 1395 f.
1362 1368 1420 1398 153,
1438 1376 1504 1394 ann.
1523 1366 1564 1398 11,
1581 1375 1644 1401 cap.
1664 1367 1735 1399 ¹80.)

1903 1160 2016 1192 Lati-an,
2036 1160 2063 1186 11
2085 1168 2161 1186 mars
2178 1159 2256 1186 ¹256.

1365 1483 1377 1497 α
1398 1470 1538 1507 Capit-ulo
1560 1470 1748 1498 Eboraccnsi.
1775 1470 1876 1498 Recte
1900 1472 1978 1498 tunc
2000 1468 2215 1498 ecclesiarum
2238 1467 2332 1498 utili-

1325 1523 1383 1553 tati
1400 1523 1600 1562 prospicitur
1620 1526 1651 1552 et
1669 1522 1902 1560 indempnitati
1924 1521 2103 1552 salubriter
2125 1526 2330 1560 precavetur,

1325 1586 1398 1606 eum
1420 1576 1572 1605 discretis
1592 1580 1622 1605 et
1646 1575 1792 1614 providis
1818 1584 1931 1605 earum
1958 1584 2035 1605 cura
2061 1575 2279 1605 committitur
2301 1579 2334 1605 et

1324 1629 1535 1658 viduatarum
1573 1628 1730 1665 regimini
1763 1632 1911 1666 pastores
1948 1627 2059 1657 idonei
2092 1632 2331 1666 preponuntur.

1326 1682 1422 1712 Unde
1441 1683 1610 1711 Romanus
1628 1681 1786 1719 pontifex,
1805 1681 1857 1710 cui
1875 1690 1910 1710 ex
1931 1680 2134 1718 apostolatus
2151 1680 2257 1710 officio
2274 1680 2333 1710 im-

1326 1735 1429 1764 minet
1459 1734 1496 1764 dc
1528 1734 1696 1763 universis
1732 1734 1881 1764 ecclesiis
1912 1734 2054 1764 sollicite
2087 1734 2243 1772 cogitare,
2272 1734 2334 1764 hoc

1327 1788 1467 1817 maxime
1485 1787 1570 1816 ciri-:1
1589 1787 1678 1825 ipsas
1695 1787 1835 1817 attendit
1852 1792 1883 1817 ct
1900 1787 1939 1816 ad
1954 1787 1987 1816 id
2004 1787 2200 1825 propensius
2215 1787 2334 1825 invigi-

1326 1841 1382 1875 lat,
1402 1845 1436 1869 ut
1455 1850 1511 1878 per
1528 1840 1630 1869 bunos
1654 1845 1685 1869 et
1708 1840 1824 1877 dignos
1847 1840 2074 1877 gubernentur
2097 1844 2256 1874 rectores,
2278 1848 2335 1878 pet·

1328 1894 1426 1922 duces
1440 1893 1632 1930 prospicuos
1644 1893 1677 1921 in
1693 1893 1762 1922 suis
1776 1893 1931 1930 gregibus
1942 1893 2139 1930 dirigantur,
2155 1901 2212 1930 per
2223 1901 2335 1923 sacros

1329 1950 1359 1975 et
1376 1945 1522 1975 eruditos
1547 1945 1718 1975 ministros
1738 1945 1772 1974 in
1795 1944 2028 1983 spiritualibus
2053 1945 2203 1983 fulgeant
2225 1949 2255 1975 et
2278 1953 2336 1983 per

1329 1999 1575 2036 dispensatores
1591 1998 1771 2036 prudentes
1789 1998 2019 2036 temporalium
2035 1998 2209 2036 proficiant
2227 1998 2336 2029 incre-

1329 2051 1469 2086 mentis;
1489 2051 1567 2089 quia
1584 2051 1690 2086 navis,
1711 2052 1768 2090 qui
1785 2051 1890 2090 perito
1906 2051 2031 2089 remige
2048 2051 2190 2087 ducitur,
2208 2051 2338 2090 liquida

1329 2108 1417 2134 recte
1430 2104 1593 2142 percurrit
1609 2104 1731 2142 spacia,
1750 2108 1780 2134 et
1797 2104 1912 2134 domus
1924 2104 2074 2134 ubertate
2089 2112 2199 2134 rerum
2211 2111 2337 2134 excres-

1330 2158 1385 2191 cit,
1406 2166 1469 2196 que
1490 2157 1731 2195 patrefamilias
1748 2158 1874 2195 regitur
1893 2157 2052 2192 studiose,
2071 2166 2107 2187 ac
2124 2157 2222 2187 vinea
2237 2165 2337 2196 quam

1331 2210 1474 2248 diligens
1495 2210 1600 2240 cultor
1620 2216 1713 2240 curat
1737 2211 1769 2240 in
1795 2211 1904 2240 botros
1927 2210 2083 2240 exuberat
2102 2209 2286 2248 opulentos,
2306 2213 2340 2240 et

1331 2272 1409 2300 ager
1431 2263 1465 2292 in
1488 2267 1635 2300 vegetem
1662 2263 1837 2293 secundani
1859 2263 2053 2297 fruetificat,
2078 2271 2176 2301 quem
2193 2261 2338 2300 agricola

1303 2342 1306 2344 .
1330 2316 1437 2346 bonus
1451 2315 1537 2345 colit.
1558 2316 1595 2345 In
1613 2324 1650 2345 eo
1668 2316 1766 2345 etiam
1785 2315 1935 2346 ecelesiis
1952 2315 2131 2354 apostolica
2145 2315 2246 2346 Sedes
2263 2323 2338 2353 pro-

1332 2369 1407 2398 vide
1421 2368 1580 2407 prospicit
1597 2373 1627 2398 et
1643 2368 1797 2405 benigne,
1817 2369 1912 2407 quod,
1933 2369 1961 2398 si
1976 2368 2105 2407 aliquos
2122 2367 2264 2406 propriis
2280 2367 2338 2397 ad-

1329 2422 1418 2460 jutos
1445 2421 1573 2451 meritis
1599 2421 1639 2450 ad
1666 2430 1779 2451 earum
1805 2421 1989 2459 prelaturas
2016 2421 2184 2451 interdum
2209 2419 2339 2450 evocari

1332 2474 1505 2510 contingit,
1524 2474 1581 2512 qui
1599 2473 1681 2504 alias
1698 2474 1781 2504 forte
1802 2478 1933 2512 propter
1952 2473 2098 2512 aliquem
2115 2481 2211 2503 suum
2229 2472 2338 2502 desec-

1333 2530 1401 2555 tum
1431 2526 1483 2555 vel
1516 2529 1626 2555 notam
1656 2527 1794 2556 minime
1823 2526 2008 2565 promoveri
2039 2525 2214 2560 deberent,
2246 2525 2336 2563 ipsa,

1333 2583 1520 2616 temperans
1533 2578 1567 2607 in
1582 2578 1642 2608 boe
1657 2588 1715 2609 sue
1731 2579 1867 2609 mininie
1879 2579 2015 2608 lenitate
2029 2578 2187 2608 canonice
2200 2585 2340 2607 censure

1332 2631 1475 2668 rigorem
1487 2631 1608 2670 etjuris
1622 2632 1779 2661 duritiam
1790 2632 1994 2670 benignitate
2008 2631 2141 2669 pietatis
2153 2629 2338 2664 emolliens,

1332 2684 1526 2717 remedium,
1548 2684 1635 2713 circa
1652 2685 1684 2713 id
1708 2684 1851 2714 utilitate
1874 2688 2060 2722 prospecta,
2087 2687 2249 2721 oportune
2272 2682 2341 2712 dis-

1332 2736 1538 2774 pensationis
1556 2737 1705 2774 apponit,
1726 2737 1893 2767 inhabiles
1920 2741 1949 2766 et
1974 2737 2103 2774 ineptos
2129 2739 2285 2773 coaptans
2309 2739 2341 2764 et

1331 2797 1490 2826 reparans
1504 2789 1766 2819 misericorditer
1782 2790 1822 2819 ad
1838 2789 1992 2824 honores,
2010 2787 2188 2826 aperiendo
2201 2787 2342 2817 elemen-

1333 2845 1382 2871 ter
1399 2841 1446 2870 eis
1457 2841 1596 2880 januam
1608 2842 1819 2879 dignitatum,
1838 2842 1915 2880 quia
1927 2846 2057 2871 austere
2073 2840 2156 2878 ipsis
2170 2839 2340 2870 eeclesias-

1333 2894 1398 2924 tica
1413 2894 1568 2924 instituta
1587 2894 1784 2932 precludunt
1801 2899 1831 2925 et
1848 2895 1991 2932 gratiose
2008 2893 2083 2923 illos
2097 2893 2138 2922 ad
2153 2891 2342 2930 presulatus

2484 3112 2498 3244 *⁴2⁴¹*
