2441 3330
998 171 1222 208 PREMIERE
1243 170 1402 208 ANNEE.
2191 179 2244 208 1⁶29

220 248 311 275 426

183 309 284 336 Eidem
306 309 366 342 regi
389 311 417 333 et
438 307 520 333 uxori
540 308 605 341 ejus
628 306 774 340 indulget,
797 310 827 332 ut
846 306 943 332 clerici
959 313 1058 331 eorum
1074 305 1158 330 obse-

150 358 226 392 quiis
241 357 409 383 insistentes
425 356 538 382 fructus
554 359 582 381 et
598 358 756 390 proventus
772 355 858 381 unius
874 363 908 380 ex
925 354 1096 388 praebendis
1108 361 1160 379 seu

151 407 284 433 ecclesiis
305 405 430 431 obtentis
455 405 604 439 percipere
626 404 746 429 valeant.
765 403 846 432 (Rau.
867 403 910 435 24,
929 411 954 428 c.
978 401 1050 432 349⁵,
1067 402 1087 429 s.
1105 402 1157 430 52.)

734 245 852 278 Naples,
869 245 903 270 ‘25
918 244 988 269 avril
1010 244 1087 269 1255.

194 519 208 534 «
235 507 350 536 Eidem.
377 506 456 535 Tuis
484 509 515 535 et
537 505 710 535 carissime
732 505 767 533 in
790 504 924 534 Christo
952 503 1020 532 filie
1050 507 1161 532 nostre

153 559 343 597 Margarite,
360 557 503 588 illustris
517 557 631 595 regine
644 556 795 591 Francie,
810 556 922 586 uxoris
936 560 1002 591 tue,
1018 555 1162 592 benigne

153 611 308 651 precibus
325 614 520 644 annuentes,
537 609 667 639 clericis
681 609 747 638 tuis
765 613 795 638 et
811 608 959 647 ejusdem
975 607 1089 645 regine
1104 607 1162 636 ob-

155 663 282 702 sequiis
298 662 545 695 insistentibus,
562 666 599 691 ut
615 670 729 692 eorum
744 661 885 700 quilibet
898 661 1026 690 fructus
1043 664 1074 690 et
1091 669 1162 698 pro-

153 720 272 745 ventus
295 715 396 745 unius
413 723 450 744 ex
471 714 650 752 prebendis
673 723 732 744 seu
753 713 904 743 ecclesiis
925 721 988 751 que
1012 712 1163 742 obtinent

154 777 229 798 cum
251 777 289 798 ea
307 767 499 805 integritate
520 767 690 805 percipere
706 766 852 801 valeant,
869 765 1162 796 distributionibus

154 820 330 851 cotidianis
349 819 517 849 dumtaxat
535 819 690 857 exceptis,
709 828 774 857 qua
796 818 870 848 illos
888 818 1112 856 perciperent,
1134 818 1163 848 si

153 873 189 903 in
204 873 382 912 prebendis
398 872 451 902 vel
466 872 617 902 ecclesiis
633 871 824 911 hujusmodi
844 871 1064 909 personaliter
1078 871 1164 901 resi-

155 925 280 961 derent,
299 924 476 955 contrariis
499 924 798 954 consuetudinibus
822 923 874 953 vel
896 923 1046 958 statutis,
1069 923 1164 962 jura-

154 982 280 1012 mento,
309 977 560 1007 confirmatione
585 976 765 1015 apostolica
789 976 841 1006 vel
865 985 1073 1015 quacumque
1099 976 1165 1006 alia

153 1030 342 1060 firmatione
354 1030 485 1060 vallatis
501 1038 712 1068 nequaquam
728 1029 948 1064 obstantibus,
969 1029 1165 1059 auctoritate

154 1083 362 1122 presentium
376 1083 590 1120 indulgemus
604 1093 610 1118 ;
628 1082 759 1120 proviso
776 1082 862 1121 quod
879 1082 914 1111 in
931 1082 1081 1113 ecclesiis
1101 1091 1164 1121 que

156 1145 269 1166 curam
282 1135 406 1165 habent
416 1135 607 1172 animarum
621 1144 783 1165 annexam
796 1144 854 1173 per
867 1135 1014 1174 ydoneos
1030 1135 1167 1165 interim

156 1189 281 1219 faciant
309 1188 451 1218 vicarios
478 1188 650 1218 deserviri.
679 1188 773 1218 Nulli
800 1192 861 1218 etc.
892 1192 1004 1218 nostre
1030 1197 1166 1218 conces-

158 1241 263 1272 sionis
290 1245 350 1271 etc.
385 1242 457 1271 Dat.
488 1240 644 1279 Neapoli,
676 1241 740 1270 VII
764 1240 924 1270 kalendas
950 1241 1048 1276 maii,
1079 1249 1166 1271 anno

156 1303 274 1333 primo.
295 1306 307 1320 »

227 1459 314 1488 42⁷

194 1521 299 1547 Abbati
321 1529 345 1548 s.
371 1520 493 1547 Dionisii
520 1520 634 1547 mandat
654 1520 792 1555 quatinus
813 1521 980 1555 hujusmodi
1004 1521 1115 1548 fructus
1139 1526 1168 1548 et

158 1573 315 1604 proventus
344 1569 430 1595 faciat
459 1569 575 1595 clericis
601 1569 776 1604 supradictis
807 1570 973 1596 ministrari.
1004 1570 1083 1604 (Rea.
1115 1571 1165 1602 24,

156 1626 182 1645 c.
200 1618 272 1648 349⁵,
291 1619 309 1644 f.
328 1618 384 1651 52.)

743 1458 863 1492 Naples,
880 1458 914 1486 ‘26
930 1458 998 1484 avril
1017 1458 1094 1486 1‘255.

200 1732 212 1746 «
240 1743 272 1755 ..,
290 1721 391 1749 abbati
406 1721 507 1749 sancii
526 1721 660 1749 Dionisii
682 1722 717 1749 in
740 1721 885 1750 Francia.
908 1721 1167 1752 Carissimorum

157 1772 193 1802 in
218 1772 351 1803 Christo
375 1772 522 1802 filiorum
540 1777 729 1803 nostrorum
753 1796 786 1809 ..,
812 1774 900 1811 regis
917 1778 948 1804 et
969 1774 1165 1812 Margarite,

157 1825 270 1855 uxoris
290 1834 359 1860 sue,
377 1825 492 1863 regine
508 1826 658 1861 Francie,
676 1825 859 1856 illustrium
876 1827 1020 1864 benigne
1035 1831 1096 1857 etc.
1114 1836 1167 1857 us-

158 1886 222 1916 que
244 1887 250 1906 :
266 1877 439 1908 deserviri.
463 1878 643 1914 Quot-circa
659 1879 856 1908 mandamus
875 1879 1033 1917 quatinus
1049 1879 1167 1919 hujus-

156 1930 245 1960 modi
262 1930 389 1960 fructus
405 1935 436 1960 et
458 1935 638 1969 proventus
654 1931 758 1961 facias
778 1931 903 1961 eisdem
926 1931 1057 1962 clericis
1073 1933 1167 1972 juxta

156 1983 382 2013 concessionis
398 1987 509 2013 nostre
522 1987 669 2013 tenorem
683 1984 812 2021 integre
824 1984 1021 2014 ministrari.
1032 1985 1167 2015 Contra-

156 2035 308 2065 dictores.
323 2036 397 2065 Non
411 2036 563 2066 obstante
575 2036 604 2066 si
614 2037 767 2074 personis
777 2036 946 2075 aliquibus
956 2046 973 2067 a
983 2038 1066 2068 Sede
1075 2047 1167 2076 apos-

157 2087 256 2118 tolica
269 2088 312 2118 sit
325 2088 493 2118 indultum
515 2089 602 2127 quod
617 2089 784 2125 interdici,
803 2090 961 2128 suspendi
977 2090 1029 2120 vel
1043 2100 1167 2121 excom-

156 2141 322 2171 municari
345 2150 411 2171 non
434 2142 563 2180 possint
584 2151 642 2180 per
668 2142 797 2172 litteras
820 2143 1018 2180 apostolicas
1035 2143 1168 2182 plenam

158 2198 189 2225 et
205 2203 394 2233 expressam
410 2199 465 2224 aut
482 2194 521 2224 de
537 2195 637 2225 verbo
657 2195 698 2224 ad
713 2195 850 2224 verbum
866 2204 931 2225 non
948 2196 1109 2227 facientes
1128 2197 1167 2227 de

157 2247 286 2277 indulto
304 2247 495 2286 hujusmodi
511 2247 716 2277 mentionem
730 2251 760 2277 et
777 2248 1014 2279 constitutione
1031 2249 1069 2279 de
1086 2250 1167 2279 dua-

157 2299 220 2330 bus
243 2299 341 2330 dietis
366 2300 474 2330 edicta
498 2300 533 2329 in
557 2300 698 2330 concilio
723 2301 882 2338 generali.
910 2303 981 2332 Dat.
1010 2302 1164 2340 Neapoli,

157 2353 204 2383 VI
219 2352 378 2383 kalendas
394 2353 486 2389 maii,
505 2362 592 2383 anno
608 2354 726 2392 primo.
747 2366 759 2380 »

229 2517 321 2545 428

196 2579 426 2613 Arcbiepiscopo
444 2578 619 2606 Bituricensi
638 2580 763 2611 mandat,
782 2585 811 2607 ut
826 2589 926 2607 omnes
942 2581 1167 2615 crucesignatos

161 2627 242 2662 regni
254 2626 390 2654 Franciae
407 2628 547 2654 inhabiles
562 2628 596 2654 ad
613 2629 798 2663 pugnandum
814 2629 849 2656 ad
866 2630 1091 2665 redemptionem
1110 2632 1166 2657 voti

160 2684 258 2703 eorum
288 2680 316 2702 et
345 2676 508 2702 subsidium
538 2676 643 2703 Terrae
667 2676 788 2704 Sanctae
817 2679 978 2712 compellat.
1010 2679 1094 2712 (Rae.
1122 2680 1166 2713 24,

160 2733 187 2752 c.
203 2724 275 2756 349⁷,
293 2725 312 2751 f.
330 2725 385 2757 5-2.)

744 2518 861 2553 ΝερΙεε,
878 2519 913 2546 25
929 2519 999 2546 avril
1019 2520 1093 2546 12:35.

203 2839 215 2853 «
239 2849 271 2861 ..,
288 2827 514 2863 archiepiscopo
528 2826 726 2855 Bituricensi.
743 2826 904 2857 Volumus
919 2833 949 2858 et
963 2829 1169 2866 presentium

284 2891 506 2915 ALEXANDRE
524 2891 572 2920 IV,
590 2894 608 2915 t.
630 2892 648 2915 I.

1241 243 1302 271 tibi
1325 244 1519 273 auctoritate
1545 244 1738 273 mandamus
1760 245 1931 282 sniatiinis,
1956 244 1983 273 si
2005 244 2062 282 qui
2083 244 2121 274 de
2144 253 2244 282 regno

1241 295 1379 325 Francie
1396 296 1622 333 Crucesignati
1643 297 1676 326 iu
1693 290 1879 325 subsidium
1891 298 1988 325 Terre
2005 298 2121 327 Sancte
2137 297 2245 327 volue-

1242 347 1308 375 rint
1325 347 1486 377 redimere
1502 353 1571 377 vota
1589 358 1647 377 sua
1661 358 1718 385 pro
1736 358 1772 377 ρο
1787 349 1873 386 (pind
1889 349 1970 378 sorte
1988 355 2064 378 sunt
2079 349 2245 379 inhabiles

1243 399 1283 427 ad
1304 400 1517 436 pugnandum
1545 400 1594 429 vel
1621 400 1703 429 alias
1729 400 1963 437 ini};u·‹linie1·ito
1992 401 2140 438 legitimo
2163 402 2247 431 de‘i-

1243 456 1374 480 nentur.
1387 456 1500 489 tu,per
1515 456 1545 481 te
1561 452 1611 481 vel
1629 462 1686 489 per
1703 452 1861 481 discretos
1879 452 1959 481 alios
1976 453 2095 490 1111111115
2112 454 2145 482 id
2159 462 2246 483 com-

1243 503 1375 532 miseris
1395 504 1633 541 exequendum,
1652 504 1906 540 Crucesignatos
1922 504 2110 542 hujusmodi
2130 516 2144 533 ’1
2162 506 2246 535 voti-,2

1243 555 1325 593 ipsis
1342 555 1511 585 absolvere
1530 565 1565 585 ac
1582 556 1823 594 redemptiones
1841 565 1953 585 eorum
1971 558 2115 594 recipere
2140 562 2169 586 et
2195 559 2247 587 in-

1243 612 1333 645 tegre
1349 608 1383 636 in
1398 608 1477 637 tutis
1491 608 1571 637 locis
1589 608 1750 646 deponere
1768 617 1832 637 non
1848 613 2023 646 postponas
2037 610 2071 637 in
2085 610 2247 646 prefatum

1245 660 1432 690 subsidium
1450 661 1544 699 juxta
1559 661 1751 689 mandatum
1768 660 1983 697 apostolicum
2000 662 2246 696 convertendas,

1245 721 1401 742 concessa
1421 712 1542 742 talibus
1568 713 1762 742 auctoritate
1790 717 1901 742 nostra
1922 717 2127 750 peccatorum
2153 713 2250 743 venia

1246 764 1303 803 qui
1318 764 1588 793 succurrentibus
1602 765 1709 794 eidem
1723 765 1821 794 Terre
1836 764 1870 793 in
1886 764 2032 801 generali
2046 764 2184 793 concilio
2202 769 2250 794 est

1244 815 1384 845 indulta.
1402 816 1524 845 Omnes
1540 820 1649 845 autem
1665 816 1919 853 Crucesignatos
1936 816 1974 845 de
1990 816 2061 853 ipso
2076 824 2177 852 regno
2194 816 2251 854 qui

1245 868 1413 898 inhabiles
1430 868 1470 897 ad
1490 869 1704 906 pugnandum
1727 877 1799 898 esse
1820 872 2002 898 noscuntur
2027 868 2067 897 ad
2091 869 2251 898 transfre-

1246 921 1383 951 tandum
1402 921 1495 959 juxta
1511 921 1687 950 consilium
1704 921 1870 950 carissimi
1894 921 1929 949 in
1945 920 2078 951 Christo
2096 921 2157 949 filii
2176 930 2251 950 nos-

1246 974 1289 1004 tri
1308 997 1340 1009 ..,
1359 973 1501 1003 illustris
1520 974 1608 1011 regis
1625 974 1773 1004 Francie.
1792 974 1827 1002 in
1848 973 2035 1002 subsidium
2059 973 2143 1003 dicte
2166 977 2251 1003 terre

1246 1027 1429 1057 monitione
1443 1027 1603 1065 premissa
1618 1036 1676 1064 per
1689 1036 1864 1056 censuram
1876 1026 2134 1056 ecclesiasticam
2147 1025 2252 1064 appel-

1246 1081 1371 1110 latione
1399 1084 1523 1110 remota
1548 1079 1736 1117 compellas.
1759 1081 1832 1109 Non
1858 1079 2008 1108 obstante
2034 1083 2094 1108 etc.
2118 1087 2223 1116 usque
2244 1088 2250 1107 :

1247 1134 1462 1164 mentionem.
1491 1134 1564 1162 Dat.
1590 1132 1745 1170 Neapoli.
1771 1133 1833 1162 VII
1856 1131 2015 1161 kalendas
2042 1131 2139 1160 maii.
2167 1140 2252 1160 anno

1247 1195 1365 1225 primo.
1386 1198 1398 1212 »

1318 1357 1406 1386 429

1284 1420 1384 1446 Caroio
1400 1419 1497 1445 comiti
1515 1418 1698 1451 Andegwiae
1714 1421 1742 1442 et
1758 1416 1923 1442 Provinciae
1939 1420 1965 1441 et
1983 1416 2063 1441 uxori
2080 1417 2143 1448 ejus
2160 1415 2252 1441 indul-

1834 1354 1950 1388 Napies,
1969 1354 2001 1380 30
2017 1354 2086 1379 avril
2107 1354 2180 1379 1255.

1249 1473 1306 1503 get,
1320 1472 1358 1498 ut,
1372 1468 1399 1493 in
1413 1468 1545 1493 ecclesiis
1557 1475 1606 1492 seu
1622 1467 1691 1491 locis
1705 1465 1900 1491 ecclesiastico
1917 1464 2067 1490 interdicto
2083 1464 2251 1498 suppositis,

1249 1518 1395 1544 submissa
1414 1525 1482 1542 voce
1497 1517 1588 1542 facere
1605 1515 1740 1541 celebrari
1758 1517 1785 1539 et
1800 1514 1897 1539 audire
1914 1513 2008 1539 divina
2024 1513 2112 1538 ossicia
2131 1513 2251 1546 possint.

1248 1566 1332 1600 (Rieu.
1348 1567 1393 1599 2¹4,
1411 1574 1436 1592 e.
1454 1565 1514 1597 320,
1532 1564 1550 1590 f.
1567 1564 1632 1590 {J‘ZU

1291 1680 1304 1694 (ι
1321 1668 1421 1697 Nobili
1437 1668 1504 1695 viro
1520 1666 1639 1699 Κατ-011),
1658 1665 1762 1694 60111111
1779 1664 1950 1699 ,Μάιῃαυιῖε
1965 1668 1990 1691 et
2006 1663 2175 1696 Provineie,
2190 1671 2254 1699 yer-

1249 1730 1341 1750 mano
1357 1720 1512 1749 carissimi
1531 1720 1561 1747 111
1580 1719 1697 1748 Cliristo
1712 1718 1773 1753 filii
1791 1717 1886 1745 nostri
1911 1738 1942 1749 ..,
1968 1716 2097 1744 Francie
2121 1716 2197 1751 reglis
2216 1716 2254 1743 il-

1249 1775 1365 1803 lustris.
1387 1773 1468 1803 Cum
1486 1772 1526 1801 ad
1545 1771 1689 1800 archana
1706 1769 1846 1807 pectoris
1865 1768 1981 1797 faciem
2003 1767 2123 1797 mentis
2145 1772 2254 1796 nostre

1249 1826 1484 1860 convertimus,
1503 1825 1589 1854 inter
1605 1823 1670 1853 alia
1687 1831 1749 1861 que
1766 1822 1803 1851 de
1818 1821 1944 1851 Christi
1961 1820 2114 1849 fidelibus
2131 1820 2191 1849 sub
2205 1820 2254 1848 di-

1248 1880 1405 1910 versitate
1429 1883 1611 1916 temporum
1628 1876 1788 1913 elegimus
1807 1873 2065 1904 commendanda
2084 1873 2251 1907 memorie,

1248 1931 1461 1962 immaculata
1478 1934 1608 1959 tuorum
1626 1928 1873 1966 progenitorum
1895 1926 1975 1955 tides
1998 1930 2027 1955 et
2049 1925 2177 1955 sincera
2199 1925 2254 1954 de-

1248 1986 1336 2016 votio
1355 1985 1450 2014 nobis
1472 1986 1631 2013 occurunt
1653 1981 1762 2018 dignis
1784 1979 1937 2009 laudibus
1961 1978 2148 2016 specialiter
2164 1987 2254 2007 reco-

1247 2038 1355 2069 lende,
1382 2036 1554 2075 presertim
1576 2043 1650 2064 cum
1672 2032 1938 2071 progenitoribus
1959 2031 2041 2069 ipsis
2062 2040 2127 2060 non
2149 2030 2255 2060 solum

1248 2090 1453 2121 derivatione.
1467 2087 1653 2125 sanguinis,
1673 2086 1729 2115 sed
1744 2085 1875 2114 illarum
1891 2083 2123 2121 propagatione
2142 2092 2254 2112 succc-

1249 2144 1340 2178 dens,
1362 2152 1398 2172 eo
1415 2141 1563 2171 crebrius
1586 2140 1619 2168 in
1646 2139 1740 2168 nobis
1757 2138 1889 2167 illorum
1908 2136 2099 2165 memoriam
2116 2135 2252 2164 refrices

1249 2206 1313 2235 quo
1329 2195 1519 2225 eorumdem
1534 2192 1694 2222 imitando
1711 2190 1850 2227 vestigia
1870 2189 1958 2226 ipsos
1977 2188 2184 2226 frequentius
2202 2196 2253 2216 re-

1248 2253 1430 2288 presentas,
1450 2252 1504 2276 tua
1521 2254 1651 2284 quoque
1665 2244 1821 2273 nobilitas
1841 2242 1887 2272 sic
1904 2250 2032 2279 semper
2046 2241 2132 2270 circa
2147 2240 2254 2270 Eccle-

1249 2302 1332 2332 siam
1350 2300 1522 2330 affectione
1543 2308 1624 2336 pura
1646 2301 1676 2327 ct
1693 2297 1891 2326 inconcussa
1909 2293 2094 2324 constantia
2117 2292 2250 2327 claruit,

1248 2360 1284 2385 ut
1300 2355 1370 2385 suis
1394 2353 1563 2391 obsequiis
1585 2349 1818 2389 opor-turmalis
1834 2353 1977 2386 tempore
1995 2356 2029 2376 sc
2045 2347 2186 2376 otl'crcns
2203 2354 2252 2375 rc-

1248 2411 1411 2437 verenter.
1440 2406 1596 2435 bonorem
1619 2404 1689 2443 ejus
1715 2403 1801 2431 iuter
1824 2405 1948 2430 ceteros
1973 2400 2062 2430 orbis
2089 2399 2253 2436 prirwipes

1248 2461 1416 2490 ferventer
1445 2458 1581 2496 optarit,
1607 2465 1747 2494 cunique
1770 2453 1933 2483 studuerit
1961 2451 2106 2489 exposito
2132 2451 2171 2480 1111
2195 2450 2253 2479 linc

1249 2522 1307 2543 sue
1322 2512 1465 2550 potentie
1484 2510 1619 2540 brachio
1637 2508 1815 2538 iiideli'vssa
1829 2505 2052 2535 sollicitudine
2066 2513 2250 2542 [Qirocurare.

1249 2565 1354 2601 Digne
1380 2564 1491 2602 itaque
1511 2563 1576 2591 11115
1599 2562 1826 2598 dictorumque
1853 2557 2096 2596 progenitorum
2121 2555 2254 2591 exigen-

1250 2619 1338 2648 tibus
1357 2617 1496 2648 meritis,
1521 2617 1668 2645 Romana
1688 2613 1833 2643 Ecclesia
1853 2616 1882 2640 11·
1904 2615 1991 2640 1111111·
2012 2608 2194 2638 devotionis
2214 2607 2254 2636 ti-

1249 2671 1318 2701 tulo
1343 2669 1539 2705 insignitum
1564 2668 1652 2696 intra
1678 2666 1820 2695 claustra
1853 2663 1960 2693 cordis
1984 2661 2155 2691 affectionis
2180 2670 2253 2697 prc-

1250 2724 1345 2761 cipua
1358 2722 1509 2761 bajulans
1521 2725 1551 2749 (rt
1562 2721 1647 2749 iufra
1658 2718 1777 2748 ini-ntis
1791 2715 2042 2745 vn·1·l›ab1·a‹·liiis
2052 2711 2253 2741 sinceritatis

1251 2776 1439 2811 astringens
1449 2774 1603 2803 illotuaiu
1615 2770 1810 2809 privbit-nini
1824 2777 1932 2798 autore
1943 2774 2126 2805 personatu.
2139 2768 2169 2792 111
2182 2772 2252 2791 vani

1250 2829 1337 2858 inter
1359 2827 1441 2857 alios
1458 2825 1636 2854 catholicos
1654 2823 1818 2861 principi-s
1842 2826 1870 2849 ‹·t
1895 2823 2061 2855 magnates
2086 2816 2206 2845 suroris
2223 2819 2251 2844 et

2105 2883 2128 2904 ιτ
