2498 3325
274 261 332 291 304
1000 263 1241 294 REGISTRES
1263 262 1569 293 D'ALEXANDRE
1593 263 1648 292 lv.

276 326 498 356 clesiasticam
515 327 735 365 appellatione
746 329 926 367 postposita
940 329 1182 368 compescendi,
1199 328 1284 358 lihe-

275 388 347 408 ram
361 378 421 408 tibi
433 379 644 410 concedimus
655 381 850 411 auctoritate
861 382 1066 425 presentium
1078 380 1282 411 facultatem.

276 432 350 460 Dat.
368 435 404 460 ut
419 440 528 470 supra.
550 444 563 458 n

348 642 462 671 1009
784 643 897 676 Lati-an,
913 643 947 670 23
965 643 1117 670 decembre
1135 643 1212 671 1‘255.

310 702 436 735 Jacobo,
454 704 631 738 patriarchae
652 704 910 740 Jernsolymitano,
927 704 1072 738 indulget,
1087 708 1119 731 ut
1142 705 1226 739 pallio
1244 705 1284 731 uti

278 752 370 786 possit
386 755 466 778 extra
481 753 656 787 provinciam
673 753 746 787 ejus.
766 753 848 787 (mo.
865 754 914 788 24,
932 754 951 781 f.
972 754 1035 786 ¹25,
1052 762 1119 781 ann.
1136 753 1178 785 11,
1198 762 1224 781 c.
1247 754 1284 787 3.)

319 865 332 879 ι(
349 854 466 888 Jacobo,
484 855 662 891 patriarche
676 856 934 884 Jerosolimicano.
956 855 1078 890 Palleo,
1097 864 1161 894 quo
1177 855 1285 893 pleni-

280 905 356 935 tudo
369 906 570 944 pontificalis
585 906 685 936 officii
701 908 873 945 figuratur,
889 907 979 938 solus
996 909 1166 938 Romanus
1180 908 1284 946 ponti-

278 958 342 992 scx,
361 958 418 996 qui
434 964 623 997 assumptus
640 959 738 989 estin
755 960 998 998 plenitudinem
1014 961 1213 999 pontificalis
1227 970 1284 999 po-

280 1011 420 1046 testatis,
454 1011 488 1040 in
515 1012 694 1042 missarum
725 1012 931 1051 sollempniis
959 1023 1088 1052 semper
1119 1014 1225 1043 utitur
1254 1018 1285 1044 et

278 1063 413 1102 ubique,
437 1064 556 1094 ceteris
579 1065 636 1102 qui
660 1069 737 1094 sunt
760 1065 796 1094 in
819 1065 1056 1095 sollicitudinis
1081 1070 1207 1104 partem
1231 1075 1285 1097 as-

279 1116 403 1154 sumpti
418 1116 517 1146 certis
534 1116 650 1146 diebus
667 1126 704 1147 eo
720 1118 902 1153 utentibus,
918 1118 952 1147 in
966 1118 1034 1148 illis
1050 1118 1218 1148 dumtaxat
1232 1127 1285 1149 ec—

277 1170 390 1200 clesiis
406 1171 439 1200 in
457 1171 578 1208 quibus
591 1171 857 1210 jurisdictionem
874 1172 1134 1202 ecclesiasticam
1151 1182 1285 1211 aecepe-

277 1227 366 1252 runt.
395 1224 520 1254 Verum
545 1224 634 1262 quia,
671 1224 943 1255 Jerosolimitana
974 1225 1114 1255 ecclesia
1143 1225 1284 1255 Domino

277 1275 489 1313 permittente
504 1276 612 1314 posita
627 1276 662 1305 in
678 1277 833 1306 manibus
850 1286 1065 1315 paganorum,
1084 1283 1113 1308 to
1127 1278 1284 1316 frequen-

277 1331 327 1358 ter
345 1332 436 1358 extra
453 1332 541 1358 tuam
558 1330 763 1367 provinciam
780 1330 976 1360 commorari
993 1339 1052 1360 seu
1067 1331 1174 1369 magis
1189 1340 1284 1369 pere-

277 1381 404 1418 grinari
418 1381 591 1419 contingit,
607 1381 765 1417 volentes,
783 1382 823 1412 ol]
839 1383 945 1421 ipsius
962 1383 1164 1413 venerabilis
1180 1383 1284 1414 eccle-

277 1434 327 1464 sie
338 1435 559 1464 reverentiam
576 1439 606 1465 et
621 1439 674 1465 tue
690 1444 829 1474 persone
840 1436 970 1472 merita,
983 1436 1018 1465 in
1030 1436 1092 1466 hoc
1104 1437 1163 1466 tibi
1174 1437 1284 1467 facere

277 1486 419 1524 gratiam
439 1487 634 1525 specialem,
655 1488 850 1518 auctoritate
867 1489 1073 1526 presentium
1092 1489 1153 1519 tibi
1170 1498 1284 1528 perso-

278 1539 400 1569 naliter
419 1540 646 1578 indulgemus,
668 1545 705 1570 ut
724 1541 830 1579 palleo
851 1541 885 1570 in
905 1541 1025 1572 alienis
1044 1542 1104 1571 tibi
1119 1542 1218 1572 liceat
1232 1543 1283 1573 uti

277 1592 470 1630 provincii&
489 1593 606 1623 diebus
620 1593 740 1632 quibus
756 1593 814 1623 illo
827 1594 861 1623 in
876 1598 932 1624 tua
945 1595 1115 1632 provincia
1128 1595 1282 1625 utereris.

275 1644 371 1675 Nulli
386 1649 447 1675 etc.
465 1649 576 1675 nostre
593 1646 817 1676 concessionis
834 1651 894 1677 etc.
911 1647 985 1677 Dat.
1003 1648 1170 1684 Laterani,
1184 1649 1216 1678 X
1228 1648 1283 1678 ka-

276 1697 393 1728 lendas
406 1698 565 1737 januarii,
585 1707 671 1728 anno
688 1699 843 1729 secundo.
863 1711 876 1726 n

352 1907 468 1936 1010
787 1907 899 1942 Lati-an,
916 1908 950 1936 23
966 1908 1118 1935 decembre
1136 1909 1211 1936 1255.

312 1969 417 1995 Abbati
437 1968 586 1995 Casinensi
604 1969 790 1996 benedicendi
809 1969 895 2004 pallas
910 1970 1007 1996 altaris
1020 1975 1048 1996 et
1062 1970 1145 1997 dandi
1164 1971 1283 2005 primam

275 2021 423 2045 tmsuram
447 2022 475 2044 et
497 2018 624 2044 minores
646 2018 761 2044 ordines
782 2018 914 2045 concedit
937 2019 1111 2046 facultatem.
1133 2019 1217 2052 (Rau.
1236 2019 1281 2051 24,

274 2067 295 2094 f.
315 2066 372 2098 ¹⁶25,
389 2074 456 2093 anu.
472 2066 510 2097 11,
528 2074 554 2093 e.
571 2067 608 2099 4.)

316 2180 330 2195 «
347 2168 449 2197 abbati
466 2173 491 2196 el
512 2169 676 2197 conventui
694 2169 919 2198 Casinensibus.
939 2168 1022 2199 Cum
1042 2169 1283 2199 monasterium

274 2220 458 2250 Casinense
475 2220 563 2249 inter
576 2220 641 2250 alia
654 2221 857 2250 monasteria
873 2220 963 2251 orbis
979 2221 1075 2259 quasi
1091 2221 1282 2259 precipuum

274 2276 476 2310 reputemus,
496 2281 573 2307 nos,
593 2272 741 2302 volentes
757 2273 867 2311 ipsum
885 2273 925 2303 ob
941 2273 1003 2303 hoc
1019 2277 1050 2303 et
1066 2274 1106 2303 ob
1126 2282 1282 2303 reveren-

274 2326 354 2355 tiam
382 2326 587 2355 sanctissimi
614 2326 718 2364 patris
751 2326 839 2356 beati
871 2327 1044 2357 Benedicti
1080 2327 1281 2365 specialibus

272 2377 381 2407 titulis
399 2377 578 2415 insignire,
596 2378 816 2409 benedicendi
835 2379 939 2417 pallas
958 2379 1073 2409 altaris
1093 2384 1124 2409 et
1144 2379 1210 2409 alia
1227 2381 1285 2409 or-'

274 2434 431 2460 namcnta
456 2430 682 2460 ecclesiastica
704 2435 735 2460 et
759 2431 859 2461 dandi
882 2432 1024 2470 primam
1051 2436 1222 2462 tonsuram
1250 2436 1281 2462 et

274 2481 421 2511 minores
442 2481 586 2518 ordines,
605 2481 677 2518 tibi,
695 2482 744 2511 fili
760 2482 878 2519 abbas,
897 2487 928 2513 et
946 2483 1195 2514 successoribus
1214 2484 1280 2514 tuis

273 2533 309 2562 in
331 2537 526 2572 perpet-uum
547 2534 678 2572 plenam
699 2535 910 2565 concedimus
931 2536 1125 2566 auctoritate
1143 2545 1280 2574 presen-

274 2586 358 2616 tium
386 2586 590 2616 facultatem.
616 2586 710 2617 Nulli
739 2591 800 2617 etc.
829 2592 940 2618 nostre
968 2588 1194 2618 concessionis
1218 2593 1279 2619 etc.

272 2640 348 2669 Dat.
365 2639 533 2676 Laterani,
549 2640 581 2670 X
594 2639 754 2671 kalendas
768 2641 927 2680 januarii,
947 2650 1033 2671 anno
1050 2642 1206 2672 seeundo.
1225 2654 1238 2669 n

343 2848 424 2877 101
435 2848 456 2876 1
782 2849 895 2884 Latran,
912 2851 945 2878 23
961 2851 1111 2878 decembre
1130 2852 1206 2880 1255.

305 2909 426 2943 JacobO,
436 2911 613 2946 patriarchae
620 2911 874 2947 Jerosotymitano‚
885 2913 1023 2948 indulget,
1032 2922 1066 2940 ne
1079 2914 1210 2942 interdici
1222 2918 1277 2942 etc.

1366 328 1473 362 possit,
1498 327 1606 363 absque
1629 328 1714 355 Sedis
1735 329 1910 364 apostolicae
1933 328 2076 355 mandato.
2093 328 2176 361 (ῐὶεῡ.
2197 328 2246 362 24,
2269 329 2286 355 s.
2309 329 2373 364 125,

1365 384 1432 403 ann.
1449 375 1486 409 11,
1504 384 1529 402 c.
1547 377 1585 408 5.)

1407 489 1420 503 α
1448 477 1570 512 Jacobo,
1593 478 1772 515 patriarche
1794 479 2052 508 Jerosolimitano.
2078 478 2292 508 Promerente
2317 479 2373 507 tue

1366 528 1551 558 devotionis
1572 530 1693 559 affectu
1717 529 1917 564 inducimur,
1941 533 1976 559 ut
1998 530 2176 568 petitiones
2199 534 2291 559 tuas.
2314 537 2374 569 per

1366 590 1449 620 quas
1464 581 1719 612 imminentibus
1735 582 1793 612 tibi
1811 587 1841 612 et
1856 583 1955 612 Terre
1972 582 2091 612 Sancte
2108 581 2239 619 negotio
2255 589 2373 620 grava-

1366 633 1514 663 minibus
1537 634 1666 663 occurri
1687 638 1717 664 et
1742 638 1796 664 tue
1821 644 1858 664 ac
1879 635 1986 675 ipsius
2007 639 2092 664 terre
2115 634 2220 673 quieti
2243 633 2373 664 consuli

1366 685 1484 721 valeat,
1507 686 1547 716 ad
1567 686 1790 717 exauditionis
1811 687 1950 725 gratiam
1969 687 2193 716 admittamus.
2215 687 2303 716 Hinc
2322 689 2373 716 est

1367 739 1453 777 quod
1470 748 1546 774 nos,
1565 740 1631 769 tuis
1648 739 1774 770 devotis
1791 739 2090 778 supplicationibus
2107 739 2290 777 benignum
2309 739 2373 768 im-

1365 791 1547 829 pertientes
1563 800 1748 827 assensum,
1765 792 1960 822 auctoritate
1974 792 2033 822 tibi
2047 792 2253 830 presentium
2265 790 2372 821 indul-

1366 852 1492 881 gemuS,
1507 848 1541 873 ut
1556 844 1667 874 nullus
1684 844 1854 882 delegatus
1870 844 1922 874 vel
1937 844 2171 882 subdelegatus
2188 843 2228 874 ab
2244 852 2282 874 eo
2297 852 2374 874 exe-

1367 901 1459 926 cutor
1488 897 1558 927 sive
1587 901 1799 927 conservator
1829 906 1847 926 a
1879 897 1961 927 Sede
1991 896 2171 935 apostolica
2197 896 2374 934 deputatus

1366 950 1469 987 possit
1495 950 1529 978 in
1554 958 1729 988 personam
1757 943 2040 980 tuam’interdicti
2065 949 2116 980 vel
2141 949 2374 988 suspensionis

1367 1006 1421 1031 aut
1436 1003 1787 1033 excommunicationis
1799 1003 1999 1033 sententiam
2013 1002 2233 1041 promulgare,
2248 1001 2374 1041 absque

1366 1055 1473 1093 ipsius
1494 1055 1588 1085 Sedis
1611 1056 1747 1094 speciali
1767 1056 1939 1090 mandato,
1957 1056 2101 1086 faciente
2119 1054 2250 1094 plenam
2270 1058 2302 1084 et
2317 1063 2374 1085 ex-

1367 1116 1516 1146 pressam
1539 1107 1577 1137 de
1596 1108 1725 1138 indulto
1747 1108 1938 1148 hujusmodi
1960 1108 2174 1138 mentionem.
2197 1106 2291 1137 Nulli
2309 1109 2372 1137 etc.

1368 1165 1479 1191 nostre
1507 1162 1732 1192 concessionis
1756 1166 1817 1192 etc.
1842 1161 2059 1192 Presentibus
2081 1165 2154 1199 post
2176 1159 2371 1195 triennium,

1367 1216 1540 1252 postquam
1557 1213 1596 1243 ad
1612 1218 1721 1252 partes
1738 1213 1814 1244 illas
1831 1214 2035 1252 perveneris,
2052 1213 2191 1244 minime
2206 1212 2371 1243 valituris.

1367 1266 1438 1295 Dat.
1458 1270 1494 1295 ut
1510 1274 1620 1304 supra.
1641 1278 1654 1293 »

1439 1456 1520 1485 101
1530 1457 1557 1484 2
1880 1456 1993 1489 Latran,
2005 1456 2039 1484 22
2054 1456 2206 1484 decembre
2223 1456 2301 1484 1255.

1403 1518 1494 1545 Priori
1510 1518 1650 1545 ecclesiae
1661 1527 1685 1545 s.
1698 1518 1803 1545 Donati
1819 1518 1951 1545 Lucanae
1963 1518 2087 1550 mandat,
2100 1518 2238 1553 quatinus
2248 1517 2372 1553 prioris.

1367 1566 1492 1594 Fridiani
1507 1566 1614 1594 Lucani
1630 1567 1792 1594 facultatem
1809 1567 1948 1594 concedat
1964 1568 2169 1602 possessiones
2179 1567 2276 1594 minus
2288 1567 2375 1594 utiles

1366 1615 1518 1642 vendendi.
1536 1615 1619 1648 (Rea.
1635 1615 1680 1650 24,
1697 1616 1715 1643 f.
1734 1616 1794 1648 125,
1810 1624 1876 1643 ann.
1894 1615 1930 1649 ΙΙ,
1950 1623 1975 1642 0.
1993 1615 2031 1650 6.)

1409 1729 1421 1744 «
1439 1718 1558 1747 Priorz's
1571 1717 1639 1757 (sic)
1652 1718 1769 1747 ecclesie
1784 1719 1885 1747 sancti
1902 1718 2011 1747 Donati
2022 1719 2151 1747 Lucane.
2166 1718 2212 1748 Ex
2223 1720 2316 1756 parte
2327 1716 2375 1747 di-

1366 1770 1526 1801 lectorum
1543 1770 1688 1800 filiorum
1705 1793 1738 1806 ..,
1756 1770 1889 1808 prioris,
1905 1774 1936 1800 et
1953 1770 2090 1809 capituli
2103 1770 2210 1800 sancti
2222 1769 2374 1800 Fridiani

1367 1823 1504 1858 Lucani,
1522 1822 1650 1852 ordinis
1667 1823 1773 1852 sancti
1790 1823 1985 1860 Augustini,
2004 1823 2045 1852 ad
2059 1823 2244 1853 Romanam
2259 1822 2374 1853 Eccle-

1367 1876 1451 1906 siam
1466 1875 1557 1905 nullo
1572 1876 1681 1906 medio
1692 1876 1902 1914 pertinentis,
1917 1876 1979 1905 fuit
1994 1875 2089 1905 nobis
2105 1875 2278 1906 humiliter
2294 1884 2374 1914 sup-

1367 1928 1544 1967 plicatum,
1563 1933 1608 1965 ut,
1629 1938 1704 1958 cum
1723 1929 1883 1967 quasdam
1899 1929 2128 1966 possessiones
2144 1929 2256 1958 minus
2271 1927 2373 1959 utiles

1367 1981 1514 2018 [liabent]
1531 1981 1570 2011 de
1589 1981 1711 2020 quibus
1729 1985 1859 2019 propter
1878 1981 2071 2010 distantiam
2088 1985 2119 2011 et
2135 1980 2373 2018 sterilitate[m]

1366 2034 1515 2072 ipsarum
1535 2034 1680 2072 partium
1698 2038 1754 2063 aut
1773 2034 1843 2063 sere
1865 2033 1993 2062 nullum
2009 2033 2153 2063 fructum
2171 2033 2370 2072 percipiunt,

1366 2086 1531 2117 vendendi
1553 2086 1685 2116 easdem
1706 2090 1737 2116 et
1759 2086 1906 2124 ipsarum
1923 2086 2070 2124 precium
2085 2086 2121 2114 in
2143 2086 2373 2124 possessiones

1366 2139 1472 2178 magis
1487 2139 1586 2169 utiles
1605 2142 1637 2169 et
1652 2139 1779 2168 vicinas
1796 2138 2024 2174 convertendi,
2043 2138 2212 2168 licentiam
2229 2139 2278 2168 eis
2293 2147 2373 2169 con—

1365 2192 1481 2222 cedere
1497 2191 1757 2222 misericorditer
1773 2200 1975 2220 curaremus.
1990 2191 2152 2227 Quocirca
2162 2191 2371 2227 mandamus,

1366 2245 1524 2284 quatinus
1549 2244 1694 2274 saeiendi
1716 2243 1862 2281 predicta
1883 2243 2023 2272 liberam
2045 2243 2239 2274 auctoritate
2259 2247 2374 2274 nostra.

1365 2298 1525 2328 concedas
1538 2297 1674 2331 eisdem,
1687 2300 1782 2334 prout
1794 2296 1932 2325 utilitati
1946 2295 2084 2326 ecclesie
2098 2295 2205 2334 ipsius
2219 2295 2373 2334 expedire

1365 2350 1569 2389 cognoveris,
1588 2349 1794 2383 facultatem,
1814 2349 1944 2386 proviso
1960 2357 2001 2378 ne
2018 2348 2105 2387 quod
2121 2357 2179 2386 pro
2194 2348 2301 2387 ipsius
2317 2357 2372 2379 ec-

1365 2403 1465 2434 clesie
1492 2402 1636 2432 utilitate
1664 2402 1855 2431 conceditur
1883 2401 1918 2430 in
1946 2401 2182 2431 detrimentum
2208 2400 2372 2431 redundat

1364 2456 1470 2494 ipsius
1495 2455 1596 2493 idque
1625 2463 1643 2484 a
1667 2455 1809 2484 Domino
1834 2453 1872 2484 de
1898 2453 1964 2483 tuis
1986 2453 2140 2484 manibus
2166 2453 2370 2492 requiratur.

1363 2510 1435 2539 Dat.
1458 2507 1631 2542 Laterani,
1651 2508 1699 2537 XI
1717 2507 1876 2537 kalendas
1891 2506 2057 2546 januarii,
2075 2515 2162 2536 anno
2179 2505 2334 2536 secundo.
2353 2517 2369 2533 n

1434 2706 1552 2734 1013
1870 2703 1984 2736 Latran,
2000 2703 2034 2730 ‘20
2051 2703 2202 2730 decembre
2219 2703 2297 2730 1255.

1400 2767 1584 2798 Patriarchis,
1601 2767 1838 2801 archicpisco1›iS‚
1850 2770 1916 2796 etc.¹
1929 2774 1962 2792 ac
1972 2765 2077 2792 ceteris
2092 2765 2277 2792 ecclesiarum
2290 2772 2370 2800 prae·

1362 2817 1428 2844 latis
1443 2821 1471 2843 et
1486 2816 1609 2848 clericis,
1628 2824 1737 2842 necnon
1755 2816 1899 2842 nobilibus
1914 2815 1983 2840 viris
2002 2813 2162 2848 [Rayncrio]
2180 2813 2246 2839 duci
2260 2816 2288 2839 et
2302 2819 2369 2840 cou-

1362 2866 1426 2893 silio
1445 2864 1632 2898 Venetorum,
1650 2864 1880 2896 marchionibus,
1897 2869 1952 2890 etc.
1968 2871 2002 2889 ac
2017 2862 2160 2888 universis
2175 2860 2282 2888 Christi
2301 2860 2370 2887 fide·

1362 2914 1438 2941 libus
1454 2922 1504 2949 per
1525 2913 1739 2946 Lombardiam,
1765 2911 1978 2945 Romaniolam,
1994 2910 2151 2936 marchiam
2171 2909 2368 2943 Tervisiuam,
