2441 3330
951 217 1175 255 PREMIERE
1197 219 1356 261 ANNEE.
2163 238 2199 267 ‘29

106 289 195 318 idem
212 290 252 318 R.
270 288 347 318 olim
364 288 525 323 Conrado,
544 291 620 318 nato
636 288 802 327 quondam
817 289 870 318 Fr.
885 289 964 318 olim
977 290 1115 328 impera-

108 341 200 376 toris,
219 341 396 375 adheserit,
415 349 489 370 cum
506 349 564 370 nos
581 349 680 379 super
695 341 754 370 hoc
772 341 947 379 specialem
965 342 1115 379 511110111-

108 394 187 423 tiam
214 393 374 423 facientes
397 393 557 423 offensam
581 393 773 432 hujusmodi
798 394 827 423 ei
853 394 1044 424 duxerimus
1066 404 1114 425 re-

107 446 313 476 mittendam.
327 447 400 476 Dat.
415 446 565 484 Neapoli,
577 446 854 485 idibusjanuarii.
869 456 955 477 anno
967 448 1083 485 primo.
1099 460 1111 474 ³>

181 636 262 663 ΙΙΙ

142 696 285 724 Omnibus
307 697 413 723 Cbristi
437 697 570 724 fidelibus
594 698 717 727 mandat,
744 700 774 724 ut
795 697 830 723 de
850 706 953 723 securo
969 698 1113 724 conductu

108 745 262 779 Rodegerii
284 745 318 771 de
342 745 501 772 Ehenbeim
525 749 553 772 et
575 746 697 772 familiae
719 747 784 779 ejus
807 747 832 771 in
860 746 1058 772 Alamanniam
1078 746 1113 772 de

106 802 195 828 regno
212 794 326 820 Siciliae
346 795 550 821 revertentium
575 794 742 829 provideant
761 798 788 820 et
809 795 872 820 illos
895 803 948 820 000
971 795 1114 822 offendant

105 843 160 868 sub
176 843 484 869 excommunicationis
502 851 602 877 poena.
619 842 700 877 (am.
717 843 762 876 24,
776 850 802 869 c.
822 843 881 876 100,
899 843 917 868 f.
938 843 989 875 13.)

649 636 769 671 Naples,
790 636 947 669 1311ον181-
964 637 1040 663 1255.

147 956 159 970 «
183 945 405 973 Venerabilibus
423 946 575 980 fratribus
592 945 746 973 universis
766 945 1017 982 archiepiscopis,
1036 954 1113 982 epis—

105 998 184 1034 copis
199 1002 224 1026 el
242 997 358 1026 dilectis
375 998 450 1034 filiis
465 998 638 1032 abbatibus,
655 998 828 1035 prioribus,
851 997 988 1031 demnis,
1007 998 1113 1026 arehi-

104 1051 242 1079 diaeouis
264 1055 289 1079 et
307 1051 380 1079 ciliis
402 1051 599 1080 eeclesiarum
619 1051 748 1088 prelatis
771 1055 832 1079 lam
854 1052 998 1087 exemptis
1020 1059 1114 1087 qztam

104 1112 167 1132 non
182 1105 344 1140 exemptis,
368 1109 393 1132 el
409 1104 560 1132 vnobilibus
577 1104 654 1132 viris
670 1104 918 1134 marchionibus,
937 1104 1111 1138 comitibus,

105 1157 278 1190 baronibus,
295 1157 447 1185 militibus
461 1165 578 1185 necnon
592 1161 617 1184 et
627 1156 834 1193 potestatibus,
848 1157 1023 1191 rectoribus,
1042 1165 1115 1185 cou-

103 1209 220 1238 sulibus
236 1214 261 1237 et
277 1210 414 1238 consiliis
434 1214 496 1238 tam
512 1210 676 1238 civitatum
694 1218 787 1246 quam
803 1214 975 1238 castrorum
995 1214 1021 1237 et
1036 1210 1115 1238 alio-

105 1271 175 1291 rum
203 1262 348 1296 locorum,
374 1263 536 1299 ceterisque
561 1262 676 1292 Christi
699 1262 837 1299 fidelibus
859 1262 899 1290 ad
923 1271 995 1299 quos
1017 1262 1115 1290 littere

103 1315 158 1344 iste
171 1315 378 1352 pervenerim.
397 1314 480 1345 Cum
496 1314 637 1344 dilectus
653 1314 743 1344 filius
760 1313 882 1343 nobilis
898 1314 949 1343 vir
965 1314 1115 1351 Rodege-

104 1367 175 1397 rius
192 1367 230 1396 de
248 1367 433 1397 Ehenheirn
449 1367 484 1396 in
500 1367 735 1397 Alamanniam
751 1376 825 1397 cum
844 1371 955 1396 nostra
973 1370 1003 1396 et
1020 1376 1115 1405 apos-

104 1419 200 1449 tolice
218 1419 312 1450 Sedis
329 1420 435 1457 gratia
450 1420 489 1449 de
505 1429 607 1457 regno
624 1420 748 1458 Sycilie
764 1424 960 1453 revertatur,
978 1420 1114 1449 univer-

103 1472 235 1502 sitatem
246 1476 390 1501 vestram
401 1481 566 1510 rogamus,
580 1481 753 1502 monemus
765 1477 796 1502 et
807 1472 979 1502 hortamur
990 1476 1114 1502 attente

101 1525 297 1554 mandantes
311 1525 469 1563 quatinus
486 1529 552 1554 tam
566 1525 675 1563 ipsum
692 1534 791 1564 quam
804 1534 918 1555 omnes
931 1525 969 1554 de
985 1524 1115 1554 familia

103 1587 161 1608 sua
178 1587 259 1616 quos
276 1587 388 1608 secum
404 1579 533 1608 duxerit
550 1578 589 1608 ob
606 1578 828 1608 reverentiam
847 1578 953 1616 ipsius
971 1577 1065 1607 Sedis
1082 1581 1113 1607 et

101 1635 248 1661 nostram
271 1631 432 1661 babentes
453 1631 651 1670 propensius
672 1631 934 1666 commendatos,
958 1640 1013 1660 005
1033 1631 1113 1660 111110

100 1673 149 1714 110
169 1683 272 1713 libere
290 1684 490 1722 permittatis
514 1693 573 1714 nec
595 1684 741 1722 aliquam
762 1684 810 1714 eis
832 1684 867 1713 in
887 1684 1038 1722 personis
1062 1683 1113 1713 vel

100 1736 200 1766 rebus
220 1736 374 1766 inferatis
394 1736 598 1771 molestiam,
617 1746 677 1766 nec
692 1736 811 1766 inferri
828 1736 867 1766 ab
884 1736 960 1766 aliis
976 1736 1113 1774 permit-

101 1790 194 1825 tatis,
212 1790 313 1819 immo
335 1799 409 1819 eum
426 1799 484 1828 per
504 1799 561 1819 vos
578 1789 758 1819 transitum
780 1789 921 1819 fecerint
941 1793 972 1819 et
988 1798 1044 1819 vos
1060 1798 1113 1818 re-

102 1843 281 1881 quisierint
308 1843 347 1872 de
372 1851 488 1872 securo
513 1842 677 1872 conductu
701 1842 886 1872 liberaliter
911 1842 1113 1880 provideatis

102 1895 226 1929 eidem,
244 1895 291 1923 ita
307 1894 394 1933 quod
409 1894 617 1924 devotionem
632 1898 777 1924 vestram
793 1894 904 1932 dignis
921 1894 955 1923 in
972 1894 1113 1924 Domino

103 1947 220 1977 exinde
247 1947 413 1985 possimus
437 1947 592 1976 laudibus
621 1947 863 1977 commendare.
893 1947 927 1977 Si
953 1946 1009 1985 qui
1036 1956 1114 1976 vero

104 1999 249 2030 nobilem
265 1999 317 2029 vel
330 1999 412 2029 alios
428 2000 592 2038 predictos
609 2000 644 2029 in
659 2000 811 2037 personis
828 2004 883 2029 aut
898 1999 998 2029 rebus
1014 1999 1114 2029 offen-

105 2052 181 2083 dere
198 2062 256 2083 seu
273 2052 421 2083 detinere
437 2054 520 2083 sorte
536 2053 814 2091 presumpserint,
833 2062 905 2087 vos,
925 2053 1045 2082 fratres
1062 2062 1114 2082 ar-

105 2105 308 2143 chiepiscopi
328 2110 359 2135 et
376 2106 538 2144 episcopi,
557 2115 593 2135 ac
616 2106 751 2135 abbates
774 2110 805 2135 et
825 2106 966 2143 priores,
985 2106 1112 2140 decani,

105 2158 331 2188 archidiaconi
345 2162 374 2188 et
389 2158 518 2196 prelati,
532 2159 567 2187 in
580 2162 826 2197 presumptor-es
837 2158 1027 2197 hujusmodi
1042 2168 1114 2188 auc-

106 2211 236 2241 toritate
262 2215 375 2241 nostra
400 2211 752 2241 excommunicationis
778 2211 978 2241 sententiam
1004 2212 1115 2249 profe-

105 2267 227 2299 rentes,
244 2264 369 2293 tamdiu
383 2273 438 2293 eos
453 2263 596 2301 singulis
610 2263 727 2293 diebus
740 2263 916 2293 dominicis
928 2268 958 2293 et
970 2263 1111 2298 festivis,

104 2315 245 2354 pulsatis
272 2316 441 2354 campanis
470 2320 500 2345 01
525 2316 673 2345 candelis
698 2316 863 2351 accensis,
889 2316 1114 2346 excommuni-

104 2372 193 2398 catos
214 2368 343 2407 publice
366 2368 534 2399 nuncietis
560 2372 590 2398 et
615 2368 747 2398 faciatis
772 2369 812 2397 ab
833 2368 908 2398 aliis
928 2378 985 2406 per
1003 2369 1114 2398 onmia

103 2419 174 2450 loca
196 2421 230 2450 in
254 2421 375 2459 quibus
398 2421 552 2459 expedire
570 2421 721 2451 videritis
740 2421 911 2456 nunciat-i,
937 2421 1040 2451 donec
1058 2430 1113 2450 eos

105 2472 249 2503 libertati
267 2479 298 2503 ct
312 2473 394 2511 ipsis
408 2474 516 2503 ablata
532 2474 710 2503 restituant
726 2474 883 2503 universa
900 2478 930 2503 ct
946 2474 985 2503 de
999 2474 1113 2511 damp-

106 2526 157 2556 nis
178 2530 208 2555 et
227 2527 360 2566 injuriis
380 2527 587 2556 satisfaciant
609 2530 843 2565 competenter.
871 2528 944 2556 Non
961 2527 1113 2556 obstante

105 2579 134 2608 si
151 2597 199 2608 —.
217 2580 290 2609 Dat.
306 2585 341 2609 ut
357 2590 467 2618 supra.
488 2592 500 2606 >›

183 2770 272 2797 ¹¹2

144 2830 249 2857 Abbati
268 2831 433 2857 monasterii
454 2831 651 2857 Rotbonensis
668 2831 806 2865 indulget,
823 2836 850 2857 111
867 2832 996 2857 monachi
1022 2831 1114 2866 ipsius

654 2769 770 2805 Naples,
788 2769 820 2796 ‘27
834 2771 947 2804 janvier
965 2770 1042 2797 1255.

109 2878 138 2904 in
154 2878 286 2906 domibus
303 2888 352 2906 scu
373 2879 548 2914 prioratibus
565 2879 729 2905 monasterii
742 2879 854 2914 possint
867 2883 980 2914 propter
994 2888 1116 2914 pauper-

1198 294 1283 317 tatem
1301 301 1366 318 esse
1382 294 1445 328 soli,
1459 294 1578 322 durante
1594 296 1687 330 ipsius
1703 299 1731 322 et
1748 297 1951 324 monachorum
1965 299 2048 326 exilio
2060 303 2200 335 01011305-

1196 339 1273 365 tione
1289 349 1386 367 eorum
1404 351 1468 368 00111
1492 343 1656 370 Britanniae
1678 345 1794 371 cornito.
1813 346 1896 377 (Rea.
1917 347 1965 379 24,
1983 356 2007 374 c.
2026 349 2089 380 101,
2106 350 2125 376 f.
2145 350 2199 382 13.)

1240 452 1252 466 α
1327 442 1427 469 abbati
1449 446 1629 472 monasterii
1648 446 1840 474 Narbonensis
1856 448 1895 474 ari
1914 449 2079 477 Romanam
2100 451 2199 479 Eccle-

1197 493 1273 520 siam
1292 494 1378 521 nullo
1393 495 1490 522 'media
1507 497 1700 531 pertinentis,
1720 498 1838 526 ordinis
1853 501 1951 528 saneti
1968 502 2130 537 Benedicti,
2149 503 2200 531 Ve—

1197 547 1328 573 metensis
1348 547 1480 575 diocesis.
1508 548 1700 578 Devotionis
1723 553 1776 578 tue
1798 551 1950 587 precibus
1971 553 2141 589 inclinati,
2164 559 2200 584 ut

1198 597 1392 626 monasterii
1417 598 1465 627 tui
1493 599 1646 628 monachi
1674 600 1708 628 in
1738 601 1889 631 domibus
1917 612 1974 632 seu
2001 605 2200 641 prioratibus

1198 648 1303 685 ipsius
1320 651 1525 685 monasterii,
1545 651 1683 681 durante
1701 656 1755 681 tuo
1772 657 1802 682 et
1820 655 2054 685 monachorum
2071 661 2201 687 tuorum

1198 701 1297 731 exilio
1314 702 1382 731 sive
1400 702 1501 733 donec
1520 707 1607 733 mota
1623 704 1710 734 inter
1733 709 1762 734 te
1785 710 1815 734 et
1837 712 2033 736 conventum
2057 713 2147 738 tuum
2164 719 2199 739 cx

1198 757 1289 791 parte
1310 763 1377 783 una
1400 760 1430 784 et
1451 755 1595 785 nobilem
1616 757 1724 786 virum
1749 781 1780 792 ..,
1799 759 1950 788 comitem
1967 752 2145 797 Brittanic,
2164 771 2200 792 ex

1199 805 1299 835 altera
1325 816 1422 844 super
1443 808 1583 837 diversis
1603 809 1752 839 articulis
1775 811 1903 848 questio
1915 813 2040 850 judicio
2056 814 2105 842 vol
2124 823 2201 844 con—

1198 858 1308 887 cordia
1324 859 1367 888 sit
1383 860 1499 897 sopita,
1516 860 1656 893 valcant,
1673 867 1768 899 prout
1785 863 1843 892 tibi
1861 865 2010 901 expedire
2024 866 2199 902 videbitur,

1198 919 1269 940 esse
1298 911 1374 946 soli,
1404 921 1478 941 cum
1505 917 1636 950 propter
1663 919 1888 952 paupertatem
1918 917 2016 946 simul
2038 926 2109 947 esse
2138 927 2201 948 11011

1196 964 1340 1000 possint,
1364 965 1528 994 contraria
1551 966 1786 996 constitutione
1807 967 1858 996 vel
1880 970 2116 999 consuetudine
2137 979 2202 1000 non

1197 1016 1359 1051 obstante,
1374 1017 1567 1047 auctoritate
1586 1018 1643 1047 tibi
1656 1019 1862 1056 presentium
1874 1020 2095 1058 indulgemus.
2110 1023 2202 1052 Nulli

1198 1072 1258 1098 etc.
1277 1074 1387 1099 nostre
1403 1070 1629 1100 concessionis
1646 1075 1706 1101 etc.
1726 1073 1799 1101 Dat.
1818 1073 1966 1111 Neapoli,
1984 1075 2029 1103 VI
2045 1074 2201 1104 kalendas

1197 1121 1369 1151 februarii.
1388 1131 1474 1151 anno
1490 1123 1605 1160 primo.
1628 1135 1640 1149 »

1273 1294 1359 1322 113

1233 1354 1361 1385 Nicolao,
1380 1354 1528 1388 Petrucio,
1544 1354 1653 1380 Jacobo
1669 1358 1696 1380 et
1715 1354 1843 1383 Frorino.
1864 1356 1978 1389 pupillis
1994 1356 2059 1382 filiis
2074 1361 2102 1382 et
2117 1357 2201 1383 here-

1197 1402 1282 1429 dibus
1302 1402 1445 1437 quondam
1465 1402 1607 1429 Johannis
1628 1402 1760 1428 Mon-enee
1781 1403 1815 1428 de
1837 1403 1982 1430 Sit-acusio
2005 1405 2053 1438 qui
2076 1414 2125 1439 per
2140 1413 2200 1432 ma-

1197 1459 1266 1477 num
1288 1451 1398 1478 Nicolai
1419 1450 1575 1477 Tinversae
1600 1451 1634 1477 de
1658 1450 1804 1477 Siracusio
1828 1451 1981 1485 plenariam
2004 1454 2142 1480 rationem
2165 1453 2199 1480 de

1197 1500 1297 1526 officiis
1314 1500 1402 1533 patris
1418 1508 1516 1525 corum
1533 1499 1679 1525 Manfredo
1694 1499 1815 1534 principi
1834 1499 1985 1526 Tar-antino
2006 1501 2198 1536 reddiderunt,

1197 1548 1405 1574 absolutionem
1423 1548 1456 1573 ab
1474 1548 1551 1573 omni
1568 1556 1654 1573 onere
1671 1556 1720 1582 pro
1746 1548 1899 1581 praedictis
1919 1549 2019 1576 officiis
2041 1550 2198 1577 confirmat.

1197 1597 1278 1630 (ΗΕΘ,
1295 1598 1340 1630 ⁵24,
1357 1605 1382 1623 c.
1402 1597 1461 1628 102,
1478 1597 1497 1624 s.
1516 1597 1570 1629 43.)

1745 1294 1861 1328 Naplcs,
1880 1295 2035 1329 31janvie1·
2054 1296 2128 1322 1355.

1239 1711 1251 1725 <‹
1272 1699 1409 1733 Nicolao,
1427 1699 1580 1733 Pelrueio,
1601 1699 1706 1727 Jacobo
1725 1704 1749 1727 et
1773 1699 1918 1734 Frorino,
1938 1701 2068 1737 pupillis
2084 1701 2159 1736 siliis
2175 1706 2200 1729 et

1196 1752 1354 1780 heredibus
1369 1752 1489 1788 quondo
1496 1760 1521 1779 771
1539 1752 1690 1780 Jolzannis
1705 1753 1821 1780 Morene
1832 1752 1865 1780 [le
1880 1753 2046 1785 Siracusio,
2064 1754 2201 1790 fidelibus

1195 1806 1319 1834 nostris.
1335 1804 1418 1835 Cum
1429 1805 1514 1834 sicut
1528 1814 1565 1833 ex
1579 1808 1670 1842 parte
1684 1808 1792 1834 vestra
1804 1805 1867 1834 suit
1878 1806 2080 1843 propositum
2092 1815 2201 1835 coram

1196 1857 1302 1887 nobis.
1332 1857 1489 1887 Nicolaus
1517 1857 1677 1887 Tinversa
1701 1857 1739 1887 de
1767 1857 1934 1887 Siracusio
1960 1858 2143 1896 plenariam
2170 1863 2200 1888 et

1196 1910 1340 1940 debitam
1368 1910 1548 1939 reddiderit
1575 1910 1736 1939 rationem
1764 1919 1821 1947 pro
1848 1915 1938 1947 parte
1965 1915 2071 1940 vestra
2098 1911 2201 1940 nobili

1195 1963 1267 1992 viro
1280 1963 1452 1992 Mansredo
1465 1962 1607 2000 principi
1618 1962 1797 1992 Tarantino
1811 1967 1888 1992 tunc
1900 1972 1958 2001 pro
1970 1964 2063 2001 regni
2078 1963 2201 2002 Syr-ilie

1196 2015 1284 2045 balio
1301 2024 1334 2045 sc
1351 2020 1484 2052 gerente
1498 2015 1536 2044 de
1553 2015 1669 2045 officiis
1684 2024 1747 2053 que
1764 2016 1928 2053 quondam
1946 2016 2114 2046 ι1011110005
2131 2017 2200 2046 Mo-

1196 2077 1275 2098 rena
1292 2072 1384 2105 pater
1403 2072 1512 2097 vester
1532 2067 1677 2097 exercuit
1702 2072 1845 2106 tempore
1868 2069 2032 2107 quondam
2053 2070 2102 2099 Fr.
2122 2069 2200 2099 olim

1197 2121 1423 2150 Romanorum
1439 2121 1648 2158 imperatoris
1665 2124 1696 2150 et
1713 2121 1753 2150 ad
1767 2121 1901 2159 plenum
1915 2122 2013 2151 Curie
2031 2122 2200 2152 satisfece-

1197 2173 1251 2207 rit,
1270 2173 1423 2211 idemque
1440 2173 1593 2211 princeps
1610 2182 1666 2202 vos
1683 2173 1716 2201 in
1732 2177 1925 2211 perpetuum
1941 2174 1980 2202 ab
1996 2174 2085 2203 omni
2101 2183 2199 2204 onere

1196 2225 1387 2264 hujusmodi
1405 2225 1527 2254 rationi
1549 2234 1607 2263 pro
1628 2225 1786 2263 predictis
1810 2225 1926 2255 officiis
1948 2226 2076 2255 duxerit
2096 2226 2199 2256 absol-

1197 2278 1331 2313 vendos,
1346 2281 1441 2315 prout
1457 2278 1491 2306 111
1508 2277 1613 2315 ipsius
1627 2277 1747 2307 litteris
1764 2278 1880 2307 exinde
1896 2278 2053 2308 confectis
2069 2278 2199 2316 plenius

1197 2330 1318 2360 dicitur
1334 2331 1508 2366 contineri,
1524 2340 1582 2360 nos
1595 2331 1713 2360 vestris
1726 2331 2022 2369 supplicationibus
2035 2331 2197 2365 inclinati,

1197 2383 1284 2421 quod
1299 2383 1339 2412 ab
1352 2383 1464 2412 eodem
1476 2383 1624 2421 principe
1641 2383 1774 2421 provide
1786 2383 1908 2412 factum
1923 2387 1971 2412 est
1987 2383 2019 2412 in
2036 2383 2094 2412 hac
2109 2388 2199 2421 parte

1196 2440 1304 2465 ratum
1332 2436 1491 2466 habentes
1521 2440 1552 2465 et
1579 2446 1633 2473 gra
1641 2440 1719 2470 tum,
1746 2436 1779 2465 id
1803 2436 1996 2466 auctoritate
2023 2437 2199 2474 apostolica

1196 2490 1430 2517 confirmamus
1442 2492 1501 2518 etc.
1516 2497 1621 2527 usque
1633 2489 1887 2518 communimus.
1906 2489 1997 2518 Nulli
2011 2493 2071 2518 ctc.
2090 2493 2199 2519 nostre

1196 2541 1457 2571 001111101111101115
1474 2546 1532 2571 010.
1550 2543 1623 2571 Dat.
1641 2541 1790 2580 Neapoli,
1810 2543 1839 2571 II
1856 2541 2013 2571 kalendas
2026 2542 2197 2571 februarii.

1196 2603 1282 2624 anno
1299 2594 1415 2632 primo.
1433 2607 1445 2620 »

1234 2832 1356 2867 Aegidio
1373 2832 1448 2859 dicto
1464 2832 1499 2857 de
1517 2831 1631 2863 Carbio,
1649 2831 1703 2857 civi
1726 2830 1892 2864 Narniensi,
1909 2833 1936 2855 01
1961 2829 2032 2855 natis
2055 2829 2196 2863 quondam

1198 2881 1301 2914 Angeli
1324 2880 1419 2906 fratris
1439 2881 1518 2913 ejus,
1536 2887 1671 2913 germano
1692 2882 1719 2905 et
1742 2879 1892 2913 nepotibus
1919 2877 2043 2911 {Nicolail
2070 2877 2197 2911 episcopi

1744 2770 1858 2804 Naplcs,
1876 2769 1903 2795 ‘21
1920 2770 2032 2803 janvier
2050 2768 2125 2795 1955.
