2498 3325
200 273 253 302 192
923 265 1162 298 REGISTRES
1185 262 1492 294 D'ALEXANDRE
1515 262 1571 292 IV.

269 337 355 365 642

235 399 443 426 Monasterium
464 398 654 424 Malleacense
673 401 701 424 et
721 397 866 432 prioratus
879 396 971 423 eidem
989 395 1137 428 subJ'ectos
1152 393 1206 420 sub

200 448 275 475 beati
291 447 367 474 Petri
385 450 413 473 et
428 455 481 473 sua
498 447 675 481 protectione
689 445 824 480 suscipit,
841 444 1003 480 specialiter
1019 446 1114 470 autem
1130 442 1208 468 deci-

201 505 273 528 mas,
297 496 438 530 redditus,
463 499 565 526 terras,
588 495 791 530 possessiones
812 498 840 521 et
861 494 915 520 alia
938 493 1012 519 bona
1033 499 1107 526 quae
1128 492 1208 526 juste

201 545 360 581 possident,
377 544 538 571 confirmat.
554 543 638 577 (Rae.
655 543 700 577 24,
716 551 742 570 c.
760 542 845 574 5‘2510,
863 542 881 569 f.
899 542 967 574 75v.)

783 334 912 370 Anagni,
928 333 959 360 16
973 333 1037 367 juin
1056 332 1133 358 1255.

242 666 254 681 ι(
271 677 305 689 ..,
323 654 424 682 abbati
438 658 464 682 ει
480 654 644 682 conventui
659 657 810 689 utsupra.
829 651 1046 680 Sacrosancta
1061 650 1209 678 Romana

200 706 348 738 Ecclesia
368 724 416 734 —.
442 706 512 736 Dat.
536 704 700 743 Anagnie,
724 704 803 734 XVI
828 702 987 733 kalendas
1006 701 1098 742 Julii‚
1123 709 1210 731 anno

202 768 318 799 primo.
339 771 351 785 n

273 956 361 984 643
786 953 911 987 Anagni‚
931 953 962 980 16
978 953 1038 987 juin
1062 952 1138 979 1255.

237 1017 410 1044 Eorumdem
427 1016 690 1052 supplicationibus
709 1015 874 1046 inclinatus¹
893 1023 927 1041 ne
942 1015 1046 1049 aliquis
1059 1014 1148 1048 judex
1166 1022 1212 1040 or-

202 1066 330 1092 dinarius
350 1066 393 1091 vel
415 1065 564 1099 delegatus
584 1065 619 1091 ab
636 1064 735 1091 eadem
753 1063 828 1090 Sede
844 1071 894 1090 seu
912 1063 1014 1098 legatis
1031 1063 1124 1098 ipsius
1141 1062 1213 1089 infra

202 1119 284 1149 septa
306 1114 438 1148 ejusdcm
465 1114 630 1140 monasterii
657 1114 718 1140 sive
745 1113 921 1148 prioratuum
948 1112 986 1138 illi
1013 1112 1211 1146 subjectorum

202 1171 306 1190 causas
328 1162 426 1189 audire
447 1166 496 1188 aut
517 1166 639 1188 tractare
661 1165 861 1196 praesumant,
884 1161 1053 1186 auctoritate
1077 1168 1212 1194 praesen-

202 1213 274 1239 tium
292 1211 452 1238 districtius
468 1211 586 1236 inhibet.
604 1210 688 1243 (Res.
702 1210 748 1241 ⁶24,
765 1218 791 1235 c.
809 1209 894 1242 5‘2511,
913 1209 932 1236 f.
947 1209 1017 1241 75V.)

245 1332 258 1346 a
287 1319 416 1348 Eisdem.
448 1317 577 1348 Meritis
602 1321 710 1347 vestre
736 1316 910 1353 religionis
937 1333 985 1344 —.
1016 1316 1090 1345 Dat.
1121 1319 1156 1344 ut
1178 1314 1212 1344 in

201 1372 278 1403 alia.
297 1383 312 1400 n

275 1571 363 1599 644
761 1568 888 1601 Anagni,
908 1568 939 1594 15
952 1567 1047 1602 juillet
1064 1566 1142 1593 1255.

239 1633 380 1667 Magistro
405 1631 559 1659 Guillelmo
585 1631 662 1658 dicto
687 1629 850 1665 Chaperon,
875 1629 987 1656 abbatis
1017 1629 1216 1655 Malleacensis

203 1681 370 1708 monasterii
390 1680 504 1715 clerico,
521 1680 680 1714 dispensat,
704 1682 734 1705 ut
761 1678 817 1705 duo
843 1678 981 1704 beneficia
1006 1678 1215 1711 ecelesiastica,

203 1731 289 1758 etiam
306 1730 329 1756 si
346 1734 518 1764 personatus
534 1729 669 1759 existant,
686 1727 780 1762 possit
795 1727 872 1754 licite
889 1727 1018 1761 recipere
1034 1730 1063 1753 et
1081 1727 1215 1752 retinere.

204 1779 288 1812 (Rae.
305 1778 349 1809 24,
365 1786 391 1804 c.
410 1778 494 1809 5-2512,
512 1777 531 1804 f.
549 1778 618 1809 75v.)

246 1898 259 1913 α
277 1887 421 1923 Magistro
438 1886 598 1914 Guillelmo
613 1885 692 1914 (licto
709 1885 875 1922 Chaperon,
894 1885 1002 1913 clerico
1016 1884 1217 1913 pictaviensis

204 1940 338 1968 diocesis.
357 1938 447 1968 Licet
464 1946 505 1967 ne
517 1937 592 1976 quis
608 1936 720 1975 plures
732 1936 890 1967 ecclesias
904 1940 965 1966 etc.
983 1944 1089 1974 usque
1103 1946 1109 1964 :
1123 1935 1217 1974 adju-

203 1992 286 2022 vari.
304 1991 392 2021 Hinc
413 1995 462 2021 est
479 1990 565 2029 quod
586 1998 646 2020 nos
665 1989 873 2020 attendentes
892 1993 947 2019 tue
969 1989 1088 2018 merita
1105 1987 1217 2026 probi-

203 2045 293 2080 tatis,
309 2053 346 2074 ac
356 2052 414 2082 per
424 2043 486 2073 hoc
500 2046 531 2073 et
545 2042 811 2072 consideratione
827 2042 940 2071 dilecti
956 2041 1018 2070 filii
1036 2064 1068 2076 ..‚
1087 2040 1217 2070 abbatis

203 2097 399 2127 monasterii
410 2096 643 2126 Malleacensis
657 2096 751 2134 cujus
769 2095 884 2125 existis
898 2094 1050 2128 clericus,
1068 2093 1217 2123 volentes

205 2150 264 2179 tibi
282 2149 423 2187 gratiam
445 2149 554 2178 facere
579 2148 774 2186 specialem,
791 2152 827 2177 ut
848 2147 912 2177 duo
932 2146 1095 2177 beneficia
1112 2145 1217 2176 eccle-

204 2202 359 2237 siastica,
377 2201 478 2231 etiam
501 2201 530 2231 si
547 2209 661 2230 curam
682 2200 827 2230 habeant
846 2200 1034 2229 animarum
1051 2203 1081 2229 et
1102 2207 1215 2237 perso-

203 2259 301 2285 natus
320 2254 462 2284 existant
479 2263 516 2283 ac
533 2253 594 2283 tihi
615 2253 773 2283 canonice
790 2253 983 2287 offerantur,
1001 2252 1109 2290 possis
1125 2251 1216 2281 licite

202 2309 349 2346 recipere
363 2316 400 2336 ac
414 2307 518 2336 libere
535 2306 695 2342 retinere,
714 2305 952 2336 constitutione
975 2314 1042 2334 non
1063 2304 1215 2334 obstante

203 2361 361 2399 predicta,
394 2363 503 2389 tecum
536 2359 730 2389 auctoritate
755 2357 935 2396 apostolica
960 2357 1193 2395 dispensamus
1207 2380 1214 2392 ,

202 2414 334 2452 proviso
351 2413 438 2452 quod
452 2412 614 2442 beneficia
631 2416 661 2441 et
676 2415 873 2450 personatus
890 2410 1080 2449 hujusmodi
1095 2409 1216 2439 debitis

204 2470 264 2495 etc.
277 2474 383 2504 usque
399 2475 405 2493 ε
420 2465 616 2502 negligatur.
637 2464 730 2494 Nulli
744 2468 804 2493 etc.
825 2467 938 2493 nostre
954 2462 1215 2501 dispensationis

204 2522 265 2548 etc.
286 2519 359 2548 Dat.
377 2517 540 2554 Anagnie,
562 2516 672 2546 idibus
686 2515 774 2555 julii,
793 2525 880 2546 anno
895 2516 1014 2554 primo.
1034 2528 1047 2541 »

275 2716 362 2744 645

240 2779 347 2806 Abbati
362 2782 389 2804 et
405 2777 561 2804 conventui
578 2776 777 2802 Malleacensis
791 2775 957 2802 monasterii
972 2775 1111 2809 indulget.
1125 2778 1166 2808 ut,
1179 2774 1214 2801 de

205 2827 442 2863 possessionibus
463 2834 514 2852 seu
534 2825 683 2851 novalibus
700 2825 828 2859 ipsorum
846 2832 919 2858 quae
935 2823 1060 2858 propriis
1081 2823 1214 2850 manibus

204 2880 253 2903 aut
274 2875 440 2910 sumptibus
463 2875 571 2905 colunt,
598 2881 654 2899 non
677 2876 792 2899 teneant
814 2873 900 2899 alicui
920 2872 1048 2898 decimas
1065 2871 1211 2905 exhibere,

204 2925 365 2952 districtius
387 2923 530 2954 inhibens,
555 2930 588 2948 ne
611 2922 676 2956 quis
701 2921 736 2947 de
757 2921 993 2953 possessionibus
1014 2924 1042 2946 et
1062 2920 1212 2947 novalibus

759 2713 886 2748 Anagni,
904 2713 936 2740 18
949 2713 1045 2748 juillet
1065 2712 1140 2740 1255.

1288 327 1454 364 huJ'usmodi
1475 327 1603 354 decimas
1618 326 1653 353 ab
1670 327 1742 362 ipsis
1757 326 1875 360 exigere
1891 324 1935 351 vel
1951 327 2122 358 extorquere
2138 326 2296 358 presumat.

1291 377 1372 409 (Rae.
1388 377 1432 407 24.
1451 385 1476 403 c.
1493 377 1578 410 525¹&
1595 376 1614 403 f.
1631 376 1701 407 75¹.)

1332 491 1344 504 κ
1427 479 1528 507 abbati
1549 482 1576 506 et
1598 477 1763 506 conventui
1786 480 1820 505 ul
1843 483 1949 513 supra.
1976 473 2163 511 Religionis
2188 475 2298 502 vestre

1290 535 1436 561 meretur
1451 548 1499 559 —.
1518 531 1591 560 Dat.
1609 528 1772 566 Anagnis,
1791 528 1851 558 XV
1866 527 2026 557 kalendas
2043 525 2193 564 august-i,
2211 533 2299 555 anno

1290 584 1407 623 primo.
1430 595 1442 609 n

1362 782 1450 810 646
1848 778 1974 812 Anagni,
1994 778 2024 804 17
2039 777 2134 812 juillet
2150 776 2228 803 1255.

1329 843 1443 870 Eisdem
1466 843 1605 876 indulget,
1624 850 1658 868 ne
1679 842 1745 876 quis
1761 840 1876 876 aliquod
1896 839 1931 866 de
1953 839 2046 866 feudis
2067 838 2109 865 vel
2130 838 2250 865 decimis
2265 836 2300 864 ad

1293 891 1499 919 monasterium
1519 891 1679 926 spectantia
1699 890 1849 924 acquirere
1871 889 1976 924 possit.
1993 889 2056 914 sine
2078 886 2193 914 licentia
2208 889 2237 913 et
2254 893 2303 912 as-

1293 949 1382 968 sensu
1399 941 1540 975 ipsorum.
1560 939 1642 973 (Rae.
1659 939 1703 973 24,
1721 947 1746 966 c.
1765 938 1849 969 525⁸,
1867 938 1885 964 f.
1902 938 1972 970 75'.)

1336 1056 1348 1070 «
1367 1044 1498 1073 Eisdem.
1521 1042 1707 1072 Desideriis
1727 1041 1847 1070 vestris
1869 1040 1902 1069 in
1926 1039 1993 1069 hiis
2015 1039 2135 1068 affectu
2150 1036 2304 1068 benivolo

1294 1096 1436 1126 libenter
1453 1095 1644 1125 annuimus.
1661 1103 1724 1133 que
1739 1093 1832 1123 vobis
1846 1097 1877 1122 et
1892 1091 2093 1121 monasterio
2106 1094 2216 1120 vestro
2228 1097 2306 1128 pro-

1294 1150 1407 1179 futura
1426 1156 1609 1186 speramus.
1634 1147 1720 1177 Hinc
1744 1150 1792 1175 est
1809 1145 1895 1184 quod
1916 1154 1975 1175 nos
1998 1143 2118 1174 vestris
2138 1142 2306 1181 supplica-

1296 1201 1443 1231 tionibus
1461 1199 1625 1232 inclinati,
1645 1198 1840 1228 auctoritate
1863 1197 1956 1226 vobis
1973 1196 2178 1235 presentium
2192 1193 2306 1224 indul-

1295 1262 1427 1290 gemus.
1448 1261 1488 1282 ne
1509 1252 1561 1281 cui
1583 1251 1681 1281 liceat
1703 1250 1802 1280 feuda
1818 1258 1881 1289 que
1898 1249 1938 1279 ad
1954 1249 2041 1279 idem
2065 1247 2306 1278 monasterium

1294 1305 1346 1335 vel
1357 1305 1523 1343 prioratus
1537 1304 1643 1342 ipsius
1658 1312 1717 1333 seu
1729 1303 1874 1332 decimas
1890 1300 2151 1340 parrochialium
2165 1299 2206 1330 ad
2216 1299 2306 1330 idem

1297 1357 1537 1387 monasterium
1559 1356 1611 1386 vel
1630 1359 1841 1394 patronatum
1856 1354 1963 1393 ipsius
1984 1353 2220 1392 spectantium,
2245 1359 2306 1382 nec

1297 1410 1431 1449 aliquod
1447 1410 1485 1439 de
1502 1409 1584 1448 ipsis
1599 1409 1708 1438 feudis
1723 1408 1774 1438 vel
1790 1407 1928 1438 decimis
1945 1405 2175 1446 quoquomodo
2191 1404 2307 1444 aequi-

1296 1472 1369 1493 rere
1390 1463 1463 1493 sine
1480 1466 1591 1492 vestra
1607 1461 1749 1491 licencia
1773 1464 1805 1490 et
1827 1468 1978 1491 assensu.
2000 1458 2093 1489 Nulli
2113 1462 2174 1488 etc.
2195 1460 2307 1488 nostre

1297 1515 1523 1545 concessionis
1537 1519 1596 1545 etc.
1615 1515 1688 1544 Dat.
1705 1513 1873 1551 Anagnie,
1890 1513 1969 1543 XVI
1984 1511 2144 1542 kalendas
2161 1509 2306 1548 augusti,

1298 1577 1384 1598 anno
1400 1568 1516 1606 primo.
1538 1579 1551 1594 »

1370 1772 1455 1800 64⁵2
1849 1771 1981 1805 lAnagni,
2001 1770 2031 1797 14
2048 1770 2141 1804 Juillet
2159 1769 2237 1796 1255.

1337 1835 1441 1861 Abbati
1455 1834 1623 1861 monasterii
1637 1833 1727 1860 Vallis
1739 1834 1834 1867 regiae
1848 1833 1981 1860 concedit
1997 1833 2159 1859 facultatem
2175 1830 2309 1858 audiendi

1299 1883 1500 1909 confessiones
1515 1883 1696 1909 familiarium
1713 1882 1806 1917 ipsius
1820 1890 1852 1909 ac
1867 1881 2048 1908 ministrandi
2060 1881 2102 1907 eis
2113 1880 2310 1906 ecclesiastica

1300 1936 1487 1958 sacramenta.
1506 1931 1590 1964 (Res.
1608 1931 1650 1962 24,
1668 1939 1693 1957 c.
1712 1931 1773 1963 526,
1791 1931 1811 1958 f.
1831 1931 1900 1962 75¹.)

1342 2045 1354 2059 «
1373 2056 1404 2069 ..,
1423 2033 1524 2061 abbati
1540 2033 1720 2061 monasterii
1740 2033 1830 2061 Vallis
1845 2033 1935 2069 reyie,
1955 2032 2162 2061 Cisterciensis
2177 2031 2308 2065 ordinis,

1298 2087 1451 2115 flamensis
1475 2086 1609 2115 diocesis.
1636 2085 1715 2122 Tuis
1741 2085 1867 2115 devotis
1887 2084 2042 2123 precibus
2062 2083 2226 2119 inclinati,
2250 2092 2311 2113 au·-

1300 2138 1412 2169 diendi
1429 2138 1656 2168 confessiones
1678 2137 1897 2167 familiarium
1916 2141 2048 2167 tuorum
2067 2136 2238 2175 obsequiis
2261 2135 2311 2166 tui

1299 2190 1495 2220 monasterii
1528 2190 1790 2224 immorantium,
1824 2195 1855 2220 et
1884 2189 2082 2229 injungendi
2108 2188 2310 2227 penitentias

1299 2248 1395 2282 prout
1415 2244 1539 2273 videris
1559 2243 1722 2282 expedire.
1742 2252 1777 2272 ae
1790 2243 2003 2273 ministrandi
2020 2242 2068 2273 eis
2085 2241 2311 2272 ecclesiastica

1300 2300 1518 2329 sacramenta,
1538 2297 1733 2326 auctoritate
1750 2296 1956 2334 presentium
1975 2295 2034 2326 tibi
2050 2295 2123 2325 sine
2135 2294 2222 2334 juris
2234 2302 2312 2333 pre-

1295 2349 1422 2388 judicio
1441 2349 1543 2379 alieni
1566 2349 1778 2378 concedimus
1803 2348 2008 2378 facultatem.
2033 2347 2127 2377 Nulli
2147 2351 2208 2378 etc.
2233 2347 2310 2376 Dat.

1298 2401 1462 2439 Anagnie,
1481 2402 1512 2431 II
1529 2401 1603 2431 idus
1617 2401 1705 2439 julii,
1725 2410 1811 2430 anno
1825 2401 1943 2439 primo.
1964 2413 1977 2426 »

1369 2607 1457 2635 648

1332 2668 1518 2703 Insrascripto
1533 2668 1670 2702 indulget,
1690 2671 1730 2701 ut,
1750 2671 1861 2703 praeter
1877 2667 2016 2694 beneficia
2030 2668 2089 2702 Jam
2104 2667 2222 2694 obtenta
2234 2673 2311 2700 quo-

1296 2725 1360 2744 rum
1378 2721 1534 2751 proventus
1551 2717 1611 2743 XX
1627 2717 1758 2743 marchas
1773 2716 1978 2751 sterlingorum
1993 2715 2140 2742 annuatim
2157 2708 2206 2741 vix
2222 2722 2308 2741 exce-

1296 2765 1377 2799 dunt,
1399 2765 1455 2791 duo
1475 2766 1613 2792 beneficia
1635 2766 1757 2792 similem
1779 2773 1876 2792 curam
1898 2765 2058 2791 animarum
2081 2763 2214 2790 habentia
2230 2763 2308 2790 reci-

1296 2822 1364 2849 pere
1379 2818 1408 2841 et
1421 2815 1543 2840 retinere
1559 2815 1660 2842 valeat.
1677 2814 1760 2848 (Rau.
1777 2814 1822 2844 ⁶24.
1836 2822 1864 2841 c.
1881 2814 1942 2844 527,
1961 2813 1979 2839 f.
1997 2814 2067 2845 75v.)

1854 2606 1979 2640 Anagni,
1998 2605 2029 2632 21
2041 2604 2139 2639 juillet
2156 2603 2235 2631 1255.

1338 2928 1349 2942 «
1371 2916 1513 2953 Maqistro
1534 2917 1656 2952 Royerio
1679 2916 1712 2944 cle
1732 2916 1829 2950 Caua,
1852 2916 1964 2945 rectori
1985 2915 2103 2944 ecclesie
2123 2913 2156 2942 dc
2178 2912 2309 2942 Bernal-
