2498 3325
242 245 295 273 170
962 240 1201 272 REGISTRES
1223 240 1531 271 D'ALEXANDRE
1555 242 1608 271 IV.

239 309 274 336 ad
298 309 516 343 suggestionem
534 310 668 343 potestati
688 312 716 335 et
737 309 884 335 communi
899 307 1092 335 Urbevetanis
1108 306 1243 341 injunxit,

239 362 268 385 ut
290 358 436 384 Romanae
458 357 603 384 Ecclesiae
623 358 722 384 vallem
747 358 783 384 ‹le
806 357 880 384 Lacu
906 358 960 383 sub
985 357 1059 383 mille
1084 364 1242 382 marcarum

238 415 329 442 poena
358 408 565 440 restituissent,
593 407 722 440 mandat,
749 411 779 433 ut
804 406 939 441 quicquid
964 410 1059 432 actum
1086 408 1131 432 est
1157 413 1246 439 super

239 456 407 489 praemissis
425 464 474 490 per
490 456 606 482 latorem
621 455 813 491 praesentium
830 455 977 482 rescribat.
991 454 1075 487 (Rau.
1087 454 1130 485 ⁶24.
1144 462 1170 482 c..
1182 453 1244 487 460,

237 504 256 530 f.
274 504 330 536 67.)

281 618 292 631 α
318 606 348 634 L.
369 607 524 642 capellano
544 611 659 640 nostro,
680 606 791 635 rectori
807 606 995 643 patrimonii
1013 605 1091 634 beati
1110 605 1192 633 Petri
1212 605 1245 633 in

241 658 359 687 Tuscia.
384 658 465 687 Cum
490 657 586 687 vallis
609 657 647 687 de
669 658 757 687 Lacu
780 666 854 686 cum
877 657 1090 695 pertinentiis
1113 657 1183 686 suis
1206 656 1247 686 ad

239 710 422 739 Romanam
440 709 620 739 Ecclesiam
641 710 731 739 nullo
748 710 911 747 pertineat
932 710 1113 741 mediante,
1134 709 1247 739 dilecti

217 774 219 776 ·
239 762 298 791 tilii
317 762 438 791 nobilis
455 762 505 791 vir
523 786 555 797 ..,
574 767 729 800 potestas,
748 763 924 793 consilinm
942 767 971 792 et
988 771 1161 792 commune
1181 763 1246 793 Ur-

238 815 390 845 bevetani
413 820 502 845 motu
523 816 655 854 proprio
675 816 795 845 vallem
817 820 1019 854 occuparunt
1040 815 1178 845 eandem
1196 815 1246 853 ip·-

238 878 374 906 samque
392 872 585 906 presumunt
603 878 667 898 non
691 869 763 898 sine
780 872 893 898 nostra
908 872 939 898 et
955 868 1132 906 apostolice
1150 868 1245 898 Sedis
1265 864 1271 870 “

238 921 361 959 injuria
374 921 591 950 ‹letinere..Et
604 921 681 950 licet
695 921 734 950 ad
748 921 995 959 suggestionem
1010 925 1098 950 tuam
1109 921 1245 960 jamdic-

239 974 280 1003 tis
297 974 463 1012 potestati.
482 974 622 1003 consilio
639 979 669 1004 et
688 974 854 1003 communi
873 974 935 1004 sub
950 973 1041 1003 mille
1060 982 1246 1003 marcarum

239 1035 323 1064 pena
347 1027 469 1055 nostris
492 1027 683 1056 duxerimus
705 1026 827 1056 litteris
849 1026 1102 1066 injungendum,
1126 1030 1162 1055 ut
1185 1025 1245 1055 tibi

239 1082 351 1108 nostro
366 1084 393 1107 rt
411 1079 495 1108 dicte
512 1079 659 1109 Ecclesie
674 1079 807 1109 nominc
826 1079 1041 1109 restituerent
1056 1078 1160 1108 libere
1177 1078 1246 1108 val-

238 1130 303 1161 lem
328 1131 449 1168 ipsam,
473 1136 506 1161 tu
530 1132 609 1170 quid
631 1132 693 1170 ipsi
720 1140 818 1170 super
844 1131 904 1161 hoc
928 1131 1068 1161 fecerint
1089 1131 1245 1162 intimare

238 1183 333 1213 nobis
350 1193 406 1221 per
422 1183 551 1213 litteras
568 1184 619 1213 vel
634 1184 793 1213 nuncium
806 1184 1015 1222 postmodum
1029 1193 1093 1213 non
1108 1184 1244 1214 curasti.

238 1236 343 1273 Super
368 1245 432 1273 quo
458 1245 522 1265 non
546 1236 712 1265 immerito
733 1236 951 1271 admirantes,
976 1236 1170 1266 discretioni
1192 1240 1246 1266 tue

238 1296 294 1325 per
311 1288 489 1325 apost‹:›lica
504 1288 626 1326 scripta
639 1288 862 1326 precipiendo,
878 1289 1074 1319 mandamus
1088 1289 1246 1327 quatinus

239 1339 333 1369 nobis
350 1340 508 1378 quicquid
530 1344 639 1370 aetum
662 1345 711 1370 est
732 1350 831 1378 super
846 1341 1020 1379 premissis
1036 1350 1093 1379 per
1108 1341 1246 1371 latorem

238 1392 442 1429 presentium
466 1393 532 1422 tuis
555 1392 708 1422 celeriter
728 1393 910 1423 rescribere
928 1393 1049 1423 litteris
1071 1403 1136 1423 non
1156 1398 1246 1432 post-

237 1453 351 1482 ponas.
369 1446 442 1474 Dat.
458 1445 608 1483 Neapoli,
626 1445 778 1475 kalendis
791 1446 891 1484 junii,
909 1455 996 1476 anno
1014 1446 1129 1484 primo.
1152 1458 1164 1472 ›1

308 1628 396 1657 558
843 1629 960 1664 Naples,
973 1629 1006 1656 ‘23
1024 1629 1078 1656 mai
1096 1629 1172 1656 1255.

273 1689 399 1716 Jolianni
418 1691 453 1716 de
469 1689 597 1721 Cotbam,
616 1691 793 1717 subdiacono
806 1700 869 1723 suo,
884 1691 1094 1720 Londoniensis
1109 1693 1244 1725 diocesis,

240 1738 375 1764 laudabili
395 1739 614 1765 conversatione
637 1740 784 1773 insignito,
806 1740 936 1774 indulget
958 1745 988 1767 ut
1005 1741 1039 1767 de
1057 1740 1247 1776 Stambregge

240 1787 330 1813 Parva
352 1792 380 1813 et
401 1788 435 1813 de
451 1787 578 1814 Winteri
592 1796 661 1814 orne
676 1787 765 1815 NVast
780 1789 932 1820 ecclesias,
950 1790 1006 1824 ipsi
1021 1799 1037 1816 a
1054 1789 1247 1817 Londoniensi

238 1839 266 1861 et
291 1835 499 1862 Saresbiriensi
523 1837 668 1871 episcopis
693 1837 922 1868 commendatas,
947 1846 1067 1872 quarum
1091 1843 1248 1874 proventus

240 1884 299 1910 XII
322 1892 480 1910 marcarum
505 1885 710 1919 sterlingorum
735 1885 782 1911 vix
808 1886 952 1913 excedunt
975 1887 1136 1921 valentiam,
1160 1888 1248 1914 libere

240 1933 369 1964 retineat,
383 1938 431 1959 aut
449 1942 532 1958 unam
551 1933 585 1959 de
598 1934 731 1960 ecclesiis
747 1935 898 1968 resignans
916 1936 1032 1962 unicum
1049 1937 1124 1963 aliud
1141 1937 1249 1963 benefi-

239 1982 315 2007 cium
335 1982 463 2016 recipiat.
480 1982 563 2014 (lise.
581 1982 625 2013 ⁶34,
643 1990 667 2008 c.
685 1982 746 2016 461,
765 1983 783 2009 f.
800 1984 868 2010 67¹.)

281 2095 292 2107 u
317 2083 454 2111 Jolzamn·
477 2083 510 2111 de
528 2083 669 2117 Gelliam,
690 2084 874 2113 subdiacono
894 2091 1009 2119 nostro,
1032 2087 1249 2116 Londoniensis

239 2135 372 2164 diocesis.
404 2136 472 2164 Etsi
507 2140 639 2173 propter
672 2137 871 2167 ambitiones
895 2155 944 2166 ——.
979 2139 1052 2168 Dat.
1091 2139 1245 2178 Neapoli,

238 2188 269 2217 X
285 2187 443 2217 kalendas
455 2189 555 2227 junii,
575 2197 661 2218 anno
678 2189 794 2227 primo.
816 2202 828 2216 »

310 2365 399 2392 559
741 2368 797 2394 San
815 2368 968 2399 Germano,
986 2370 1002 2397 9
1015 2371 1079 2404 juin
1099 2370 1175 2398 1255.

277 2427 441 2453 Rainerium
464 2428 635 2455 monachum
657 2438 681 2456 s.
702 2429 777 2456 Petri
794 2430 942 2465 Perusini,
960 2434 1046 2466 cujus
1062 2438 1182 2467 patruus
1196 2434 1248 2460 Ja-

240 2476 330 2502 cobus
355 2476 446 2510 ipsius
470 2479 636 2504 monasterii
658 2479 790 2512 regimini
813 2481 944 2514 pluribus
964 2483 1047 2509 annis
1070 2483 1250 2510 laudabiliter

241 2525 370 2558 praefuit,
399 2524 491 2550 eidem
519 2528 692 2553 monasterio
719 2528 747 2554 in
773 2528 904 2556 abbatem
930 2531 1066 2564 praeficit.
1093 2532 1176 2565 (Res.
1202 2533 1248 2565 ⁶24,

239 2581 265 2599 c.
284 2572 344 2603 46²2,
362 2573 379 2599 f.
398 2574 467 2605 ssiv.)

283 2686 295 2700 «
322 2674 491 2703 Conventui
515 2678 695 2705 monasterii
719 2679 819 2707 sancti
846 2679 928 2708 Petri
955 2681 1110 2711 Perusini.
1135 2683 1249 2721 Nuper

240 2730 349 2756 vestro
365 2727 566 2756 monasterio
586 2729 672 2765 quod
692 2733 727 2758 ut
743 2730 864 2760 dicitur
881 2731 920 2760 ad
937 2733 1121 2764 Romanam
1136 2735 1250 2766 Eccle-

240 2779 324 2808 siam
341 2778 432 2808 nullo
451 2780 594 2817 pertinet
617 2782 797 2818 mediante,
816 2783 945 2814 abbatis
961 2786 1124 2823 regimine
1147 2788 1250 2818 desti-

242 2835 324 2866 tuto,
353 2840 410 2860 vos
445 2832 680 2862 convenientes
709 2834 744 2862 in
774 2844 878 2865 unum
903 2837 944 2866 ad
975 2839 1182 2869 tractandum
1211 2841 1249 2872 de

241 2883 346 2913 futuri
366 2883 603 2915 substitutione
623 2886 767 2922 abbatis,
792 2889 916 2919 vocatis
937 2890 1092 2922 omnibus
1113 2893 1170 2931 qui
1193 2893 1250 2924 de-

1328 305 1487 341 buerunt,
1506 307 1682 338 voluerunt
1695 312 1726 338 et
1741 312 1921 347 potuerunt
1937 308 2105 339 commode
2122 309 2284 340 interesse
2301 318 2340 340 ac

1329 358 1479 388 invocata
1502 359 1615 389 Sancti
1632 360 1777 398 Spiritus
1793 360 1900 398 gratia
1914 364 1951 390 ut
1969 365 2019 391 est
2038 361 2157 396 moris,
2175 361 2216 391 ad
2237 361 2339 392 dilec-

1329 414 1398 439 tum
1416 410 1521 440 filium
1538 412 1734 442 Rainerium
1753 416 1830 442 tunc
1847 412 1994 451 ejusdem
2013 413 2208 442 monasterii
2223 421 2339 443 mona-

1329 463 1429 492 chum
1444 463 1556 493 oculos
1572 464 1754 502 dirigentes
1776 465 1811 494 in
1832 465 1942 503 ipsum
1965 465 2196 503 una[ni]miter
2212 470 2243 496 et
2261 474 2340 495 con-

1329 515 1472 546 corditer
1500 517 1734 551 consensistis,
1766 526 1803 547 ae
1833 526 1851 547 a
1881 517 1976 547 nobis
2005 526 2063 556 per
2093 522 2341 556 procuratorem

1329 573 1476 598 vestrum
1493 569 1607 598 adhoc
1621 569 1810 608 specialiter
1823 570 2026 601 destinatum
2043 570 2216 600 humiliter
2230 575 2340 609 postu-

1329 620 1424 652 lastis
1442 626 1477 650 ut
1494 622 1613 652 vestris
1630 622 1664 651 in
1682 622 1742 652 hac
1758 626 1850 661 parte
1867 623 1952 653 votis
1969 632 2116 653 annuere
2133 623 2171 653 de
2189 623 2341 661 benigni-

1329 678 1395 703 tate
1413 674 1508 704 Sedis
1523 675 1700 713 apostolice
1715 684 1920 706 curaremus.
1933 676 2002 706 Nos
2016 676 2119 714 igitur
2132 676 2341 707 attendentes

1330 726 1416 764 quod
1439 726 1524 756 idem
1547 727 1788 757 monasterium
1808 736 1866 766 per
1883 728 2049 766 quondam
2070 728 2231 758 Jacobum
2251 728 2342 767 ejus-

1330 778 1403 807 dem
1421 779 1460 808 R.
1482 783 1636 816 patruum
1653 780 1711 818 qui
1729 779 1836 818 ipsius
1853 780 2047 810 monasterii
2064 780 2220 818 regimini
2235 779 2343 819 pluri-

1330 830 1391 860 bus
1406 832 1504 861 annis
1521 831 1734 862 laudabiliter
1750 832 1873 870 prefuit
1890 833 2033 871 plurima
2049 833 2255 863 incrementa
2271 841 2342 864 sus-

1329 884 1430 922 cepit,
1449 894 1485 914 ac
1503 889 1674 923 sperantes
1696 894 1733 914 ex
1756 885 1818 916 hoc
1842 890 1873 915 et
1893 885 2119 916 laudabilibus
2139 885 2342 916 testimoniis

1329 946 1393 976 que
1410 937 1448 967 de
1464 937 1536 975 ipso
1554 939 1592 968 R.
1611 938 1799 976 accepimus
1815 939 1903 977 quod
1916 948 1974 976 per
1987 938 2129 969 eundem
2143 939 2184 968 R.
2201 937 2342 968 salubri-

1329 993 1378 1019 ter
1394 989 1510 1020 debeat
1527 990 1719 1027 gubernari,
1736 990 1954 1029 postulationi
1970 995 2078 1021 vestre
2097 994 2189 1029 grato
2206 999 2342 1021 coneur-

1329 1047 1439 1072 rentes
1459 1052 1599 1073 assensu
1622 1047 1653 1073 et
1673 1052 1865 1081 processum
1881 1048 2028 1073 vestrum
2049 1052 2148 1082 super
2167 1043 2229 1074 hoc
2248 1042 2341 1073 habi-

1330 1099 1398 1124 tum
1416 1099 1524 1124 ratum
1541 1095 1657 1124 haberi
1676 1095 1835 1130 volentes,
1852 1104 1888 1125 ac
1904 1095 2069 1125 defectum
2086 1094 2338 1131 nichilominus,

1330 1147 1358 1177 si
1375 1147 1450 1186 quis
1469 1148 1503 1176 in
1523 1157 1560 1177 eo
1581 1148 1705 1182 extitit,
1726 1148 1917 1186 supplentes
1938 1148 1976 1178 de
1997 1148 2176 1186 apostolice
2192 1147 2341 1187 plenitu-

1329 1201 1406 1230 dine
1423 1201 1606 1239 potestatis,
1625 1201 1789 1239 prefatum
1808 1202 1846 1231 R.
1865 1201 1972 1231 eidem
1993 1201 2195 1231 monasterio
2213 1201 2252 1231 de
2270 1201 2340 1231 fra-

1330 1257 1417 1282 trum
1431 1258 1618 1283 nostrorum
1635 1252 1774 1283 consilio
1788 1253 1823 1282 in
1838 1253 1991 1283 abbatem
2003 1253 2205 1292 prefecimus
2219 1258 2250 1284 et
2262 1262 2340 1292 pas-

1330 1310 1445 1335 torem.
1475 1305 1636 1342 Quocirca
1672 1306 1926 1336 universitatem
1964 1310 2108 1336 vestram
2145 1314 2336 1343 monemus,

1330 1358 1482 1387 ducimus
1505 1362 1536 1388 et
1558 1358 1745 1393 hortamur,
1766 1358 1963 1388 mandantes
1986 1358 2145 1397 quatinus
2166 1358 2274 1388 eidem
2297 1359 2339 1389 R.

1330 1414 1488 1448 tanquam
1511 1410 1621 1440 abbati
1647 1414 1678 1440 et
1700 1411 1825 1449 pastori
1846 1410 2033 1440 animarum
2055 1414 2243 1441 vestrarum
2261 1410 2342 1441 ohe-

1329 1463 1489 1492 dientiam
1511 1467 1542 1493 et
1558 1463 1781 1493 reverentiam
1803 1463 1948 1493 debitam
1969 1463 2170 1502 impendatis
2192 1463 2342 1502 ejusdem

1330 1515 1521 1545 salubribus
1539 1515 1676 1545 monitis
1693 1520 1724 1546 et
1739 1515 1905 1545 mandatis
1920 1515 2035 1546 devote
2052 1524 2089 1545 ac
2103 1515 2277 1546 humiliter
2291 1515 2341 1545 in-

1330 1568 1509 1604 tendendo,
1531 1568 1679 1607 alioquin
1700 1568 1902 1598 sententiam
1923 1577 2022 1607 quam
2039 1568 2127 1598 idem
2142 1567 2343 1606 regulariter

1330 1621 1443 1651 tulerit
1468 1622 1502 1651 in
1530 1621 1672 1652 rebelles
1697 1625 1758 1652 ete.
1785 1630 1891 1660 usque
1915 1631 1921 1650 :
1945 1621 2125 1651 observari.
2151 1622 2225 1651 Dat.
2255 1621 2342 1660 apud

1331 1675 1489 1705 Sanctum
1505 1675 1719 1709 Germanum,
1739 1675 1768 1705 V
1783 1674 1969 1713 idusjunii,
1991 1683 2077 1704 anno
2094 1674 2213 1713 primo.
2230 1685 2244 1701 r>

1401 1843 1491 1872 560
1835 1843 1893 1870 San
1908 1843 2062 1876 Germano,
2080 1844 2096 1871 9
2108 1844 2174 1878 juin
2191 1843 2270 1872 1255.

1367 1905 1512 1940 Raynerio
1525 1904 1669 1939 praedicto
1685 1905 1809 1936 mandat,
1829 1909 1860 1931 ut
1874 1905 2081 1932 monasterium
2093 1914 2118 1932 s.
2132 1904 2208 1932 Petri
2221 1904 2342 1932 Perusi-

1333 1962 1401 1979 num
1422 1954 1466 1980 sie
1486 1953 1607 1980 sollicite
1626 1954 1767 1987 gubernet
1783 1953 1861 1988 quod
1879 1954 1954 1980 idem
1972 1954 2172 1988 spiritualibus
2187 1958 2216 1980 et
2231 1957 2344 1988 tempo-

1331 2002 1440 2028 ralibus
1457 2002 1586 2036 proficiat
1601 2002 1797 2028 incrementis.
1818 2002 1900 2034 (Rau.
1918 2001 1962 2035 24,
1979 2011 2004 2029 c.
2021 2001 2094 2034 462²,
2111 2002 2131 2029 f.
2148 2002 2218 2034 67¹.)

1375 2115 1386 2129 <‹
1405 2104 1566 2140 Raynerio,
1585 2104 1686 2132 abbati
1700 2104 1880 2132 monasterii
1892 2104 1993 2133 sancei
2007 2104 2090 2132 Petri
2102 2104 2258 2133 Perusini.
2275 2103 2344 2134 Nu-

1331 2164 1390 2193 per
1406 2160 1464 2186 etc.
1484 2164 1590 2194 usque
1606 2165 1612 2184 z
1631 2160 1796 2194 pastorem
1813 2173 1862 2184 -—.
1882 2157 1956 2186 Dat.
1974 2160 2010 2185 ut
2025 2164 2134 2194 supra.
2156 2168 2169 2182 n

1404 2320 1490 2348 561
1890 2319 2018 2354 Anagni,
2034 2319 2069 2346 20
2081 2319 2177 2354 Juillet
2192 2319 2270 2347 1255.

1368 2382 1497 2408 Azouem
1513 2382 1548 2408 de
1565 2382 1664 2416 Sesso,
1677 2381 1848 2408 canonicum
1861 2381 2018 2415 Reginum,
2032 2382 2061 2408 in
2075 2389 2129 2408 sua
2143 2389 2221 2408 nunc
2235 2381 2346 2409 cousti-

1333 2434 1426 2456 tutum
1443 2431 1605 2465 praesentia
1621 2431 1649 2457 in
1666 2438 1752 2457 sunm
1768 2430 1947 2465 capellanum
1961 2431 2073 2465 recipit.
2087 2429 2171 2463 (Rso.
2181 2429 2226 2462 24,
2241 2438 2269 2458 c,
2279 2429 2344 2462 463,

1332 2479 1353 2506 f.
1369 2479 1438 2514 (nv.)

1375 2593 1387 2607 «
1405 2581 1504 2610 Azoni
1522 2581 1555 2610 de
1575 2581 1672 2616 Sesso,
1688 2581 1836 2610 canonico
1852 2581 1977 2618 Reyino,
1996 2579 2180 2610 subdiacono
2197 2584 2223 2608 et
2245 2579 2345 2617 capel-

1333 2634 1404 2662 lano
1414 2638 1526 2663 nostro.
1540 2634 1705 2670 Quoniam
1717 2634 1803 2663 sicut
1814 2633 2058 2670 fidedignorum
2070 2631 2263 2662 testimonia
2272 2639 2345 2670 pro·

1333 2689 1508 2720 testantur,
1532 2695 1596 2716 non
1615 2686 1721 2716 solum
1738 2686 1872 2716 claritas
1889 2685 2013 2723 gnaris,
2032 2693 2147 2715 verum
2163 2684 2264 2714 etiam
2278 2692 2346 2714 mo·

1332 2746 1407 2767 rum
1426 2737 1584 2768 honest-as
1607 2738 1712 2776 gratie
1736 2742 1848 2768 nostre
1870 2737 2041 2768 favoribus
2067 2740 2098 2766 te
2123 2739 2266 2775 coaptat,
2285 2744 2345 2766 nos

1334 2790 1391 2828 qui
1407 2790 1503 2820 bonis
1517 2791 1713 2821 benefacere
1726 2791 1883 2830 ipsosque
1896 2794 1933 2820 ut
1949 2789 2007 2819 alii
2020 2789 2062 2819 ad
2075 2789 2193 2819 decora
2205 2788 2345 2819 inciten-

1333 2846 1387 2872 tur
1413 2843 1532 2873 merita
1557 2843 1722 2873 honorare
1743 2843 1974 2882 proponimus,
2003 2846 2036 2872 te
2061 2849 2150 2870 nunc,
2171 2840 2208 2870 in
2231 2844 2346 2870 nostra

1333 2895 1551 2926 constitutum
1571 2897 1741 2935 presentia
1761 2897 1797 2926 in
1822 2899 1974 2926 nostrum
1992 2893 2202 2933 capellanum
2221 2891 2346 2930 recipi-

2463 2462 2489 2768 -tuewur-e*
2475 2432 2491 2453 ψ,
2485 2400 2489 2401 ,
2483 2331 2493 2355 -1,
