2498 3325
987 207 1211 245 PREMIERE
1233 208 1392 245 ANNEE.
2182 217 2235 246 201

139 285 289 315 Ecclesia
296 284 466 314 fidelitatis
477 283 572 313 solite
581 283 809 322 juramentum
820 281 1001 312 secundum
1012 281 1151 309 formam

139 346 238 376 quam
267 337 328 366 tibi
356 336 417 366 sub
444 335 535 365 bulla
565 339 679 365 nostra
706 334 871 363 mittimus
898 333 1115 362 interclusam
1144 342 1150 360 ε

140 389 419 421 Contradictores.
442 389 593 418 Formam
611 391 720 417 autem
740 386 923 426 juramenti
942 389 1002 415 ete.
1020 394 1125 423 usque
1145 394 1150 412 :

142 442 321 472 destinare.
355 442 428 471 Dat.
462 440 632 478 Anagnie‚
664 441 714 470 III
745 448 849 469 nonas
882 437 1032 475 augusti,
1067 446 1152 467 anno

141 495 259 533 primo.
280 506 293 520 ›>

216 665 303 692 662

182 725 429 752 postulationibus
445 725 563 751 fratrum
580 725 735 750 Amatonis
750 727 777 750 et
796 723 932 753 Baronis,
950 723 1151 749 heremitarum

143 774 385 801 commorantium
402 774 429 800 in
446 773 569 800 ecclesia
585 781 610 800 s.
627 771 757 799 Cathaldi
780 773 834 798 sita
854 772 881 798 in
902 771 1044 797 territorio
1061 769 1153 796 castri

143 824 179 850 de
204 822 306 853 Patria,
334 821 525 848 Fen-eminans
549 821 689 854 diocesis,
714 825 794 855 grato
820 828 998 847 concurrens
1018 827 1152 852 assensu,

143 871 248 898 dictam
270 871 421 897 ecclesiam
449 871 476 896 in
496 871 547 904 jus
565 874 593 896 et
617 870 819 904 proprietatem
840 870 915 895 beati
938 869 1013 894 Petri
1030 871 1056 894 et
1069 867 1154 894 Sedis

142 920 317 954 apostolicae
338 920 479 952 assumit,
497 919 534 945 ita
550 919 624 953 quod
650 927 702 944 nec
721 918 877 952 episcopus
901 917 1083 949 Ferentinas,
1101 924 1154 942 nec

704 663 830 696 Anagni,
848 662 879 688 10
894 661 986 696 juillet
1004 661 1081 687 1255.

142 968 263 1002 quaevis
279 968 332 994 alia
348 975 475 1002 persona
491 967 686 993 ecclesiastica
703 967 783 1001 ipsos
797 970 846 992 aut
861 974 961 992 servos
981 965 1031 991 Dei
1050 965 1154 991 futuris

143 1017 323 1051 temporibus
346 1016 416 1042 inibi
442 1017 604 1042 servituros
627 1016 812 1048 interdicere,
835 1015 1013 1049 suspendere
1034 1015 1076 1040 vol
1100 1022 1153 1040 ex-

143 1065 358 1092 communicare
373 1065 475 1091 valeat.
493 1064 578 1098 (Rae.
590 1064 634 1095 24.
651 1073 678 1092 c.
695 1065 756 1094 538,
774 1065 793 1090 f.
812 1065 880 1095 w.)

186 1179 199 1193 «
224 1167 384 1195 Fratribus
403 1168 548 1195 Amatoni
566 1171 590 1195 et
610 1167 735 1200 Baroni,
757 1166 913 1195 heremitis
933 1167 1154 1195 commoranti-

145 1220 198 1248 bus
216 1220 248 1247 in
265 1219 387 1248 ecclesia
402 1219 503 1248 sancti
520 1219 672 1253 ΟίιῐΙιαίᾱιῖ,
690 1220 750 1247 sita
774 1220 806 1247 in
830 1219 984 1247 territorio
1007 1219 1106 1248 Casiri
1122 1219 1155 1248 de

147 1273 264 1306 Patria,
301 1271 508 1300 Ferentinatis
543 1271 678 1301 diocesis.
714 1271 784 1300 Etsi
816 1271 972 1301 universe
999 1288 1048 1299 —.
1079 1272 1150 1300 Dat.

146 1324 310 1361 Anagnie,
327 1325 374 1354 VI
390 1324 464 1354 idus
481 1323 569 1363 julii,
589 1333 675 1353 anno
692 1324 808 1362 primo.
832 1336 844 1350 ›>

215 1503 303 1530 663

180 1564 297 1598 Roget-0
313 1564 431 1590 Luvello
449 1564 484 1590 de
499 1564 681 1595 VVithetone²
695 1565 800 1590 clerico
815 1564 890 1598 regis
909 1564 1040 1598 Angliae,
1060 1564 1156 1590 indul-

145 1617 193 1647 got
213 1617 252 1643 ut,
270 1613 338 1639 dum
356 1613 536 1647 theologicae
552 1613 649 1639 studio
664 1613 807 1639 facultatis
825 1612 952 1638 Parisius
969 1613 1011 1638 vel
1027 1612 1156 1639 Oxoniae

143 1666 192 1688 aut
214 1661 281 1687 alibi
305 1661 466 1692 vacaverit,
486 1661 615 1687 redditus
640 1661 845 1687 beneficiorum
862 1662 927 1694 ejus
950 1664 1044 1687 tamen
1064 1661 1156 1695 perci-

142 1718 209 1745 pere
233 1710 334 1744 possit.
353 1709 435 1742 (Rau.
453 1709 497 1744 24,
515 1717 541 1736 e.
560 1709 620 1740 539,
639 1709 656 1736 f.
675 1710 728 1741 79.)

706 1503 832 1536 Anagni,
849 1502 881 1529 ‘23
895 1503 989 1536 juillet
1007 1502 1083 1529 1‘255.

185 1824 196 1837 «
221 1813 329 1848 Royero
345 1811 466 1840 Luuello
482 1811 515 1840 de
536 1811 714 1845 Willietone,
734 1811 890 1848 capellano
908 1816 1026 1845 nostro,
1047 1812 1155 1841 clerico

141 1865 298 1894 carissimi
325 1865 358 1892 in
378 1864 497 1893 Christo
522 1863 584 1900 filii
609 1865 705 1892 nostri
729 1886 761 1898 ..‚
782 1864 861 1901 regis
880 1864 988 1901 Anylie
1010 1865 1152 1893 illustris.

142 1916 233 1946 Sicut
248 1915 435 1951 honestum=
447 1915 496 1945 sic
509 1916 606 1953 digne
617 1916 713 1954 quasi
723 1916 871 1945 debitum
881 1920 929 1945 est
939 1916 1152 1951 censendum,

137 1972 174 1998 ut
191 1977 273 2007 quos
292 1968 453 1998 familiari
471 1968 723 1998 conversatione
743 1968 827 1998 clam
844 1969 1032 2006 experimur
1048 1969 1154 2007 prohi-

138 2025 204 2051 tatc
222 2025 373 2059 acceptos
392 2025 422 2051 et
439 2030 569 2051 morum
580 2021 726 2059 preditos
742 2021 928 2055 honestate,
945 2022 1155 2060 prerogativa

138 2074 304 2103 donentur
326 2074 504 2111 apostolice
527 2074 632 2112 gratie
657 2083 693 2104 ac
715 2074 849 2104 favoris.
876 2075 946 2104 Hoc
970 2074 1073 2112 igitur
1098 2079 1153 2105 tue

138 2126 315 2164 suffragari
331 2135 471 2164 persone
489 2126 703 2157 laudabiliter
717 2127 925 2157 attendentes
943 2131 1039 2166 teque
1056 2136 1152 2165 prop-

138 2183 230 2208 terea
247 2179 458 2208 intendentes
481 2179 708 2209 benivolentia
726 2179 882 2218 prosequi
906 2179 1053 2217 speciali,
1078 2180 1150 2215 tihi⁷

138 2235 185 2262 ut,
203 2231 281 2260 dum
293 2231 476 2268 theologice
492 2231 601 2261 studio
616 2231 784 2261 facultatis
798 2232 949 2262 Parisius
960 2232 1011 2261 vel
1028 2232 1153 2262 Oxonie

139 2287 195 2313 aut
221 2283 302 2313 alibi
327 2283 384 2313 ubi
413 2283 594 2322 sollempne
621 2284 769 2314 studium
794 2284 964 2314 facultatis
992 2284 1154 2315 habeatur

139 2337 288 2376 ejusdem
309 2337 495 2372 vacaveris,
518 2337 556 2366 ad
577 2338 663 2376 quod
685 2337 772 2367 sieut
790 2338 913 2368 asseris
934 2339 1103 2368 desideras
1124 2342 1153 2368 te

138 2389 338 2424 transferre,
356 2389 566 2427 personalem
585 2390 801 2419 residentiam
822 2391 931 2420 facere
950 2391 985 2420 in
1002 2391 1153 2421 ecelesiis

138 2442 174 2471 in
191 2441 313 2480 quihus
329 2441 548 2471 beneficiatus
569 2442 684 2472 existis
703 2442 840 2472 minime
862 2443 1025 2477 tenearis,
1046 2452 1153 2482 neque

139 2487 180 2524 ad
201 2494 235 2523 id
252 2493 416 2532 compelli⁷
435 2494 588 2533 quodque
604 2495 740 2524 interim
760 2495 909 2525 redditus
926 2500 956 2525 et
974 2500 1153 2533 proventus

137 2547 377 2578 beneficiorum
388 2552 519 2577 tuorum
528 2548 657 2585 integre
666 2548 846 2587 percipere,
858 2549 1152 2579 distributionibus

138 2600 308 2630 dumtaxat
333 2599 510 2629 cotidianis
538 2600 693 2638 exceptis,
721 2610 929 2640 quocumque
954 2606 1076 2631 statuto
1101 2601 1153 2631 vel

138 2651 378 2682 consuetudine
389 2652 785 2691 contrariis‚ju1·amento‚
799 2653 1050 2684 confirmatione
1062 2663 1153 2692 apos-

136 2704 235 2734 tolica
255 2703 306 2734 vel
328 2703 393 2734 alia
416 2713 625 2743 quacumque
647 2705 804 2736 firmitate
828 2706 980 2742 vallatis,
1003 2710 1059 2736 aut
1078 2707 1152 2745 qui-

135 2756 344 2796 buscumque
365 2756 586 2795 indulgentiis
603 2757 655 2788 vel
671 2757 793 2789 litteris
814 2759 1004 2797 apostolicis
1021 2759 1059 2789 de
1078 2759 1153 2797 qui-

135 2809 198 2839 hus
215 2818 423 2848 quorumque
439 2813 553 2840 tenore
571 2809 704 2848 plenam
723 2814 753 2841 et
772 2820 961 2850 expressam
977 2811 1012 2841 in
1030 2811 1152 2841 litteris

135 2861 261 2891 nostris
279 2861 351 2891 fieri
370 2861 573 2892 mentionem
596 2867 746 2901 oporteat
762 2871 972 2903 nequaquam
989 2863 1152 2893 obstanti-

264 2926 488 2951 ALEXANDRE
507 2927 557 2958 lv,
577 2930 596 2951 t.
616 2928 636 2952 Ι.

1234 278 1307 313 hus,
1323 279 1444 314 valeas,
1466 280 1660 310 auctoritate
1680 280 1883 318 presentium
1900 280 2121 318 indulgemus,
2146 281 2239 311 Nulli

1235 334 1295 360 etc.
1314 335 1424 361 nostre
1436 333 1660 362 concessionis
1672 337 1732 362 etc.
1749 333 1964 362 Presentibus
1976 338 2046 371 post
2060 334 2240 372 quadrien-

1235 383 1329 412 nium
1345 388 1405 413 etc.
1428 394 1434 412 :
1452 385 1583 422 proviso
1600 385 1687 422 quod
1708 385 1842 414 interim
1863 385 1897 414 iu
1914 386 2070 423 predictis
2089 386 2239 416 ecclesiis

1235 443 1293 472 per
1308 435 1443 465 idoneos
1460 437 1601 466 vicarios
1615 437 1741 466 faciant
1759 437 1930 466 deserviri.
1944 438 2016 467 Dat.
2034 438 2196 476 Anagnie,
2209 439 2241 467 X

1237 487 1396 517 kalendas
1413 489 1557 525 augusti„
1579 498 1665 518 anno
1680 489 1797 527 primo.
1819 501 1830 514 n

1307 663 1395 691 664

1271 724 1384 751 Statuta
1402 733 1493 760 nuper
1515 726 1541 752 in
1562 726 1687 760 generali
1709 726 1833 760 capitulo
1850 725 2059 752 Hei-emitarum
2080 735 2103 752 sv
2123 728 2242 761 Augus-

1235 774 1287 800 tini
1303 782 1354 808 pro
1370 777 1448 800 recto
1466 775 1555 800 totius
1571 774 1681 800 ordinis
1697 774 1848 808 gubernio,
1868 775 2021 808 praecipue
2036 774 2070 800 de
2088 776 2243 801 visitatori-

1236 822 1301 856 bus,
1317 823 1390 848 facta
1405 823 1565 850 confirmat.
1582 822 1665 855 (Rau.
1682 823 1726 856 ⁶24,
1743 831 1769 849 c.
1787 823 1862 855 539¹,
1875 823 1894 848 s.
1908 823 1957 853 79;
1978 822 2121 849 PoTTaAsr
2138 824 2240 854 15965.)

1788 664 1917 697 Anagni,
1936 665 1965 691 31
1981 665 2075 698 juillet
2097 666 2169 692 1255.

1278 935 1291 949 «
1311 923 1451 952 Generali
1466 928 1492 952 et
1510 925 1614 952 celeris
1627 924 1785 960 prioribus
1805 932 1840 952 ac
1855 925 2010 952 vnitwrsis
2029 925 2178 958 fratribus
2195 934 2245 952 or-

1236 975 1320 1004 dinis
1331 976 1858 1012 HeremilarumsanctiA'ztyustini,
1876 981 1936 1004 tam
1952 976 2140 1012 presentibus
2152 985 2244 1012 quant

1235 1029 1364 1065 futuris.
1388 1027 1464 1057 Hiis
1488 1037 1551 1066 que
1574 1037 1631 1065 pro
1659 1045 1707 1056 -—-.
1735 1029 1808 1057 Dat.
1834 1027 2001 1065 Anagnie,
2032 1028 2063 1057 II
2086 1027 2244 1057 kalendas

1237 1081 1380 1118 augusti,
1400 1089 1486 1110 anno
1502 1081 1619 1119 primo.
1640 1093 1652 1107 »

1308 1260 1396 1288 665

1272 1321 1503 1356 Arehiepiscopo
1527 1321 1698 1347 Treverensi
1719 1321 1936 1347 concessionem
1956 1320 2114 1346 Innocentii
2131 1320 2181 1349 IV,
2201 1324 2245 1350 ut,

1790 1260 1914 1293 Anagni,
1932 1259 1965 1286 *28
1983 1260 2075 1293 juillet
2098 1260 2173 1285 1255.

1237 1374 1353 1405 propter
1371 1378 1487 1396 mensae
1503 1370 1756 1404 archiepiscopalis
1779 1371 1962 1399 tenuitatem,
1980 1370 2134 1403 dignitates
2151 1374 2177 1394 et
2195 1370 2244 1394 be—

1238 1419 1338 1445 neficia
1353 1418 1549 1445 ecclesiastica
1566 1423 1694 1452 tempore
1711 1418 1900 1452 promotionis
1913 1419 2028 1443 obtenta
2041 1419 2161 1443 retinere
2180 1426 2245 1451 pos-

1237 1471 1290 1499 set,
1309 1476 1402 1501 usque
1416 1467 1451 1493 ad
1472 1467 1619 1493 biennium
1638 1471 1783 1501 prorogat.
1801 1466 1872 1499 (Heu
1899 1466 1943 1496 ⁴24,
1961 1476 1986 1492 c.
2005 1466 2065 1500 540,
2083 1466 2100 1492 f.
2120 1466 2175 1498 79.)

1280 1581 1292 1595 «
1321 1591 1353 1603 ..,
1377 1569 1603 1606 archiepiscopo
1628 1569 1813 1597 Trevmwwt.
1838 1568 1883 1597 Ex
1907 1571 1960 1597 tue
1987 1567 2170 1597 devotionis
2196 1585 2244 1595 —.

1237 1623 1311 1651 Dat.
1328 1621 1492 1659 Anagnie,
1510 1622 1539 1651 V
1554 1620 1713 1650 kalendas
1731 1620 1874 1658 augusti,
1893 1629 1979 1649 anno
1994 1620 2112 1658 primo.
2133 1632 2144 1645 n

1309 1805 1397 1834 666

1273 1867 1320 1898 G.‚
1337 1868 1460 1893 electum
1480 1866 1686 1897 Veronensem,
1705 1866 1833 1900 praeficit
1853 1866 1880 1891 in
1902 1865 2081 1900 episcopum.
2105 1864 2186 1898 (Rho.
2203 1865 2247 1898 ⁶24,

1237 1924 1263 1944 c,
1281 1916 1342 1948 541,
1360 1917 1378 1942 s.
1396 1916 1462 1946 mv.)

1839 1803 1964 1837 Anagni,
1983 1804 1996 1829 4
2014 1804 2081 1829 aout
2103 1804 2176 1830 1255.

1280 2031 1292 2045 «
1319 2019 1363 2053 G.,
1385 2019 1471 2047 eleeto
1492 2018 1663 2047 Veronensi.
1685 2016 1841 2046 Debitum
1862 2016 1961 2045 officii
1982 2015 2087 2045 nostri
2108 2015 2249 2054 requirit

1237 2075 1298 2101 etc.
1316 2080 1421 2109 usque
1438 2080 1443 2098 :
1459 2070 1714 2099 incrementum.
1733 2069 1818 2098 Sane
1833 2068 1917 2097 bone
1934 2068 2090 2097 memorie
2161 2068 2248 2105 epis-

1239 2132 1316 2161 copo
1332 2122 1530 2157 Veronensi,
1548 2122 1636 2151 viam
1651 2121 1807 2151 universe
1825 2120 1935 2150 carnis
1951 2120 2113 2157 ingresso,
2133 2129 2192 2149 nos
2209 2120 2249 2149 ad

1237 2184 1413 2214 personam
1430 2179 1539 2210 tuam,
1559 2174 1597 2204 de
1616 2174 1711 2213 cujus
1727 2173 1889 2211 probitate
1904 2181 1941 2201 ac
1959 2172 2087 2201 meritis
2105 2172 2200 2201 nobis
2218 2176 2248 2201 et

1237 2229 1397 2258 fratribus
1422 2228 1545 2257 nostris
1569 2227 1702 2265 plenam
1723 2226 1819 2255 tidem
1844 2229 1973 2254 tuorum
1994 2234 2129 2263 operum
2151 2233 2248 2262 expe-

1237 2282 1359 2312 rientia
1382 2281 1529 2319 prebuit,
1551 2279 1720 2310 conversis
1744 2278 1866 2308 mentis
1890 2282 2000 2307 nostre
2023 2277 2143 2311 oculis,
2162 2277 2248 2306 elec-

1238 2335 1385 2364 tionibus
1400 2334 1522 2372 siquas
1534 2337 1606 2371 post
1618 2332 1855 2361 inhibitionem
1867 2330 1997 2360 dilectis
2012 2330 2091 2359 filiis
2104 2329 2248 2367 t-aljiitulo

1235 2387 1422 2418 Veronensi
1438 2387 1475 2416 dt·
1494 2386 1647 2415 mandato
1665 2384 1843 2423 apostolico
1855 2384 1981 2413 saetam
1998 2392 2038 2412 ne
2058 2382 2098 2411 ad
2114 2382 2248 2411 electio-

1237 2449 1311 2469 nem
1327 2439 1430 2469 futuri
1447 2438 1593 2476 episcopi
1612 2437 1827 2476 procederent
1843 2440 1873 2465 et
1888 2435 2010 2465 litteris
2027 2435 2212 2473 impetratis
2230 2444 2249 2463 a

1238 2492 1320 2522 Sede
1338 2491 1517 2529 apostolica
1540 2499 1638 2528 super
1654 2489 1844 2519 obtinendis
1862 2487 2106 2526 episcopatibus
2125 2492 2155 2517 et
2172 2496 2248 2525 pro-

1237 2544 1387 2574 cessibus
1404 2552 1530 2582 pereas
1546 2542 1671 2572 habitis
1688 2542 1793 2571 irritis
1807 2540 1939 2579 penitus
1954 2540 2133 2573 nunciatis,
2152 2545 2191 2572 te,
2209 2539 2247 2568 dc

1237 2597 1384 2635 ipsorum
1404 2597 1544 2625 fratrum
1561 2595 1701 2625 consilio
1718 2599 1748 2624 et
1769 2593 1947 2632 apostolice
1963 2593 2170 2632 plenitudine
2190 2602 2247 2630 po-

1238 2649 1378 2684 testatis,
1404 2648 1542 2678 ecclesie
1558 2647 1763 2678 Veronensis
1783 2646 1982 2685 prefecimus
2003 2646 2037 2675 in
2058 2645 2247 2683 episcopum

1237 2706 1268 2732 et
1284 2706 1460 2740 pastorem,
1479 2710 1535 2739 spe
1553 2700 1648 2730 nouis
1662 2699 1827 2738 proposita
1845 2698 1941 2737 quod,
1960 2707 2035 2728 cum
2049 2698 2095 2727 sis
2112 2706 2249 2726 couver-

1237 2755 1377 2786 sationis
1394 2758 1425 2785 et
1442 2754 1507 2783 vite
1523 2753 1717 2788 laudabilis⁷
1737 2752 1923 2782 litterarum
1941 2751 2081 2780 scientia
2100 2750 2248 2788 preditus

1237 2808 1319 2838 acin
1335 2807 1566 2846 spiritualibus
1581 2810 1612 2837 et
1628 2805 1865 2844 temporalibus
1878 2805 2147 2841 circumspectus,
2162 2803 2249 2832 dicta

1237 2861 1377 2891 ecclesia
1388 2870 1446 2899 per
1457 2859 1622 2889 industrie
1637 2863 1691 2889 tue
1704 2858 1862 2893 studium,
1879 2859 1946 2887 Deo
1960 2857 2110 2895 propitio,
2127 2860 2154 2884 ct
2172 2864 2247 2892 aug-

2094 2921 2125 2943 ‘26
