2498 3325
976 193 1206 232 DEUXIEME
1228 193 1387 231 ANNEE.
2175 201 2233 231 ‘475

137 271 224 310 quod
244 275 361 310 quarto
387 269 688 307 consanguinitatis
715 269 817 306 gradu
839 268 1032 298 attinehatis
1052 267 1145 297 vobis

137 323 178 352 ad
204 323 358 357 invicem,
383 326 414 352 et
437 322 523 360 quod
546 330 644 359 super
665 321 876 358 sponsalibus
898 321 985 350 inter
1007 324 1047 354 te,
1077 319 1146 349 filia

137 375 285 410 Mabilia,
302 380 332 405 et
352 375 551 405 Gauii-idum
572 374 661 404 infra
684 374 906 412 septemnium
929 373 1146 403 constitutum

137 428 374 458 consobrinum
390 432 494 460 tuum,
517 427 565 456 fili
590 427 778 466 Aymerice,
801 426 1036 456 contrahendis
1059 425 1147 455 inter

137 485 222 516 tuos,
248 481 317 510 filia
339 480 486 515 Mabilia,
518 480 784 517 consanguineos
810 483 841 509 et
863 479 970 517 ipsius
993 478 1147 508 Gauii-idi

136 533 364 571 progenitores
380 537 538 562 tractatus
551 536 621 562 erat
636 532 782 562 habitus,
798 541 854 569 per
871 536 1000 561 nostras
1018 531 1146 560 litteras

138 586 310 616 vobiscum
342 585 621 624 dispensavimus,
655 589 690 614 ut
726 585 899 623 premissis
936 592 1146 622 nequaquam

138 638 348 668 obstantibus
367 638 508 676 possetis
527 638 560 667 in
580 641 747 667 contracto
762 637 848 667 inter
864 646 921 666 vos
935 636 1147 665 matrimonio

137 691 229 721 licite
252 700 437 721 remanere.
462 692 586 721 Verum
613 691 727 720 eodem
750 690 910 720 Gauii-ido
933 694 964 719 et
991 713 1030 724 ..,
1055 693 1146 727 patre

138 744 256 782 ipsius,
284 748 314 773 et
338 743 536 782 quibusdam
559 743 634 773 aliis
656 743 942 775 demmtiantiluis,
964 741 1147 771 venerabili

138 796 234 825 fratri
269 800 380 826 nostro
415 819 448 831 ..,

138 853 258 884 vestro,
275 849 373 888 quod,
392 854 467 879 ante
485 854 690 879 contractum
709 849 867 878 intervos
885 848 1146 882 matrimonium,

139 902 227 932 inter
245 906 285 937 te,
304 902 373 932 filia
391 902 538 938 Mabilia,
559 906 589 931 et
606 902 729 931 dictum
744 901 942 931 Gauii-idum
958 901 1148 930 intervene-

487 796 721 834 Andegavensi
764 796 931 834 episcopo,
972 795 1147 824 diocesano

139 959 214 985 rant
238 955 417 993 sponsalia,
442 959 484 990 te,
510 954 658 989 Mabilia,
682 954 716 983 in
738 958 822 983 etate
844 954 952 983 nubili
974 954 1146 988 existente,

140 1017 176 1038 ac
193 1008 278 1037 dicto
295 1007 456 1037 Gauii-ido
477 1012 550 1046 post
576 1007 797 1045 septemnium
819 1011 1008 1045 acceptante
1031 1007 1148 1046 hujus-

140 1061 228 1090 modi
242 1060 421 1099 sponsalia,
438 1069 501 1099 que
517 1064 694 1099 antequam
713 1060 890 1097 attingeret
902 1059 1079 1097 septimum
1095 1068 1149 1088 an-

140 1122 220 1143 num
248 1117 416 1143 contracta
441 1117 550 1145 erant.
580 1113 669 1143 idem
695 1113 868 1150 episcopus
895 1121 994 1150 super
1021 1112 1082 1142 hoc
1110 1112 1150 1142 ad

138 1166 395 1206 inquisitionem
416 1166 586 1196 descendit
610 1166 645 1195 in
667 1175 781 1196 omnes
799 1175 853 1196 eos
873 1166 929 1204 qui
954 1166 1150 1204 prefuerunt

139 1220 175 1249 in
190 1219 382 1258 hujusmodi
398 1219 648 1249 matrimonium
666 1219 902 1251 contrahendo,
920 1227 978 1257 pro
1002 1228 1038 1249 eo
1063 1219 1150 1257 quod

139 1276 345 1302 contractum
361 1273 470 1303 suerat
485 1272 702 1308 clandestine,
721 1273 850 1302 dicebat
866 1272 945 1312 (sic),
968 1277 998 1302 et
1015 1272 1150 1317 pei-*ali-

141 1334 223 1364 quos
240 1334 356 1361 annos,
379 1325 516 1355 Mabilia
533 1330 564 1356 et
582 1325 689 1355 dictus
706 1326 899 1360 Gaufridus,
918 1325 1150 1356 habitaveritis

140 1378 279 1408 insimul
295 1378 503 1416 postmodum
521 1377 710 1416 specialiter
728 1382 758 1407 et
780 1378 815 1407 in
832 1387 888 1407 vos
912 1381 984 1416 post
1006 1378 1150 1416 appella-

142 1430 265 1460 tionem
281 1439 338 1469 pro
355 1435 447 1468 parte
459 1435 568 1460 vestra
585 1431 625 1460 ad
642 1430 760 1460 Sedem
777 1431 990 1468 apostolicam
1008 1431 1150 1469 interpo-

142 1483 240 1513 sitam
258 1483 613 1513 excommunicationis
628 1483 828 1513 sententiam
846 1493 903 1522 pro
921 1493 979 1514 sue
998 1484 1151 1514 volunta-

142 1537 184 1566 tis
201 1537 296 1566 libito
313 1536 552 1575 promulgavit,
568 1536 651 1566 alias
670 1546 738 1572 vos,
758 1537 930 1567 occasione
947 1537 1149 1576 hujusmodi,

141 1589 372 1628 multipliciter
389 1590 591 1628 inquietans.
609 1591 717 1626 Quare
734 1590 829 1620 nobis
843 1590 1016 1620 humiliter
1030 1591 1151 1629 suppli-

143 1642 254 1677 castis,
274 1647 309 1672 ut
326 1642 497 1681 providere
515 1643 607 1672 vobis
629 1652 727 1681 super
748 1642 820 1678 hoc,
841 1647 979 1681 paterna
1002 1643 1152 1673 solicitu-

142 1695 219 1724 dine
246 1703 450 1725 curaremus.
481 1695 549 1725 Nos
570 1695 683 1733 igitur,
711 1696 830 1725 vestris
851 1696 1151 1734 supplicationibus

142 1748 306 1783 inclinati,
322 1748 529 1785 presentium
541 1748 634 1778 vobis
648 1749 843 1779 auctoritate
861 1749 1084 1783 concedimus,
1103 1753 1148 1785 ut,

141 1800 299 1839 predictis
315 1800 564 1838 impedimentis
584 1801 635 1831 vel
652 1801 801 1839 ipsorum
821 1801 932 1840 aliquo
949 1806 979 1831 et
995 1811 1153 1840 processu

140 1853 261 1892 prefati
275 1853 422 1891 episcopi
438 1857 510 1891 post
524 1854 722 1892 premissam
742 1854 1037 1892 dispensationem,
1054 1863 1153 1892 super

143 1907 268 1937 eisdem
293 1907 542 1945 impedimentis
568 1916 628 1937 seu
652 1907 802 1946 ipsorum
827 1908 1001 1938 occasione
1026 1907 1148 1945 habito,

141 1968 352 1998 nequaquam
369 1959 591 1995 obstantibus,
609 1960 746 1998 possitis
762 1961 797 1989 in
817 1961 865 1991 sic
880 1965 1046 1991 contracto
1066 1961 1153 1991 inter

141 2021 198 2042 vos
215 2012 428 2042 matrimonio
444 2012 535 2042 licite
551 2022 736 2044 remanere.
756 2014 848 2043 Nulli
866 2018 926 2044 etc.
946 2019 1057 2044 nostre
1074 2023 1152 2044 eon-

143 2065 305 2095 cessionis
327 2069 387 2096 etc.
410 2066 484 2094 Dat.
512 2066 675 2103 Anagnie,
704 2067 736 2096 II
760 2076 864 2096 nonas
887 2067 1041 2103 octobris,
1067 2065 1153 2096 anno

143 2118 300 2148 secundo.
320 2130 333 2144 »

217 2263 330 2291 153⁷

179 2322 318 2357 Magistro
345 2323 501 2350 Gilleberto
526 2325 561 2351 de
586 2325 726 2352 Mochcnc
738 2347 744 2358 ,
772 2327 909 2361 magistro
935 2327 962 2353 in
989 2327 1099 2353 artibus
1122 2336 1155 2354 ac

144 2372 229 2399 etiam
248 2372 274 2398 in
289 2373 356 2406 jure
373 2373 512 2400 canonico
529 2377 556 2400 et
572 2373 647 2400 civili
665 2377 809 2409 provectO,
828 2376 873 2401 cui
887 2375 1066 2410 Gsregorius]
1083 2385 1155 2411 papa

144 2419 351 2455 praedecessor
366 2420 562 2455 dispensavit,
587 2425 631 2454 ut,
658 2431 713 2449 non
737 2423 869 2450 obstante
886 2423 998 2450 defectu
1017 2424 1154 2451 natalium

143 2476 228 2503 quem
242 2469 402 2503 patiebatur
414 2470 448 2496 de
459 2470 579 2497 diacono
592 2471 708 2505 genitus
723 2475 750 2498 et
766 2472 870 2503 soluta,
887 2476 987 2507 posset
1003 2473 1036 2499 ad
1054 2481 1155 2499 omnes

144 2524 244 2544 sacros
253 2517 369 2545 ordines
379 2521 542 2553 promoveri
551 2524 579 2547 et
588 2520 726 2547 beneficia
736 2521 933 2548 ecclesiastica
943 2530 1040 2548 curam
1051 2523 1156 2548 anima-

144 2573 207 2592 rum
224 2566 358 2592 habentia
376 2567 518 2600 obtinere,
535 2569 678 2601 concedit,
697 2572 727 2595 ut
743 2569 895 2596 ecclesiam
910 2570 1009 2596 Sancti
1027 2570 1104 2597 Petri
1120 2571 1156 2597 de

144 2613 299 2649 Fresneto,
315 2614 501 2643 Ebroicensis
516 2617 659 2648 diocesis,
680 2621 709 2644 et
730 2619 931 2645 canonicatum
949 2618 1155 2646 Ebroicensem

144 2663 272 2698 recipere
289 2663 391 2690 valeat.
410 2663 494 2697 (nm.
510 2665 556 2697 24,
572 2665 591 2691 f.
609 2665 684 2700 206¹,
702 2675 768 2692 ann.
788 2666 825 2701 11,
841 2675 867 2693 c.
885 2667 970 2700 4592)

631 2264 758 2298 Anagnt,
777 2265 815 2291 1²¹·
831 2265 986 2291 novembre
1004 2264 1082 2292 1‘256.

187 2762 200 2777 α
225 2751 369 2788 Maqistro
397 2751 553 2781 Gz'lleberto
574 2753 607 2781 de
628 2754 778 2789 Mocltenc,
797 2756 944 2785 canonico
969 2757 1154 2786 Ebroicensc'.

146 2803 192 2833 Ex
208 2806 321 2833 tenore
341 2807 395 2833 tue
417 2820 466 2832 —-.
488 2805 562 2834 Dat.
585 2806 746 2843 Anagnie,
774 2806 926 2838 kalendis
953 2809 1155 2844 novembris,

147 2864 234 2886 anno
250 2856 406 2886 secundo.
427 2869 439 2883 »

1302 267 1419 295 1538

1263 328 1346 354 Cicro
1370 333 1397 354 et
1423 329 1571 355 monachis
1601 329 1760 355 Vaseoniae
1787 329 1916 362 mandat,
1938 329 2073 362 quatinus
2096 329 2233 362 magistro

1706 267 1833 302 Anagni,
1852 268 1884 294 30
1901 268 2064 302 septembre
2085 268 2160 294 1256.

1229 376 1389 409 Rostand0‚
1407 377 1585 403 subdiacono
1603 380 1630 403 et
1651 377 1797 411 capellano
1819 385 1888 408 suo,
1908 380 2042 411 tanquam
2060 378 2233 411 apostolieae

1229 425 1313 451 Sedis
1330 426 1421 458 legato
1438 426 1463 451 in
1483 426 1611 458 partibus
1627 434 1736 459 eorum,
1755 425 1903 452 intendant
1918 425 2062 451 humiliter
2077 430 2105 451 et
2118 425 2232 451 devote.

1228 473 1310 506 (itm.
1330 474 1374 505 34,
1391 474 1409 499 f.
1428 474 1502 505 Qtlssv,
1519 482 1585 501 aun.
1602 473 1639 503 ΙΙ,
1659 482 1684 501 c.
1701 474 1775 501 4150.)

1271 595 1283 608 «
1312 605 1343 617 ..,
1365 582 1581 618 Burdegytzlensi
1597 587 1621 610 cl
1633 583 1788 610 ,harimnu
1804 582 2051 619 arcltiepiscopis‚
2069 588 2094 610 et
2112 583 2234 610 unirer-

1228 636 1269 664 sis
1281 636 1424 672 episi-opis
1435 644 1470 663 ac
1485 635 1652 663 abbelinus,
1665 635 1832 671 prioribus,
1849 634 1980 669 decanis,
1993 635 2232 670 archidiaconis,

1226 689 1389 725 prepositis
1413 692 1438 715 rt
1462 688 1534 715 aliis
1562 688 1759 715 t'r'('lt's[(li·illtt
1781 687 1910 724 prelatis
1937 696 2048 715 necnon
2077 688 2233 724 capitulis,

1230 741 1425 770 concentibus
1444 745 1469 768 el
1486 740 1630 776 collegiis,
1650 748 1683 768 ac
1699 741 1803 768 celcris
1817 740 1955 776 personis*
1972 740 2178 767 ecciesiasticis
2191 748 2235 768 se-

1229 793 1387 822 culm-ibus
1403 798 1427 821 et
1446 793 1650 829 reglularz'hus,
1669 793 1887 828 cujuscumque
1900 792 1961 819 sint
1974 792 2102 826 ordinis,
2122 800 2236 828 exemp-

1232 847 1269 874 tis
1286 850 1311 874 ct
1328 854 1387 873 non
1412 846 1567 881 eoeeiiiplis,
1590 853 1644 881 per
1670 845 1853 872 li'nscoiiiam
1879 844 2063 872 constitutis.
2090 844 2136 872 De
2160 853 2238 881 sup-

1231 897 1354 936 premis
1372 897 1517 926 celorum
1535 896 1573 925 ad
1593 896 1660 925 ima
1683 896 1799 925 mundi
1819 895 2022 925 descendens
2043 895 2238 933 unigenitus

1231 950 1292 980 Dei
1314 950 1414 984 iilius,
1436 953 1472 978 ut
1495 949 1664 978 hominem
1690 948 1727 977 (le
1749 948 1866 986 laqueo
1891 948 2061 978 servitutis
2085 948 2236 986 eriperet,

1232 1004 1266 1033 in
1285 1012 1382 1042 quem
1404 1003 1512 1040 ipsum
1537 1001 1706 1039 suggestio
1730 1001 1911 1039 impegerat
1936 1001 2142 1039 serpentina,
2165 1010 2239 1031 ves-

1232 1060 1297 1086 tem
1309 1060 1419 1085 nostre
1432 1055 1644 1084 mortalitatis
1656 1055 1776 1089 induit,
1788 1054 1901 1084 volens
1912 1054 2036 1093 proprii
2048 1055 2239 1093 aspersione

1232 1109 1408 1146 sanguinis
1433 1108 1588 1138 incendia
1611 1107 1761 1146 perpetui
1787 1108 1954 1137 cruciatus
1974 1107 2177 1145 extinguere,
2203 1116 2239 1137 ac

1233 1171 1310 1192 suos
1335 1166 1449 1191 eterna
1476 1164 1579 1190 morte
1608 1169 1779 1199 possessos
1804 1160 1871 1190 vite
1898 1160 2088 1199 perempnis
2112 1160 2239 1190 efficere

1232 1223 1440 1254 possessores
1460 1224 1465 1242 ε
1489 1214 1546 1252 qui
1572 1214 1747 1243 commisse
1769 1213 1835 1243 sibi
1859 1213 2036 1251 legationis
2053 1213 2087 1242 in
2106 1213 2240 1251 regione

1233 1268 1442 1307 peccantium
1460 1276 1616 1297 exercens
1639 1267 1794 1299 officium,
1817 1266 1852 1295 in
1868 1266 2064 1296 universum
2080 1266 2241 1295 mundum

1234 1321 1430 1359 discipulos,
1463 1329 1545 1358 quos
1576 1319 1735 1357 elegerat,
1768 1319 1949 1349 destinavit
1975 1323 2125 1349 creature
2151 1319 2242 1348 omni

1236 1373 1445 1411 evangelium
1472 1372 1655 1410 predicare,
1682 1371 1845 1401 vicarium
1873 1380 1971 1401 suum
1996 1371 2179 1406 instruens,
2207 1375 2242 1401 ut

1235 1428 1306 1467 ejus
1323 1426 1470 1464 exemplo
1488 1434 1739 1464 nonnumquam
1756 1425 1838 1454 alios
1855 1425 1891 1454 in
1908 1429 2033 1463 partem
2049 1424 2242 1454 sollicitudi-

1235 1481 1287 1510 nis
1304 1480 1488 1513 advocaret,
1506 1478 1561 1507 uhi
1579 1478 1678 1507 officii
1695 1477 1747 1507 sui
1764 1477 1912 1507 debitum
1929 1476 2108 1515 corporalis
2124 1477 2243 1507 absen-

1235 1534 1282 1562 ‘tia
1298 1532 1425 1562 solvere
1441 1531 1641 1569 prohiberet.
1662 1531 1753 1560 Licet
1777 1530 1866 1560 enim
1890 1530 1933 1559 sit
1957 1529 2052 1559 nohis
2071 1529 2243 1568 potestatis

1234 1585 1405 1625 plenitudo
1419 1584 1607 1619 commissa,
1624 1584 1707 1613 fines
1724 1587 1833 1612 tamen
1850 1582 1995 1612 humane
2010 1582 2243 1620 possibilitatis

1235 1638 1391 1669 excedere
1417 1646 1482 1666 non
1506 1636 1666 1671 valemus,
1688 1639 1724 1665 ut
1741 1636 1818 1665 dum
1837 1635 1871 1664 in
1894 1640 1985 1673 parte
2009 1644 2075 1664 una
2100 1635 2244 1664 officium

1236 1699 1426 1722 exercemus
1440 1690 1638 1728 injunctum,
1655 1688 1738 1718 illud
1751 1688 1831 1717 alibi
1844 1687 2090 1726 presentialiter
2103 1696 2246 1725 exequa-

1235 1755 1320 1780 mur,
1339 1744 1417 1783 quia
1434 1743 1484 1773 lex
1504 1742 1705 1772 conditionis
1731 1742 1876 1771 humane
1899 1750 1964 1771 non
1987 1741 2147 1779 permittit
2170 1750 2244 1778 per-

1236 1807 1351 1828 sonam
1368 1797 1505 1827 eandem
1523 1795 1679 1825 similiter
1695 1795 1729 1824 in
1746 1795 1888 1824 diversis
1904 1794 2054 1832 partibus
2074 1793 2245 1824 existendo

1235 1851 1394 1882 creditam
1414 1850 1479 1879 sibi
1496 1849 1614 1887 exequi
1631 1852 1838 1886 potestatem,
1862 1856 1921 1877 nec
1939 1847 2039 1877 etiam
2053 1847 2177 1885 patitur
2190 1846 2246 1885 jus

1236 1909 1354 1935 nature
1384 1912 1502 1941 corpus
1530 1911 1633 1932 unum
1664 1901 1778 1931 eodem
1806 1904 1951 1938 tempore
1981 1899 2063 1930 locis
2092 1899 2246 1938 pluribus

1237 1956 1484 1996 comprehendi.
1503 1955 1600 1986 Unde
1622 1963 1696 1984 cum
1716 1963 1794 1983 cura
1816 1953 1962 1991 suscepti
1986 1952 2160 1990 regiminis
2186 1960 2246 1981 nos

1235 2010 1404 2040 universis
1421 2007 1706 2039 Christifidelibus
1723 2006 1903 2035 constituat
1923 2005 2101 2040 debitores,
2124 2014 2164 2035 nc
2189 2005 2247 2033 ab-

1238 2067 1348 2093 sentes
1362 2060 1566 2099 negligentia
1578 2059 1820 2097 relinquamus,
1833 2058 1872 2087 ad
1886 2058 1975 2096 ipsos
1990 2057 2157 2087 interdum
2172 2066 2247 2095 per-

1238 2124 1336 2146 sonas
1354 2114 1500 2153 ydoneas
1513 2112 1689 2150 dirigimus
1705 2111 1775 2140 vice
1793 2114 1915 2146 nostra,
1932 2119 1990 2148 per
2007 2118 2061 2140 eos
2075 2109 2248 2139 residuum

1238 2166 1486 2201 sollicitudinis,
1503 2174 1602 2204 quam
1622 2165 1662 2194 ad
1678 2167 1848 2202 presentes
1865 2162 2085 2201 personaliter
2102 2162 2248 2200 gerimus

1238 2219 1473 2259 dispensando.
1503 2219 1589 2248 Sane
1621 2217 1709 2247 inter
1738 2221 1848 2246 cetera
1877 2215 2113 2246 desiderabilia
2140 2215 2248 2245 cordis

1239 2274 1355 2309 nostri,
1368 2273 1556 2303 animarum
1568 2271 1719 2306 salutem,
1730 2269 1896 2300 libertatis
1907 2268 2132 2299 ecclesiastice
2143 2268 2248 2298 incre-

1238 2332 1387 2358 mentum
1411 2330 1441 2356 et
1460 2334 1574 2364 pacem
1597 2323 1726 2354 cunctis
1750 2323 1904 2353 fidelibus
1925 2321 2051 2353 Christi
2075 2321 2248 2360 potissime

1238 2381 1421 2419 cupientes,
1440 2378 1555 2409 sedula
1567 2377 1744 2416 vigilamus
1762 2376 1907 2411 solertia,
1927 2379 1958 2405 et
1972 2375 2059 2414 quod
2071 2383 2248 2413 possumus

1238 2432 1496 2472 diligentissime
1512 2431 1659 2462 studium
1674 2429 1882 2464 adhibemus,
1902 2432 1937 2458 ut
1952 2427 2080 2466 possint
2096 2426 2248 2457 laudabi-

1237 2487 1314 2517 liter
1338 2485 1500 2517 submotis
1526 2483 1774 2523 impedimentis
1798 2481 2004 2521 quibuslibet
2025 2481 2119 2520 juxta
2143 2479 2249 2509 nostri

1238 2540 1397 2570 desiderii
1415 2538 1658 2578 plenitudinem
1684 2540 1817 2567 auctore
1840 2535 1982 2565 Domino
2006 2532 2192 2572 provenire,
2211 2541 2248 2562 ac

1239 2602 1275 2624 eo
1293 2592 1475 2627 ardentius,
1494 2594 1529 2620 ut
1546 2590 1580 2619 in
1598 2589 1717 2620 vestris
1734 2588 1884 2627 partibus
1909 2587 2096 2617 animarum
2119 2585 2248 2623 profec-

1240 2651 1291 2676 tus
1308 2645 1473 2680 adveniat,
1489 2644 1626 2674 libertas
1639 2642 1785 2673 Ecclesie
1802 2641 1922 2679 vigeat,
1941 2649 1977 2670 ac
1991 2639 2081 2678 pacis
2098 2641 2249 2668 servetur

1239 2699 1477 2739 tranquillitas,
1497 2698 1701 2732 affectamus,
1718 2706 1781 2735 quo
1794 2694 1978 2725 ferventius
1990 2693 2113 2723 honum
2126 2696 2248 2722 statum

1239 2753 1383 2792 partium
1402 2751 1586 2790 appetii‘nus
1602 2749 1804 2780 eorumdem.

1280 2809 1324 2838 Ut
1341 2807 1444 2844 igitur
1460 2806 1530 2844 ipse
1550 2807 1658 2843 partes
1676 2811 1713 2833 eo
1730 2802 1835 2839 magis
1854 2801 1887 2830 in
1905 2800 1965 2830 Dei
1982 2804 2013 2829 et
2031 2798 2176 2829 Ecclesie
2192 2798 2249 2827 de-

1241 2860 1372 2890 votione
1389 2858 1574 2898 proficiant,
1593 2866 1657 2895 quo
1674 2854 1852 2894 specialius
1875 2862 1932 2891 per
1951 2852 2068 2882 Sedem
2093 2849 2250 2889 apostoli-
