2498 3325
270 254 327 282 :3:34
998 254 1238 285 REGISTRES
1260 251 1567 282 D’ALEXANDRE
1590 253 1646 283 IV.

344 321 362 347 Ι
374 321 392 347 Ι
403 321 457 347 15
849 321 961 355 liutran,
979 322 994 348 5
1010 321 1113 348 sevrier
1133 320 1208 347 1‘256.

306 381 436 415 Capitulo
453 380 655 416 Hei-bipolensi
677 382 820 412 significat
842 383 938 417 Iringo
959 391 1058 409 eorum
1079 383 1278 417 episcopatum

270 429 442 462 adjudicari,
463 438 515 455 non
534 430 665 455 obstante
682 430 799 457 Heni-ici
818 431 859 462 ll,
878 432 960 458 electi
983 430 1143 465 Spirensis,
1161 431 1279 465 opposi-

272 478 358 505 tione.
380 478 430 512 [Cf.
447 486 541 512 supra,
563 486 592 503 no
611 479 744 513 1093]
765 479 847 511 (nizo.
862 479 905 506 2³4.
923 480 939 505 Γ.
957 480 1027 512 137v‚
1044 488 1109 505 ann.
1129 479 1167 512 ΙΙ,
1183 488 1209 506 c.
1225 480 1280 514 97.)

314 599 325 611 ι(
351 587 489 624 Capitale
511 588 729 625 Ilm-bipolensi.
754 588 830 617 Orta
849 587 926 617 olim
949 588 1036 617 inter
1057 588 1281 618 venerabilem

273 640 407 668 fratrem
427 643 576 668 nostruin
595 639 762 676 Iringum,
782 640 1055 678 ilfa-bipolensem
1073 641 1278 679 episcopum,

272 696 303 721 et
323 691 478 721 dilectum
496 692 601 721 filiunt
621 693 816 723 llenrirum.
835 693 975 723 electum
994 693 1196 731 Spirenseni,
1216 698 1280 723 tam

273 754 371 782 super
399 744 588 782 episcopatu
615 745 848 783 Ile1·bipol·=nsi
872 755 971 784 quam
997 755 1095 784 super
1117 746 1280 784 dampnis,

273 797 406 835 injuriis
426 802 455 826 et
472 797 570 826 rebus
587 797 663 827 aliis
680 808 788 828 coram
806 799 989 829 venerabili
1005 799 1101 828 fratri
1119 803 1230 829 nostro
1248 823 1280 834 ..,

273 850 644 888 episcopoPri-nestino,
657 851 806 888 partibus
819 851 941 881 anobis
953 852 1101 881 auditore
1113 861 1280 887 concesso,

274 903 412 932 materia
429 903 624 941 1‘1ttestit‘11'iis,
643 904 773 933 tandem
789 914 858 939 nos,
878 905 1046 935 intellecto
1063 905 1148 943 quod
1163 905 1284 935 Herbi-

274 955 419 993 polcnsis
439 955 576 985 ccclesia
595 957 766 987 occasione
784 957 974 996 hujusmodi
992 958 1155 988 discordie
1175 958 1283 988 multi-

274 1008 405 1046 pliciter
427 1008 461 1037 in
485 1009 716 1046 spiritualibus
737 1014 765 1039 et
791 1011 1026 1049 temporalibus
1047 1011 1224 1045 laberetur,
1247 1020 1285 1041 ac

274 1062 429 1091 timentes
443 1070 514 1090 eain
532 1062 571 1090 ad
586 1063 824 1093 exinanitionis
839 1068 982 1093 extreme
997 1064 1195 1102 profundum
1210 1065 1285 1094 diu-

275 1114 433 1143 turnitate
448 1114 549 1151 litigii
566 1115 732 1145 devenire.
753 1116 882 1146 dilectis
900 1116 979 1146 tiliis
995 1117 1119 1147 nostris
1136 1118 1176 1147 II.
1195 1117 1285 1147 tituli

275 1171 387 1197 sancte
407 1167 528 1197 Sabine
546 1169 740 1205 presbitero,
759 1171 798 1199 R.
817 1170 922 1199 sancti
941 1170 1059 1207 Angeli
1077 1175 1107 1200 et
1124 1172 1159 1200 P.
1179 1171 1285 1200 sancti

274 1220 408 1257 Georgii
430 1220 468 1249 ad
491 1220 610 1250 Velum
631 1222 777 1251 Aureum
799 1223 947 1252 diaconis
969 1223 1194 1252 cardinalibus
1210 1224 1286 1253 viva

274 1281 352 1302 voce
374 1273 563 1302 summatim
583 1273 759 1303 ordinandi
782 1279 813 1304 et
835 1275 1033 1313 disponendi
1053 1275 1091 1305 de
1111 1277 1286 1314 questione

274 1325 465 1364 hujusmodi
487 1334 614 1355 necnon
634 1326 803 1364 dampnis,
822 1328 993 1366 expensis.
1012 1328 1146 1367 injuriis
1163 1338 1199 1359 ac
1215 1338 1286 1359 om-

275 1377 374 1407 nibus
391 1377 466 1408 aliis
485 1379 693 1416 questionem
716 1379 853 1409 eandem
878 1381 1149 1418 contingentibus
1170 1386 1199 1411 et
1223 1392 1285 1421 que

274 1431 441 1467 contigere
462 1435 595 1469 possent
615 1431 746 1469 plenam
762 1432 964 1463 contulimus
980 1437 1188 1472 potestatem.
1209 1435 1284 1471 Qui,

275 1483 368 1519 visis,
388 1484 511 1513 auditis
528 1488 558 1513 et
574 1484 754 1515 intellectis
773 1495 835 1524 que
854 1490 919 1515 tam
935 1486 1023 1516 idem
1040 1487 1212 1526 episcopus
1229 1497 1286 1526 pro

276 1546 310 1566 se
338 1546 436 1575 quam
463 1537 622 1575 magister
649 1538 808 1568 Ditberus
835 1543 1027 1577 procurator
1054 1539 1160 1578 ipsius
1190 1539 1286 1570 electi

275 1590 346 1628 ejus
369 1590 503 1619 nomine
526 1590 560 1619 in
582 1591 761 1620 eorundem
780 1591 1000 1622 cardinalium
1021 1592 1194 1622 constituti
1213 1602 1287 1631 pre—

277 1643 384 1671 sentia
413 1651 522 1672 coram
553 1643 601 1672 eis
631 1652 812 1681 proponere
842 1644 1028 1679 voluerunt,
1060 1645 1121 1675 Dei
1153 1646 1287 1676 nomine

275 1696 437 1725 invocato.
452 1695 646 1731 ordinando,
663 1697 913 1734 pronunciando
927 1702 957 1727 et
972 1698 1217 1728 sententialiter
1231 1699 1287 1729 de-

276 1749 441 1784 clarando,
460 1748 547 1778 dieto
564 1749 715 1788 episcopo
732 1750 872 1779 eundem
889 1750 1113 1788 episcopatum
1125 1752 1288 1790 Herbipo-

275 1801 402 1831 lensem
430 1802 618 1840 adjudicare
645 1807 820 1834 curarunt.
851 1804 978 1841 prefato
1002 1803 1105 1833 electo
1136 1805 1287 1842 Spirensi

275 1864 374 1892 super
389 1854 461 1892 ipso
476 1855 664 1892 episcopatu
682 1859 877 1893 perpetuum
890 1856 1062 1885 silentium
1078 1857 1287 1895 imponentes

275 1916 311 1937 ac
342 1907 537 1936 mandantes
570 1907 809 1937 nichilominus
843 1908 950 1937 cidem
979 1909 1065 1947 quod
1094 1909 1158 1939 sibi
1189 1919 1288 1948 super

275 1959 388 1989 eodem
412 1959 601 1997 episcopatu
619 1960 745 1989 nullam
761 1961 799 1989 de
816 1966 924 1990 cetero
943 1965 1069 1991 secreto
1086 1962 1137 1991 vel
1155 1962 1287 2000 publice

275 2016 403 2042 moveat
422 2012 471 2041 vel
484 2022 615 2041 movere
631 2013 731 2042 saciat
749 2014 966 2052 questionem.
987 2015 1073 2050 Quin
1088 2015 1188 2045 immo
1204 2016 1287 2046 civi-

274 2069 374 2094 tatem
391 2064 684 2103 Herbipolensem,
703 2070 811 2095 castra
830 2070 860 2095 et
878 2066 975 2096 villas
994 2075 1031 2096 ac
1052 2067 1208 2106 quicquid
1230 2077 1287 2106 per

274 2126 307 2146 se
325 2116 375 2145 vel
390 2116 492 2145 alium
507 2120 595 2145 tenet
610 2117 660 2146 vel
674 2118 831 2155 possidet,
847 2118 934 2156 quod
948 2123 1072 2157 spectet
1089 2120 1128 2149 ad
1144 2121 1287 2150 eundem

273 2169 497 2207 episcopatum
523 2170 795 2208 llerbipolensem
822 2171 885 2209 ipsi
904 2172 1057 2210 episcopo
1076 2173 1127 2202 vel
1152 2174 1286 2204 nunciis

273 2221 344 2251 suis
365 2222 489 2260 absque
506 2222 698 2253 (litiicultate
723 2228 883 2262 quantum
903 2225 937 2254 in
955 2234 991 2254 eo
1008 2226 1109 2255 fuerit
1126 2226 1287 2257 deliberet

272 2279 303 2305 et
322 2275 480 2312 assignet,
502 2284 537 2304 ac
555 2275 702 2305 absolvat
719 2276 757 2306 de
774 2278 859 2307 facto
876 2277 1013 2308 clericos
1031 2283 1060 2308 et
1076 2278 1178 2309 laicos
1197 2280 1286 2318 epis-

272 2331 407 2365 copatus
420 2327 567 2365 ejusdem
581 2327 620 2356 ab
632 2328 920 2367 omnijuramento
931 2334 996 2359 tam
1006 2330 1286 2370 fidelitatisquam

272 2380 337 2409 alio
353 2388 416 2418 que
431 2380 538 2409 dictus
553 2380 677 2410 electus
693 2383 817 2420 recepit
834 2382 873 2412 ab
890 2383 949 2417 eis,
968 2392 986 2413 a
1002 2384 1123 2422 quibus
1137 2385 1201 2422 ipsi
1218 2394 1286 2415 car-

272 2432 400 2462 dinales
432 2441 486 2462 eos
515 2433 730 2463 reddiderunt
760 2435 860 2464 etiam
891 2435 1070 2466 absolutos.
1103 2437 1286 2467 Cassarum

270 2489 421 2523 preterea
437 2485 623 2515 cardinales
642 2487 782 2524 predicti
798 2496 834 2517 ac
852 2496 984 2518 cassum
1000 2493 1029 2518 et
1048 2489 1181 2519 irritum
1198 2499 1284 2520 nun-

272 2539 401 2568 ciarunt
418 2539 577 2577 quicquid
596 2539 683 2568 idem
703 2539 827 2569 electus
844 2544 1012 2579 tamquam
1027 2542 1181 2579 provisus
1198 2542 1284 2573 elec-

270 2596 324 2621 tus
341 2600 399 2621 seu
415 2591 561 2629 prelatus
581 2592 833 2630 Ilei-bipolensis
850 2593 988 2624 ecclesie
1001 2595 1078 2632 egit,
1093 2595 1281 2633 obligando,

270 2644 491 2679 infeudando,
519 2644 668 2680 locando,
695 2645 846 2675 donando
876 2646 927 2676 vel
954 2656 1162 2686 quocumque
1187 2649 1282 2679 modo

271 2697 446 2728 alienando
466 2698 504 2727 de
519 2698 784 2737 quilmscumque
796 2699 893 2729 bonis
908 2700 1116 2738 episcopatus
1130 2702 1280 2739 predicti,

270 2751 485 2781 decernentes
521 2750 712 2790 hujusmodi
745 2752 982 2789 obligationes,
1014 2753 1279 2791 infeudationes,

268 2803 450 2833 locationes
476 2812 534 2833 seu
563 2803 782 2834 alienationes
806 2814 1013 2844 quacumque
1043 2807 1176 2836 nomine
1203 2816 1281 2837 cen-

269 2861 405 2887 seantur
432 2866 543 2885 carere
577 2857 667 2886 omni
704 2857 819 2887 robore
853 2858 1033 2887 firmitatis.
1065 2859 1148 2889 Cum
1177 2860 1281 2897 igitur

269 2909 410 2940 eundem
431 2909 620 2947 episcopum
644 2910 684 2939 ad
707 2910 880 2939 ecclesiam
909 2911 1184 2949 Herbipolensem
1205 2921 1279 2942 cum

1363 318 1570 356 plenitudine
1600 324 1710 348 nostre
1739 319 1844 356 gratie
1869 319 2094 353 remittamus,
2122 318 2376 349 universitatem

1364 376 1505 401 vestram
1524 380 1677 409 rogamus
1694 376 1723 401 et
1741 371 1912 402 hortamur
1929 375 2064 402 attente.
2081 371 2277 401 mandantes
2294 380 2377 410 qua-

1363 424 1465 459 tinus,
1484 424 1592 462 ipsum
1609 433 1683 454 eum
1698 424 1736 454 ad
1752 433 1808 454 vos
1824 424 2009 462 pervenerit
2024 424 2223 462 recipientes
2236 423 2376 462 ylariter

1363 482 1393 507 et
1411 477 1525 506 devote
1542 486 1578 506 ac
1596 477 1659 505 sibi
1677 481 1845 517 tamquam
1859 477 1983 515 pastori
2005 480 2112 506 vestro
2132 476 2277 506 debitam
2297 475 2376 506 obe-

1363 530 1523 559 dientiam
1540 535 1570 560 et
1594 530 1813 560 reverentiam
1830 529 2075 568 impendentes,
2094 529 2165 568 ejus
2185 528 2376 559 salubribus

1365 582 1528 611 mandatis
1545 587 1575 612 et
1592 583 1728 612 monitis
1745 582 1911 612 efficacius
1928 582 2109 612 intendatis
2125 581 2193 611 :ita
2207 581 2291 620 quod
2304 581 2376 620 ipse

1365 636 1398 664 in
1417 635 1508 665 vobis
1525 635 1709 665 devotionis
1727 635 1812 665 tilios
1834 640 1863 665 et
1881 644 1937 665 ros
1955 635 1988 664 in
2007 644 2044 664 eo
2063 638 2188 673 patrem
2205 633 2376 664 invenisse

1365 688 1555 718 benivolum
1578 688 1762 726 gaudeatis.
1781 688 1938 726 Alioquin
1963 687 2163 717 sententiam
2185 695 2284 725 quam
2305 686 2376 725 ipse

1366 742 1427 771 rite
1438 746 1498 771 etr.
1513 750 1617 780 usque
1637 751 1643 770 ε
1663 741 1844 771 observari.
1858 742 1931 770 Dat.
1950 740 2114 770 Laterani.
2131 739 2228 770 nonis
2240 738 2376 770 februa-

1366 794 1419 824 rii.
1441 803 1526 823 anno
1543 794 1699 824 secundo.
1720 808 1732 819 υ

1403 900 1433 926 In
1451 908 1475 927 e.
1494 908 1530 926 m.
1549 900 1625 926 clero
1642 899 1764 925 civitatis
1777 905 1804 925 et
1820 899 1946 926 diocesis
1962 898 2226 934 Hei-bipolensium.

1402 949 1433 975 In
1447 957 1471 975 e.
1491 958 1527 975 m.
1544 949 1664 983 [populo]
1681 948 1805 975 civitatis
1816 952 1843 974 et
1855 948 1982 974 diocesis
1995 947 2249 982 Hei-bipotensinm
2264 955 2376 982 usque:

1368 999 1474 1033 pastori
1493 1001 1588 1023 vestro
1604 997 1728 1023 debitam
1751 996 1944 1023 obedientiam
1959 1001 1988 1022 et
2004 996 2252 1022 honorificentiam
2268 995 2379 1030 impen-

1367 1048 1483 1079 dentes,
1501 1048 1565 1080 ejus
1581 1046 1756 1072 salutaribus
1776 1046 1918 1072 mandatis
1933 1050 1962 1071 et.
1984 1046 2102 1071 monitis
2117 1044 2262 1071 efficacius
2278 1044 2375 1072 inten-

1366 1095 1455 1127 datis,
1474 1096 1511 1121 ita
1526 1095 1602 1129 quod
1618 1096 1678 1129 ipse
1697 1106 1702 1121 ε
1719 1099 1775 1121 etc.
1795 1103 1885 1129 nsque
1905 1105 1909 1120 :
1928 1094 2087 1129 gaudeatis.
2108 1093 2171 1120 Dat.
2191 1098 2220 1120 ut
2235 1101 2336 1127 supra.

1404 1145 1434 1170 ln
1451 1153 1477 1170 e,
1495 1152 1533 1170 m.
1552 1144 1683 1170 vassallis
1701 1148 1729 1169 et
1751 1143 1987 1170 ministerialibus
2004 1143 2127 1169 ecclesie
2145 1141 2378 1177 Hei-bipolensis.

1404 1193 1435 1219 In
1453 1201 1478 1220 e.
1499 1201 1536 1218 m.
1556 1191 1608 1219 W.
1634 1192 1693 1225 regi
1712 1192 1907 1218 Romanorum
1931 1191 2034 1218 illustri
2059 1199 2151 1226 usque
2170 1202 2175 1217 ε
2197 1190 2379 1218 remittamus

1368 1243 1553 1269 serenitatem
1581 1242 1687 1274 regiam
1712 1249 1862 1274 rogamus,
1880 1248 2032 1266 monemus
2049 1244 2078 1266 et
2101 1240 2248 1266 hortamur
2269 1243 2378 1266 attente

1368 1291 1515 1324 quatinus,
1535 1290 1658 1316 eundem
1681 1290 1805 1324 benigne
1822 1290 1979 1324 recipiens,
1995 1289 2021 1316 ei
2044 1293 2127 1323 prout
2145 1292 2317 1316 consuetum
2333 1292 2379 1316 est

1370 1339 1475 1373 regalia
1491 1339 1623 1365 conferas
1635 1343 1662 1364 et
1678 1339 1821 1372 assignes,
1834 1339 1904 1364 alias
1917 1338 2012 1372 ipsum
2025 1341 2170 1372 tamquam
2181 1338 2275 1364 nobile
2287 1345 2379 1364 mem-

1369 1388 1452 1414 brum
1469 1388 1581 1422 imperii
1600 1388 1694 1413 favore
1711 1388 1789 1421 regio
1808 1386 2018 1421 prosequendo,
2036 1387 2074 1412 ita
2084 1386 2161 1420 quod
2176 1386 2377 1413 celsitudinem

1370 1441 1447 1463 tuam
1467 1436 1615 1471 possimus
1629 1436 1732 1462 exinde
1748 1437 1850 1462 merito
1864 1435 2076 1462 commendare.
2094 1434 2159 1461 Dat.
2177 1438 2233 1462 etc.

1406 1485 1437 1512 In
1455 1494 1480 1511 e.
1500 1494 1537 1511 m.
1558 1506 1587 1518 ..,
1605 1485 1700 1511 abbati
1717 1484 1863 1515 Futdeusi,
1880 1484 2100 1518 Herbipolensis
2114 1483 2252 1516 diocesis,
2269 1483 2379 1510 ordinis

1370 1535 1462 1562 sancti
1480 1534 1637 1565 Benedicti,
1656 1542 1747 1568 usque
1762 1545 1766 1559 z
1782 1534 1961 1559 remittamus
1979 1532 2146 1558 discretioni
2162 1535 2210 1558 tue
2228 1539 2277 1566 per
2291 1539 2380 1566 apos-

1371 1584 1455 1610 tolica
1472 1583 1579 1617 scripta
1596 1584 1766 1608 mandamus
1781 1582 1918 1617 quatinus
1937 1581 2059 1608 eundem
2076 1581 2246 1616 episcopum
2267 1581 2295 1607 in
2313 1587 2380 1616 pos·

1371 1632 1532 1658 sessionem
1550 1631 1690 1658 bonorum
1715 1631 1901 1665 episcopatus
1925 1631 2017 1665 ipsius
2033 1629 2154 1656 inducas
2167 1632 2196 1656 et
2213 1629 2320 1656 tuearis
2335 1629 2380 1655 in-

1371 1681 1500 1707 ductum.
1518 1679 1762 1706 contradictores.
1781 1678 1844 1705 Dat.
1862 1683 1918 1707 etc.

1443 1859 1558 1888 111ss

1405 1922 1506 1949 Ort-ico
1519 1921 1738 1948 Scaraberrocio
1751 1920 1889 1954 indulget,
1903 1924 1943 1952 ut,
1956 1920 2165 1946 forisdecanatu
2178 1923 2206 1945 et
2219 1918 2380 1954 praebenda

1370 1972 1396 1998 in
1414 1971 1536 1997 ecclesia
1554 1969 1730 1999 Brivatensi‚
1749 1968 1994 1994 claromontensis
2016 1968 2156 2001 diocesis,
2169 1969 2229 2002 jam
2252 1967 2379 1994 obtentis

1370 2019 1540 2053 resignatis,
1561 2018 1644 2044 aliam
1668 2017 1835 2052 dignitatem
1859 2017 1901 2043 vel
1926 2022 2110 2051 personatum
2131 2024 2182 2042 seu
2205 2016 2328 2043 officium
2349 2016 2377 2043 in

1370 2067 1578 2094 Mediolanensi
1601 2066 1747 2101 provincia
1770 2066 1896 2100 recipere
1921 2066 2023 2097 valeat,
2041 2069 2069 2091 et
2091 2073 2156 2092 cum
2181 2065 2379 2100 praepositura

1369 2116 1400 2143 S.
1418 2115 1531 2142 Nazarii
1547 2116 1574 2141 in
1598 2114 1695 2141 Brolio
1712 2119 1739 2140 et
1762 2114 1923 2149 praebenda
1946 2114 2085 2140 eeclesiae
2107 2111 2329 2139 mediolanensis
2350 2116 2379 2139 et

1368 2165 1432 2191 aliis
1448 2164 1595 2190 beneficiis
1611 2164 1747 2194 retinere,
1766 2171 1820 2188 non
1838 2163 1970 2188 obstante
1988 2161 2248 2188 constitutionibus
2262 2160 2379 2188 concilii

1368 2214 1511 2248 generalis
1535 2216 1564 2238 et
1589 2213 1635 2238 illa
1659 2211 1807 2245 Clelestini
1834 2210 1882 2244 lv]
1915 2219 2013 2246 papae,
2041 2209 2288 2244 praedecessoris.
2308 2212 2379 2236 tuuc

1367 2262 1442 2290 tituli
1461 2263 1489 2288 S.
1509 2261 1597 2288 Marci
1621 2261 1781 2296 presbyteri
1804 2260 1968 2292 cardinalis,
1991 2260 2018 2286 in
2041 2259 2172 2294 partibus
2189 2256 2377 2285 Lombardiae

1367 2310 1541 2345 apostolicae
1554 2309 1637 2336 Sedis
1654 2309 1755 2343 legati,
1772 2312 1872 2336 contra
1894 2308 2058 2334 obtinentes
2080 2308 2160 2342 plura
2179 2306 2378 2333 ecclesiastica

1368 2360 1507 2387 beneficia
1521 2360 1549 2386 in
1568 2368 1622 2385 una
1638 2360 1753 2386 civitate
1771 2359 1813 2384 vel
1830 2357 1930 2384 eodem
1944 2357 2106 2392 plebanatu.
2127 2355 2264 2389 (Rae-24,
2283 2354 2374 2389 f.138‚

1366 2417 1433 2435 ann.
1453 2407 1492 2442 ΙΙ,
1510 2416 1535 2434 c.
1555 2408 1612 2441 98.)

1929 1858 2042 1892 Latran,
2060 1858 2092 1884 25
2108 1858 2212 1884 sevi-iei-
2228 1857 2305 1885 1256.

1407 2523 1420 2537 «
1440 2511 1546 2539 Orrico
1561 2509 1803 2543 Scaraberrocio,
1819 2508 1970 2545 preposito
1985 2507 2103 2535 ecclesie
2118 2505 2227 2535 Sancti
2242 2505 2376 2534 Nazarii

1364 2565 1399 2593 in
1415 2564 1516 2592 Brolio
1531 2562 1780 2594 Mediolanensis,
1803 2562 1959 2599 capellano
1978 2564 2090 2589 nostro.
2108 2557 2302 2588 Devotionis
2319 2561 2374 2588 tue

1364 2616 1501 2654 probata
1520 2632 1567 2643 —.
1593 2615 1664 2644 Dat.
1693 2613 1862 2648 Laterani,
1885 2614 1929 2643 VI
1950 2611 2109 2642 kalendas
2133 2610 2261 2646 martii,
2285 2617 2373 2640 anno

1365 2668 1521 2699 secundo.
1539 2680 1551 2694 n

1437 2855 1456 2881 Ι
1468 2853 1487 2880 Ι
1499 2853 1552 2881 1¹2
1911 2851 2028 2884 Latran,
2046 2850 2075 2876 31
2090 2848 2202 2883 janvier
2222 2848 2299 2876 1256.

1399 2915 1488 2941 Fratri
1505 2914 1642 2947 Guidoni,
1659 2914 1753 2940 abbati
1770 2914 1804 2939 de
1820 2912 2010 2943 Etcemosina,
2028 2910 2230 2938 cisterciensis
2248 2909 2368 2942 ordinis,
