2498 3325
992 212 1227 257 ,PREMIERE
1249 213 1408 250 ANNEE.
2196 228 2250 258 175

158 283 313 314 omnibus
329 287 360 313 et
379 283 520 320 singulis
541 284 582 313 ad
600 284 829 322 probationem
847 289 877 314 et
898 285 946 314 rei
966 284 1166 314 evidentiam

159 336 256 374 plena
272 335 364 365 fides.
387 335 481 365 Nulli
504 340 562 366 etc.
588 341 699 367 nostre
721 338 983 375 approbationis,
1005 338 1166 368 constitu-

158 389 260 418 tionis
277 392 308 418 et
322 388 468 426 precepti
485 392 546 418 etc.
564 390 638 418 Dat.
656 389 823 427 Anagnia,
846 390 913 419 XII
928 390 1087 420 kalendas
1106 399 1165 419 au-

159 441 256 479 gusti,
276 449 362 470 anno
377 441 495 479 primo.
517 453 530 467 »

227 631 315 660 563

192 693 336 728 Episcopo
359 693 498 720 Meldensi
521 693 648 720 notificat
670 693 914 720 confirmationem
940 694 1112 728 praedictam
1136 698 1164 721 et

157 741 281 773 mandat,
294 750 329 767 ne
342 742 486 776 permittat
503 745 533 768 ut
548 741 712 769 ottobonus
724 750 748 769 s.
762 742 899 769 Hadriani
916 743 1055 769 diaconus
1070 743 1162 769 cardi-

157 791 229 817 nalis
251 793 279 816 et
303 790 319 815 ii
342 791 391 824 qui
414 791 461 816 isti
484 791 512 816 in
537 790 769 817 archidiaconatu
793 791 929 817 Remensi
953 792 1160 824 successerint,

155 842 254 865 contra
274 839 415 873 praefatae
436 838 663 865 confirmationis
682 843 810 865 tenorem
827 839 861 865 ab
877 839 1021 873 aliquibus
1037 839 1162 866 indebite

157 888 354 914 molestentur.
372 887 456 920 (Res,
473 887 524 920 24,
541 895 567 913 c.
584 887 656 919 4642,
675 888 694 915 f.
711 888 761 919 69;
781 887 926 915 Porrfflsr
945 888 1049 922 15939.)

712 631 838 665 Anagni,
855 632 886 658 21
902 632 996 666 juillet
1013 632 1090 659 1255.

197 1000 210 1014 α
235 1011 267 1022 ..,
292 989 425 1026 episcopo
447 989 600 1017 Meldensi.
624 988 708 1019 Cum
732 988 810 1018 olim
836 997 934 1027 super
958 1007 1006 1017 —.
1029 990 1100 1018 Dat.
1127 994 1163 1019 ut

154 1050 264 1080 supra.
285 1053 297 1067 n

225 1224 314 1252 564
711 1225 835 1259 Anagni,
852 1225 883 1251 at
900 1225 993 1260 juillet
1013 1225 1089 1252 1255.

191 1287 290 1313 Eidem
308 1287 431 1318 mandat,
449 1296 482 1313 ne
498 1287 532 1313 de
548 1286 594 1313 CC
608 1287 688 1314 libris
703 1288 905 1322 parisiensium
923 1289 950 1314 in
967 1289 1105 1323 setelagio
1121 1289 1162 1315 ci-

156 1336 251 1362 vitatis
268 1336 423 1363 Romensis
439 1336 472 1362 ab
489 1336 691 1363 archidiacono
713 1337 905 1372 percipiendis
927 1337 994 1363 nihil
1016 1338 1160 1364 molestari

156 1386 310 1420 permittat.
329 1385 411 1417 (Rae.
428 1385 471 1419 ⁵24,
488 1393 514 1412 c.
532 1385 604 1418 464³,
622 1385 641 1411 f.
657 1386 712 1418 09.)

196 1499 208 1513 «
227 1487 342 1515 Eidem.
361 1486 451 1515 Licet
468 1486 501 1515 in
519 1486 584 1515 alia
597 1486 804 1516 ordinat-ione
817 1495 880 1525 que
897 1496 995 1525 super
1007 1488 1161 1526 jurisdic-

152 1539 243 1568 tione
267 1548 304 1568 ac
322 1538 456 1578 juribus
481 1538 707 1568 archidiaconi
730 1539 907 1569 Remensis
928 1539 1051 1569 dudum
1075 1541 1161 1578 apud

154 1591 271 1621 Sedcm
289 1591 500 1629 apostolicam
517 1591 626 1621 felicis
642 1591 882 1621 recordationis
900 1593 926 1622 I.
944 1601 1027 1630 papa
1045 1593 1160 1631 prede-

152 1653 281 1674 cessore
302 1648 413 1673 nostro
429 1644 560 1673 vivente
576 1644 698 1673 factam
721 1653 793 1674 esse
809 1644 1003 1680 dinoscitur,
1026 1646 1159 1675 ordina-

823 1697 1070 1736 archiepiscopo
1093 1700 1159 1728 Re-

152 1750 259 1780 mensi
282 1759 340 1788 pro
358 1750 443 1780 bono
465 1750 555 1788 pacis
576 1750 821 1784 consentiente,
846 1754 882 1779 ut
904 1750 1158 1781 archidiaconus

153 1803 210 1842 qui
233 1811 320 1832 nunc
344 1806 392 1832 est
420 1807 449 1832 ct
472 1803 529 1841 qui
549 1812 607 1841 pro
629 1807 773 1841 tempore
792 1803 893 1832 suerit
915 1803 1033 1833 altaria
1052 1804 1159 1842 primo

153 1860 307 1886 vacatura
330 1856 364 1884 in
387 1855 546 1885 Remensi
567 1855 690 1885 diocesi
714 1855 754 1884 ad
776 1855 985 1885 collationem
1008 1856 1087 1886 dicti
1107 1866 1160 1886 ar-

153 1909 355 1947 chiepiscopi
372 1918 459 1938 nunc
471 1909 665 1947 spectantia,
682 1913 728 1938 tot
742 1909 895 1939 videlicet
909 1910 996 1948 quod
1012 1910 1159 1948 ipsorum

153 1963 301 1993 redditus
318 1963 476 1992 ducentas
492 1962 595 1992 libras
610 1963 813 2000 parisienses
829 1962 960 1992 valeant
974 1964 1157 1993 annuatim.

154 2017 188 2046 in
214 2021 409 2054 perpetuum
433 2016 553 2045 habeat
579 2019 609 2045 et
635 2020 814 2054 proventus
842 2025 971 2054 semper
1000 2017 1160 2055 percipiat

154 2069 345 2101 eorundem,
364 2068 603 2098 nichilominus
618 2072 727 2098 tamen
743 2069 950 2106 postmodum
967 2078 1066 2107 super
1077 2070 1160 2099 ordi-

156 2126 270 2151 natum
294 2121 416 2156 extitit,
442 2121 526 2160 quod
550 2121 740 2160 hujusmodi
760 2121 977 2151 ducentarum
999 2121 1161 2152 librarum

154 2174 392 2213 parisiensium
415 2174 564 2203 redditus
589 2174 843 2204 archidiaconus
865 2174 921 2213 qui
946 2183 1033 2204 nunc
1057 2179 1105 2205 est
1131 2179 1162 2205 et

155 2227 212 2266 qui
230 2236 286 2265 pro
303 2231 447 2264 tempore
464 2226 565 2256 fuerit
582 2232 646 2257 tam
667 2227 724 2256 diu
745 2227 779 2255 in
796 2226 955 2265 setelagio
972 2227 1057 2266 quod
1074 2227 1161 2257 idem

155 2279 423 2318 archiepiscopus
446 2279 481 2307 in
505 2279 637 2309 civitate
666 2279 824 2309 Remensi
846 2279 973 2309 obtinet
995 2280 1029 2309 in
1056 2280 1162 2310 infra-

154 2332 286 2370 scriptis
303 2332 466 2361 terminis.
485 2331 638 2361 videlicet
653 2331 688 2360 in
706 2332 789 2361 festo
806 2332 910 2361 sancti
929 2332 1073 2370 Remigii
1089 2342 1162 2362 cen-

153 2390 241 2420 tum,
259 2389 288 2415 et
306 2385 341 2413 in
364 2385 448 2413 sesto
467 2384 736 2414 Resurrectionis
757 2384 921 2414 dominice
943 2385 1161 2424 subsequenti

154 2437 236 2467 alias
262 2441 393 2467 centum
415 2437 517 2467 libras
540 2437 777 2475 parisiensium
798 2438 958 2475 percipiat
975 2439 1159 2474 annuatim,

154 2500 326 2530 quousque
349 2490 466 2520 altaria
485 2490 631 2528 predicta
647 2491 835 2520 vacaverint
855 2495 885 2520 et
907 2491 1161 2521 archidiaconus

154 2544 286 2573 illorum
309 2543 462 2573 habuerit
483 2543 728 2581 possessionem
750 2543 920 2581 pacificam
944 2548 975 2573 et
1002 2545 1160 2583 quietam.

156 2597 350 2627 Ordinatuni
365 2597 501 2634 insuper
514 2596 589 2627 fuit.
604 2600 639 2625 ut
651 2596 773 2625 dictum
789 2596 984 2634 setelagium
1002 2601 1032 2626 et
1047 2597 1163 2627 collec-

156 2654 241 2679 tores
257 2649 363 2687 ipsius
381 2648 605 2678 archidiaconi
629 2649 686 2687 qui
710 2658 795 2678 nunc
813 2653 862 2679 est
879 2653 909 2678 et
928 2650 985 2687 qui
1005 2659 1063 2687 pro
1080 2654 1163 2680 tem-

153 1702 222 1727 tum
242 1697 295 1731 sit,
319 1697 503 1727 venerabili
519 1697 615 1726 fratri
634 1701 746 1727 nostro
767 1721 799 1732 ..,

155 2712 231 2740 porc
251 2702 374 2731 suerint
391 2711 448 2740 pro
465 2702 625 2740 premisso
642 2711 752 2731 annuo
768 2702 984 2731 ducentarum
1001 2702 1162 2733 librarum

155 2754 284 2785 redditu
308 2758 463 2783 maneant
485 2754 640 2791 obligata.
662 2755 707 2783 Ita
734 2758 843 2783 tamen
867 2755 953 2793 quod
976 2755 1004 2784 si
1029 2755 1163 2794 aliquod

155 2806 206 2837 vel
225 2806 335 2845 aliqua
352 2806 390 2836 de
409 2806 565 2844 predictis
582 2806 743 2836 altaribus
758 2806 891 2837 interim
908 2816 1025 2837 vacare
1040 2812 1070 2837 et
1088 2808 1162 2837 illo—

156 2869 229 2889 rum
249 2859 490 2898 possessionem
506 2859 646 2889 eundem
663 2859 934 2889 archidiaconum
951 2859 1072 2890 habere
1089 2869 1162 2890 con-

1251 285 1376 322 tigerit,
1409 291 1536 317 tantum
1561 289 1599 318 de
1627 298 1755 319 summa
1783 290 2004 328 predictarum
2034 293 2250 323 ducentarum

1247 336 1407 367 librarum
1428 339 1715 377 percipiendarum
1743 342 1781 371 ab
1803 343 2035 374 archidiacono
2058 346 2155 376 annis
2180 347 2250 376 sin-

1249 389 1334 425 gulis
1353 390 1386 418 in
1404 392 1595 429 prescriptis
1613 394 1764 423 terminis
1781 394 1815 422 in
1830 400 2008 425 memorato
2025 397 2182 435 setelagio
2198 399 2250 429 de-

1248 441 1396 477 ducatur,
1423 448 1584 481 quantum
1607 446 1779 475 annuatim
1806 447 1914 477 valere
1938 450 2123 479 constiterit
2147 451 2249 482 altare

1247 493 1298 521 vel
1316 493 1432 524 altaria
1449 504 1589 533 quorum
1600 498 1845 534 possessionem
1859 500 2129 531 archidiaconum
2140 504 2249 541 ipsum

1247 545 1422 583 contigerit
1444 547 1605 578 obtinere.
1629 550 1806 580 Extiniatio
1826 561 1902 581 vero
1924 553 2111 583 reddituum
2132 556 2249 595 huJ'us-

1247 597 1334 626 modi
1351 598 1505 629 altarium
1525 601 1580 630 fiat
1599 611 1656 638 per
1671 611 1773 631 unum
1798 603 1836 632 de
1852 604 2048 635 officialibus
2067 608 2249 647 archiepis-

1247 650 1318 686 copi
1331 654 1359 679 et
1372 660 1429 688 per
1486 653 1659 683 officialem
1669 654 1906 691 archidiaconi,
1918 666 1952 686 ac
1963 666 2019 694 per
2030 660 2247 695 guardianum

1245 701 1386 730 fratrum
1400 703 1566 733 Minorum
1580 706 1809 742 Remcnsium,
1821 708 1877 745 qui
1887 717 1943 745 pro
1954 713 2097 747 tznnpore
2112 712 2246 748 fuerint,

1246 757 1281 781 ut
1303 753 1337 782 in
1360 755 1568 786 ordinatione
1590 757 1655 786 alia
1677 758 1769 795 prius
1790 759 1876 788 sacta
1896 760 2026 797 plenius
2050 764 2247 794 continetur.

1245 806 1398 836 Presatus
1413 811 1522 837 autern
1538 809 1751 846 predecessor
1767 812 1945 841 eorundem
1962 814 2201 854 archiepiscopi
2220 822 2250 847 et

1245 857 1471 888 archidiaconi
1488 861 1785 898 supplicationibus
1807 863 2003 900 inclinatus,
2024 867 2249 900 ordinationes

1244 908 1434 947 hujusmodi
1451 921 1533 950 quas
1556 913 1696 944 advertit
1717 919 1748 944 et
1764 915 1928 945 intellexit
1944 917 2121 955 diligenter
2140 926 2249 959 gratas

1245 965 1276 991 et
1302 967 1391 992 ratas
1418 963 1559 1000 habens,
1589 966 1678 1003 ipsas
1706 969 1901 999 auctoritate
1928 971 2106 1008 apostolica
2135 975 2250 1004 confir-

1244 1015 1361 1047 mavit,
1380 1016 1561 1047 decernens
1576 1022 1607 1048 et
1622 1020 1809 1057 precipiens
1826 1021 1939 1051 eadem
1953 1024 2147 1055 auctoritate
2164 1027 2251 1064 quod

1244 1067 1329 1097 dicte
1355 1068 1581 1100 ordinationes
1602 1071 1642 1100 ab
1662 1072 1744 1109 ipsis
1768 1073 2015 1112 archiepiscopo
2034 1081 2064 1105 et
2085 1077 2251 1108 archidia-

1244 1129 1325 1149 cono
1338 1125 1366 1150 et
1380 1130 1493 1151 eorum
1508 1125 1756 1154 successoribus
1770 1125 2009 1157 inviolabiliter
2021 1129 2247 1167 observentur,

1244 1182 1326 1211 quas
1344 1173 1526 1212 siquidem,
1545 1184 1610 1205 non
1627 1176 1777 1207 obstante
1795 1178 1881 1216 quod
1900 1179 1967 1209 hiis
1987 1190 2168 1213 consensus
2186 1185 2250 1214 Re-

1244 1226 1369 1255 mensis
1390 1227 1526 1265 capituli
1548 1237 1612 1257 non
1634 1233 1683 1259 est
1705 1229 1854 1265 habitus,
1882 1231 2003 1263 habere
2023 1235 2123 1264 robur
2147 1237 2251 1267 voluit

1243 1278 1427 1315 firmitatis;
1460 1281 1617 1319 supplens
1649 1281 1839 1321 hujusmodi
1869 1284 2034 1315 desectum
2068 1297 2249 1320 consensus

1244 1331 1391 1370 ejusdem
1413 1333 1548 1370 capituli
1566 1334 1604 1364 de
1621 1334 1827 1372 plenitudine
1844 1339 2027 1374 praestruis.
2046 1341 2123 1370 Ideo
2139 1345 2249 1372 autem

1243 1384 1486 1415 ordinationem
1506 1386 1697 1425 hujusmodi
1717 1388 1755 1418 de
1779 1390 1952 1427 premissis
1977 1392 2127 1423 ducentis
2151 1394 2247 1425 libris

1241 1438 1464 1476 percipiendis
1487 1439 1523 1468 in
1544 1441 1671 1477 prefato
1694 1441 1852 1480 setelagio
1871 1443 1909 1473 de
1932 1445 2031 1475 verbo
2050 1446 2090 1475 ad
2111 1447 2248 1477 verbum

1242 1490 1392 1520 seriatim
1403 1491 1473 1521 suis
1484 1491 1606 1522 litteris
1620 1494 1785 1524 conscribi
1799 1499 1829 1525 et
1843 1496 1993 1526 adnotari
2005 1499 2045 1527 ad
2056 1504 2247 1538 perpetuam

1242 1544 1436 1574 memoriam
1457 1545 1546 1575 idem
1565 1547 1778 1584 predecessor
1800 1549 1893 1584 fecit,
1917 1554 1953 1579 ut
1972 1560 2031 1588 per
2050 1551 2150 1582 taleni
2170 1562 2248 1583 con-

1242 1596 1456 1634 scriptionem
1475 1603 1506 1628 et
1526 1600 1773 1630 annotationem
1790 1610 1850 1631 sua
1866 1602 1955 1632 bulla
1971 1604 2134 1634 munitam
2151 1605 2249 1643 plena

1242 1649 1322 1679 fides
1345 1654 1375 1680 et
1396 1651 1557 1681 certitudo
1581 1652 1620 1682 de
1641 1652 1711 1690 ipsa
1735 1654 1944 1685 ordinatione
1966 1655 2090 1695 absque
2110 1657 2248 1689 alterius

1242 1702 1404 1739 scripture
1419 1703 1469 1733 vel
1480 1704 1695 1735 instrumenti
1710 1707 1923 1737 amminiculo
1936 1717 1993 1738 seu
2005 1710 2198 1747 probatione
2213 1711 2248 1740 in

1241 1758 1437 1792 perpetuum
1453 1755 1626 1787 habeatur.
1645 1758 1712 1788 Nos
1722 1759 2066 1797 igitur-premissaete.
2077 1772 2183 1802 usque
2195 1773 2201 1792 z
2215 1787 2247 1799 ..,

1242 1807 1444 1837 cardinalem
1468 1812 1498 1838 et
1517 1818 1572 1839 eos
1593 1810 1650 1848 qui
1667 1811 1732 1839 sibi
1748 1811 1782 1840 in
1800 1811 2071 1844 archidiaconatu
2091 1816 2249 1846 Remensi

1242 1861 1465 1890 successerint
1479 1870 1545 1891 non
1561 1863 1733 1900 permittas
1751 1872 1849 1902 super
1862 1865 1928 1895 hiis
1945 1870 2059 1896 contra
2075 1868 2250 1898 confirma-

1241 1912 1354 1947 tionis,
1373 1913 1622 1945 constitutionis
1639 1919 1669 1945 et
1685 1917 1831 1955 precepti
1846 1918 2069 1955 predictorum
2086 1929 2122 1950 ac
2140 1926 2250 1952 nostre

1242 1965 1489 2002 approbationis
1507 1970 1654 1997 tenorem
1669 1968 1709 1997 ab
1725 1968 1895 2008 aliquibus
1906 1970 2053 2001 indebite
2069 1973 2249 2003 molestari.

1243 2017 1471 2049 Molestatores
1486 2023 1546 2049 etc.
1564 2020 1639 2050 Non
1651 2020 1801 2051 obstante
1819 2022 1847 2051 si
1860 2022 1928 2061 jam
1943 2023 2050 2054 dictus
2067 2025 2250 2064 archiepis-

1243 2079 1343 2108 copus
1360 2071 1411 2101 vel
1427 2072 1531 2110 aliqui
1548 2073 1606 2102 alii
1623 2083 1660 2103 ex
1675 2074 1804 2104 indulto
1826 2076 2004 2113 apostolico
2027 2080 2251 2109 excommuni-

1243 2123 1311 2153 cari
1325 2128 1380 2153 aut
1394 2125 1548 2156 interdici
1564 2132 1731 2165 nequeant
1745 2128 1797 2157 vel
1810 2130 1979 2167 suspendi.
1996 2131 2069 2160 Dat.
2084 2132 2247 2170 Anagnie,

1242 2177 1308 2206 XII
1323 2176 1482 2208 kalendas
1499 2180 1643 2216 augusti,
1661 2189 1748 2210 anno
1764 2181 1881 2219 primo.
1903 2194 1916 2208 ))

1314 2343 1404 2370 565

1281 2404 1386 2430 Abbati
1400 2406 1599 2433 monasteriis.
1613 2407 1770 2441 Theon-idi,
1785 2408 1947 2436 Anitiensis
1963 2410 2098 2443 diocesis,
2110 2411 2250 2446 indulget,

1247 2458 1276 2479 ut
1297 2453 1541 2488 dispensationem
1564 2457 1765 2483 nonnullorum
1785 2461 1958 2485 statutorum
1979 2459 2124 2493 gravium,
2142 2469 2157 2487 a
2179 2461 2250 2488 Gre-

1245 2502 1325 2535 gorio
1342 2501 1399 2533 IX,
1418 2503 1519 2537 legatis
1535 2507 1590 2530 etc.
1608 2504 1767 2532 additorum
1780 2528 1786 2539 ,
1803 2507 1925 2541 accipiat
1944 2516 1959 2534 a
1976 2509 2069 2543 priore
2087 2510 2251 2536 monasterii

1245 2551 1290 2576 sui
1305 2559 1484 2578 concessam.
1502 2552 1585 2585 (Rae.
1603 2553 1646 2584 ⁵24,
1664 2562 1688 2580 c.
1708 2555 1769 2589 405,
1788 2555 1806 2581 f.
1824 2556 1893 2589 ssssv.)

1823 2345 1940 2380 Naples,
1961 2347 1991 2374 13
2009 2355 2084 2374 mars
2102 2348 2178 2376 1255.

1288 2664 1300 2677 <t
1330 2675 1362 2687 ..,
1389 2653 1489 2682 abbati
1513 2657 1694 2684 monasterii
1712 2658 1812 2686 sancti
1836 2658 1992 2694 Tltcofretlt'
2011 2660 2130 2689 ordinis
2153 2663 2253 2690 sancti

1246 2705 1412 2740 Benedicti,
1430 2707 1603 2737 Anio-tensis
1619 2708 1759 2743 diocesis,
1785 2711 1941 2747 capellano
1964 2717 2076 2741 nostro.
2099 2713 2144 2742 Ex
2160 2718 2252 2751 parte

1246 2760 1301 2786 tua
1323 2757 1387 2786 fuit
1409 2758 1504 2788 nobis
1526 2759 1699 2791 humiliter
1717 2763 1948 2801 supplicatum,
1966 2769 2016 2800 ut,
2041 2774 2114 2795 cum
2140 2766 2253 2795 obser-

1247 2809 1358 2839 vantia
1374 2810 1422 2839 tui
1445 2811 1572 2842 ordinis
1589 2813 1628 2841 ab
1649 2814 1721 2851 ipsa
1737 2815 1789 2844 sui
1811 2815 2021 2847 institutione
2038 2822 2098 2847 etc.
2121 2827 2225 2856 usque
2244 2828 2250 2847 ε

1246 2861 1437 2900 fuerintque
1448 2865 1656 2901 postmodum
1670 2870 1736 2896 tam
1751 2876 1809 2905 per
1827 2868 1936 2898 felicis
1956 2869 2194 2900 recordationis
2212 2871 2250 2901 G.
