2441 3330
1004 186 1228 223 PREMIERE
1250 188 1409 226 ANNEE.
2200 203 2250 233 131

156 258 239 288 bilia
251 257 514 288 conversationis
532 262 563 287 et
580 257 646 287 vite
661 257 771 287 studia
787 261 817 286 te
832 257 969 295 dignum
985 257 1168 287 reddidisse

158 311 291 346 diceris,
306 314 342 340 ut
359 310 399 340 ab
417 309 596 348 apostolica
611 309 694 340 Sede
709 309 824 339 adesse
836 309 1051 338 benemeritis
1068 309 1171 338 delec-

159 367 228 393 tare
244 363 391 392 favorem
412 366 443 392 et
461 362 601 400 gratiam
624 362 851 400 consequaris.
876 362 962 391 Sane
984 361 1099 398 petitio
1116 365 1173 390 tua

159 415 256 445 nobis
272 415 420 445 exhibita
436 415 635 450 continebat,
654 414 740 453 quod
754 418 875 444 statuta
892 414 1110 452 quarumdam
1123 422 1171 443 ec-

159 467 337 498 clesiarum
350 467 385 496 in
402 467 523 506 quibus
538 467 756 497 beneficiatus
779 467 894 496 existis
915 466 1091 504 aliquoties
1106 475 1171 495 non

160 520 317 555 servasti,
341 519 418 550 licet
435 519 475 549 ad
497 528 535 549 ea
555 520 717 550 servanda
735 519 891 549 astrictus
914 519 1019 548 fueris
1040 518 1171 556 proprio

157 572 359 611 juramento.
377 573 503 602 Verum
517 581 592 602 cum
611 572 650 602 ab
672 572 864 611 hujusmodi
881 571 1027 610 perjurio
1048 580 1105 609 per
1121 571 1171 600 di-

161 623 284 654 lectum
310 624 417 654 filium
443 629 594 654 nostrum
620 626 662 654 H.
687 624 776 654 tituli
797 628 909 654 sancte
932 624 1053 654 Sabine
1078 633 1171 662 pres-

161 676 305 707 biterum
332 677 535 707 cardinalem
566 678 761 707 auctoritate
786 681 899 707 nostra
928 676 1013 706 sicut
1048 677 1170 706 asseris

159 729 265 759 fueris
282 729 470 763 absolutus,
495 738 555 759 nos
572 730 644 760 tuis'
657 730 783 760 devotis
801 729 1098 768 supplicationibus
1117 729 1170 758 in—

160 781 290 815 clinati,
308 785 342 811 ut
365 782 452 811 fame
471 786 526 812 tue
542 791 599 820 per
614 782 690 817 hoc,
712 786 887 821 postquam
905 782 1091 821 injunctam
1109 781 1171 811 tibi

160 843 259 872 super
281 834 343 864 hoc
362 834 401 864 ab
420 835 534 865 eodem
554 835 722 864 cardinale
744 835 963 873 penitentiam
982 834 1168 873 peregeris,

160 886 290 917 nullum
306 887 540 917 detrimentum
555 896 619 926 quo
636 887 676 917 ad
689 888 822 923 famam,
838 887 981 918 honores
995 891 1026 917 et
1041 887 1172 925 reliqua

161 939 227 969 alia
241 939 395 978 patiaris,
417 940 479 970 tibi
496 950 554 979 per
574 940 773 970 beneficium
792 940 1014 981 restitutionis
1033 940 1068 969 in
1084 940 1172 970 inte-

160 1001 256 1030 grum
283 993 477 1023 auctoritate
503 993 710 1031 presentium
737 993 890 1023 duximus
918 993 1169 1031 providendum.

159 1044 253 1075 Nulli
272 1050 332 1075 etc.
354 1049 465 1075 nostre
483 1045 684 1084 provisionis
701 1049 761 1076 etc.
784 1046 857 1075 Dat.
881 1045 1038 1084 Neapoli,
1057 1046 1090 1075 II
1110 1045 1171 1090 ka-

159 1097 276 1128 lendas
292 1098 383 1133 maii,
402 1107 489 1128 anno
503 1099 621 1137 primo.
642 1111 654 1125 »

232 1289 321 1317 435

200 1350 373 1377 Rectoribus
385 1355 412 1377 et
422 1351 568 1386 perpetuis
584 1351 699 1378 vicariis
711 1351 898 1378 ecclesiarum
910 1352 1034 1378 diocesis
1047 1352 1172 1386 Agrien-

163 1400 205 1426 sis
222 1408 389 1434 processum
407 1404 435 1426 et
450 1400 657 1427 ordinationem
674 1401 708 1426 de
724 1401 854 1432 decimiS,
873 1401 1065 1428 oblationibus
1078 1405 1106 1428 et
1121 1402 1172 1428 ob-

163 1448 348 1475 ventionibus
378 1453 477 1475 contra
506 1450 675 1484 episcopum
706 1453 734 1476 et
759 1450 954 1484 praepositum
978 1451 1172 1477 archidiaconi

161 1496 323 1531 Agrienses
340 1497 475 1531 litigatos,
491 1499 567 1524 sicut
583 1506 633 1532 per
644 1498 760 1532 judices
777 1498 907 1524 abbatem
923 1498 957 1525 de
975 1498 1048 1533 Seps
1064 1498 1171 1526 Cister-

161 1546 258 1572 censis
274 1546 400 1579 ordinis,
419 1547 542 1581 priorem
559 1547 679 1573 fratrum
697 1547 928 1573 Praedicatorum
945 1547 979 1574 de
998 1547 1124 1574 Poteboc
1138 1557 1171 1574 ac

161 1595 357 1629 praepositum
374 1603 398 1622 s.
416 1595 530 1621 Martini
547 1596 581 1622 de
599 1595 693 1630 Sipes,
711 1596 745 1622 ab
761 1595 872 1622 Ubaldo
890 1597 1034 1630 capellano
1051 1601 1079 1623 et
1094 1597 1171 1623 dele-

148 1646 227 1678 ·gato
243 1643 403 1680 Innocentii
418 1653 505 1679 papae
521 1645 693 1680 nominatos,
706 1645 824 1680 provide
839 1645 906 1672 facti
918 1650 995 1676 sunt,
1009 1646 1169 1674 confirmat.

161 1691 246 1724 (Rae.
260 1692 302 1723 Ἧι,
317 1700 342 1720 ο.
356 1692 416 1722 354.
434 1692 453 1719 f.
471 1693 520 1724 53;
538 1692 684 1720 Po'r‘rffls'r
701 1693 809 1726 15821.)

750 1289 867 1324 Naples,
885 1289 916 1316 ‘24
933 1290 1003 1316 avril
1021 1290 1099 1317 1‘255.

202 1805 214 1820 «
240 1795 411 1823 Rectoribus
439 1799 465 1823 et
487 1796 641 1832 perpetuis
668 1796 797 1824 vicariis
821 1797 1018 1826 ecclesiarum
1046 1797 1170 1827 diocesis

157 1847 325 1883 Ayriensis.
343 1846 425 1876 Cum
442 1855 460 1876 a
477 1847 572 1876 nobis
590 1864 638 1875 —.
656 1848 729 1876 Dat.
744 1848 895 1886 Neapoli,
913 1849 994 1879 VIII
1010 1848 1169 1880 kalendas

157 1899 249 1934 maii,
265 1907 351 1929 anno
364 1899 482 1937 primo.
501 1911 514 1925 »

226 2083 315 2111 436
742 2086 863 2121 Naples,
881 2087 913 2113 27
931 2088 999 2114 avril
1018 2088 1095 2115 1255.

192 2145 345 2172 Universis
361 2146 497 2173 fratribus
512 2147 597 2174 dictis
618 2148 653 2174 de
674 2148 854 2175 Poenitentia
870 2158 920 2184 pei·
936 2149 1106 2177 Esculanam
1124 2152 1168 2177 ci-

157 2194 274 2221 vitatem
289 2198 317 2220 et
332 2194 472 2221 diocesim
489 2196 658 2223 constitutis
669 2197 810 2231 indulget,
828 2201 859 2224 ut
871 2198 1033 2225 nullatenus
1049 2202 1168 2225 tenean-

157 2245 205 2269 tur
225 2243 352 2278 recipere
372 2244 486 2278 publica
509 2245 553 2271 vel
578 2246 688 2280 privata
711 2246 801 2272 officia
821 2247 989 2275 saecularia.
1014 2247 1098 2281 (Rae.
1121 2248 1166 2281 24,

156 2299 183 2319 c.
200 2292 261 2325 355,
278 2292 297 2318 f.
313 2293 360 2326 53;
379 2291 526 2320 PorruAs'r
543 2293 652 2328 15827.>

200 2405 212 2419 «
232 2393 386 2423 Universis
400 2395 552 2430 fratribus
568 2396 658 2425 dictis
673 2396 706 2425 de
721 2397 895 2426 Peniiemia
908 2406 962 2435 per
982 2399 1168 2427 Esculanam

158 2447 315 2475 civitatem
340 2451 365 2476 et
390 2447 533 2477 diocesim
555 2449 740 2478 constitutis.
767 2449 827 2479 Pia
845 2449 1011 2480 desideria
1035 2450 1168 2480 devoto-

158 2507 232 2528 rum
247 2516 296 2528 --.
313 2500 387 2529 Dat.
405 2500 560 2539 Neapoli,
578 2502 607 2531 V
621 2501 780 2532 kalendas
796 2503 888 2538 maii,
907 2511 993 2533 anno
1012 2503 1130 2541 primo.
1152 2515 1165 2529 »

226 2689 313 2718 432
777 2692 893 2727 Naples,
911 2693 924 2719 4
943 2693 996 2720 mai
1016 2694 1095 2720 1255.

192 2751 310 2778 Nicolao
326 2751 361 2777 de
377 2751 531 2786 Campellis
547 2752 684 2788 diacono,
701 2755 804 2781 rectori
819 2755 960 2782 ecclesiae
977 2755 1011 2781 de
1031 2754 1165 2789 Drageio,

156 2799 349 2826 Abrincensis
373 2801 513 2835 diocesis,
539 2810 631 2836 nuper
655 2810 706 2837 pro
727 2804 790 2829 suis
810 2807 838 2830 et
858 2804 1022 2838 Allphonsi]
1052 2804 1166 2830 comitis

156 2847 337 2876 pictavensis
347 2849 495 2876 accedenti
513 2850 637 2884 negotiis
653 2851 687 2877 ad
703 2852 889 2886 apostolicam
907 2852 1011 2879 Sedem
1023 2872 1029 2882 ‚
1047 2853 1165 2886 dispen-
1206 2848 1210 2881 ἓ

1253 262 1297 284 sat
1312 263 1351 290 ut,
1364 270 1377 285 a
1390 261 1511 294 quodam
1531 263 1655 297 perjurio
1671 263 1832 294 absolutus,
1846 264 1878 289 ad
1897 265 2111 299 presbyteratus
2126 267 2254 294 ordinem

1253 309 1345 341 possit
1362 311 1534 342 promoveri.
1552 311 1636 343 (Hm.
1654 311 1697 344 ⁶251,
1715 320 1739 337 c.
1758 312 1817 343 356,
1835 313 1852 338 f.
1867 313 1922 345 53.)

1295 420 1306 433 «
1327 410 1468 445 Mayislro
1486 411 1607 439 Nicolcio
1626 412 1658 439 (le
1675 412 1835 448 Camprllis
1851 413 1986 445 diacono.
2007 417 2117 444 rectori
2139 418 2255 446 ecclesie

1253 461 1285 489 cle
1301 462 1437 497 fungeto,
1452 463 1645 492 Abi-incensis
1658 464 1789 493 diocesis.
1809 465 1890 494 Cum
1908 466 1991 495 sicut
2006 467 2039 495 in
2054 472 2164 497 nostra
2181 478 2255 506 pro-

1252 513 1393 551 posuisti
1418 515 1582 551 presentia
1612 516 1826 545 constitutus.
1853 526 1956 554 nuper
1982 519 2021 547 ad
2044 520 2255 556 apostolicam

1253 565 1370 595 Sedem
1385 575 1441 603 pro
1456 566 1521 595 tuis
1537 571 1566 595 et
1581 567 1692 597 dilecti
1707 567 1767 596 tilii
1782 568 1903 597 nobilis
1917 569 1980 597 viri
1994 571 2030 598 Α.
2046 571 2173 600 comitis
2188 573 2255 601 Pic-

1253 617 1398 646 tavensis
1416 622 1446 646 et
1463 618 1641 648 Tliolosani
1659 620 1817 649 accedens
1837 621 1989 657 negotiis,
2007 627 2173 658 promotus
2191 633 2255 653 non

1252 669 1356 698 fueris
1373 670 1413 698 ad
1431 670 1669 707 presljiiteratus
1684 671 1816 701 ordines
1832 676 1927 709 prout
1941 674 2106 703 tenebaris
2120 676 2257 712 prestito

1248 722 1452 760 juramento,
1471 732 1530 751 nos
1547 723 1613 752 tuis
1634 723 1759 753 devotis
1779 724 2075 762 supplicationibus
2092 726 2254 758 inclinati.

1250 778 1298 809 ut,
1313 779 1487 813 postquam
1504 775 1543 804 ab
1560 775 1630 813 ipso
1646 776 1791 815 perjurio
1808 776 1978 806 absolutus
1994 777 2098 807 fueris
2118 783 2148 808 et
2164 779 2257 816 peni—

1251 827 1390 857 tentiam
1412 828 1595 866 injunctam
1616 829 1798 866 peregeris,
1822 829 1950 858 nullum
1970 829 2159 868 hujusmodi
2184 841 2258 869 pre-

1252 883 1342 910 textu
1352 880 1491 919 perjurii
1506 881 1566 909 tibi
1578 881 1761 918 periculum
1776 882 1861 911 fame
1876 891 1912 910 ac
1926 881 2061 911 honoris
2073 882 2256 918 immineat,

1252 936 1361 962 tecum
1378 933 1573 963 auctoritate
1593 933 1798 971 presentium
1819 933 2061 972 dispensamus.
2081 934 2173 964 Nulli
2197 939 2256 965 etc.

1254 989 1365 1015 nostre
1390 985 1648 1023 dispensationis
1678 989 1738 1015 etc.
1770 987 1842 1015 Dat.
1871 986 2024 1025 Neapoli.
2057 988 2124 1017 IIII
2153 996 2257 1018 nonas

1253 1038 1344 1073 maii,
1363 1047 1449 1067 anno
1465 1038 1580 1076 primo.
1605 1050 1617 1064 1>

1324 1209 1412 1237 438

1290 1271 1396 1297 Abbati
1414 1271 1636 1302 Fructuariensi,
1655 1273 1740 1306 priori
1758 1271 1862 1298 Montis
1880 1271 1950 1298 Ben.
1971 1272 2165 1299 Cartusiensis
2180 1274 2257 1300 ordi-

1840 1209 1956 1245 Naples‚
1974 1210 2004 1236 ‘27
2022 1211 2090 1236 avril
2111 1210 2186 1237 1255.

1254 1321 1299 1347 nis
1314 1325 1341 1346 et
1358 1320 1514 1353 gum-diano
1533 1321 1649 1346 fratrum
1668 1321 1810 1347 Minorum
1827 1321 1860 1346 de
1878 1321 2030 1352 Pinarolio,
2048 1321 2219 1356 Yporiensis
2230 1327 2258 1349 et

1252 1369 1439 1395 Taurinensis
1456 1369 1624 1400 diocesinm,
1641 1369 1794 1395 committit
1810 1369 2024 1403 inquisitionem
2041 1374 2156 1396 actuum
2173 1371 2255 1397 Guil-

1252 1418 1329 1444 lelmi
1346 1418 1457 1443 abbatis
1471 1426 1495 1443 s.
1514 1417 1660 1443 Michaelis
1677 1417 1711 1443 de
1732 1417 1817 1443 Clusa
1833 1418 1941 1444 ordinis
1958 1426 1982 1444 s.
2001 1418 2163 1447 Benedicti.
2181 1419 2257 1445 Tau-

1254 1467 1379 1493 rinensis
1394 1467 1532 1499 diocesis,
1557 1467 1748 1492 visitationem
1766 1470 1793 1492 et
1811 1467 2038 1493 reformationem
2056 1468 2122 1494 dicti
2142 1476 2256 1494 monas-

1253 1515 1327 1542 terii.
1344 1515 1426 1547 (Hm.
1445 1515 1488 1546 24,
1505 1523 1531 1541 c.
1551 1515 1612 1548 357,
1627 1516 1646 1542 f.
1663 1515 1713 1548 533
1734 1515 1877 1541 Porrfflsr
1895 1515 2001 1547 '158250

1295 1629 1308 1643 α
1329 1640 1361 1651 ..,
1380 1617 1481 1645 abbaci
1498 1617 1741 1651 Fmteiuariensi,
1813 1618 1913 1653 priori
1929 1617 2036 1645 Montis
2058 1618 2127 1646 Bon.
2147 1618 2257 1646 Carfu-

1251 1671 1359 1700 siensis
1384 1670 1503 1698 ordinis
1526 1675 1550 1698 ei
1575 1670 1749 1706 guardiam
1769 1671 1903 1705 fratrum
1925 1670 2079 1698 Minor—mn
2105 1670 2137 1698 (le
2162 1671 2257 1698 Pina-

1251 1724 1338 1758 rolio,
1364 1724 1531 1760 lyioriensis
1545 1727 1569 1751 et
1586 1723 1784 1751 Taum-,nensis
1800 1722 1975 1750 cliocesi'um.
1990 1721 2145 1751 Debitum
2159 1722 2257 1751 officii

1252 1776 1357 1805 nostri
1370 1793 1418 1804 —.
1434 1776 1507 1805 Dat.
1526 1775 1676 1813 Neapoli,
1691 1776 1719 1805 V
1732 1774 1890 1804 kalendas
1903 1774 1994 1809 maii,
2008 1783 2094 1803 anno
2108 1775 2224 1812 primo.
2242 1786 2254 1800 »

1320 1948 1408 1976 439

1285 2011 1424 2045 Magistro
1441 2009 1558 2036 Nieolao
1574 2010 1608 2035 de
1628 2009 1766 2044 Phytone,
1784 2009 1959 2034 subdiacono
1980 2012 2006 2034 et
2023 2008 2166 2042 capellano
2184 2016 2252 2037 suo,

1250 2060 1354 2086 clerico
1370 2059 1446 2093 regis
1464 2059 1599 2092 Angliac,
1619 2058 1746 2091 indulget
1764 2062 1802 2087 ut,
1821 2058 1845 2082 si
1863 2064 1949 2082 unum
1967 2056 2009 2081 vel
2025 2056 2081 2082 duo
2095 2064 2129 2081 ex
2146 2055 2253 2080 benefi-

1249 2109 1303 2135 ciis
1319 2116 1391 2142 quae
1408 2107 1434 2133 in
1453 2115 1540 2141 regno
1558 2107 1678 2140 Angliae
1699 2106 1835 2131 canonice
1852 2105 1959 2131 obtinet
1981 2104 2068 2130 libere
2087 2104 2253 2137 resignave-

1250 2158 1300 2187 rit,
1318 2157 1435 2182 totidem
1452 2157 1534 2181 etiam
1553 2156 1577 2181 si
1593 2163 1689 2181 curam
1708 2154 1830 2179 habeant
1844 2154 2001 2179 animarum
2019 2157 2046 2178 et
2066 2153 2090 2178 ei
2108 2153 2134 2178 in
2153 2153 2252 2177 eodem

1250 2213 1338 2239 regno
1355 2205 1398 2230 vel
1414 2204 1479 2229 alibi
1500 2204 1637 2229 canonice
1660 2202 1822 2233 offerantur,
1847 2202 1908 2227 loco
1932 2201 2043 2227 illorum
2060 2201 2186 2234 recipere
2203 2208 2252 2225 va-

1250 2254 1315 2281 leat.
1332 2253 1414 2286 (REG.
1432 2252 1475 2283 ⁶24,
1493 2261 1517 2278 c.
1535 2252 1595 2284 358,
1613 2252 1631 2277 f.
1650 2251 1718 2283 53v.)

1871 1945 1986 1980 Naples,
2003 1946 2019 1972 9
2035 1946 2089 1972 mai
2109 1946 2183 1972 1955.

1292 2368 1304 2382 «
1322 2356 1465 2391 Mayistro
1482 2354 1604 2382 Nicolao
1626 2353 1659 2381 de
1684 2353 1831 2389 Pltycone,
1856 2352 2037 2380 subdiacono
2053 2355 2078 2378 et
2098 2350 2252 2386 capellano

1248 2413 1360 2441 nostro,
1376 2408 1483 2436 clerico
1499 2407 1655 2435 carissimi
1673 2407 1704 2434 in
1723 2406 1840 2435 Christo
1855 2405 1915 2441 filii
1932 2404 2028 2432 nostri
2046 2425 2078 2438 ..,
2096 2403 2174 2439 regis
2189 2403 2253 2430 An-

1247 2462 1369 2498 ylomm
1385 2460 1528 2488 illustris.
1546 2458 1792 2495 Circumspecta
1809 2457 1902 2487 Sedis
1919 2455 2095 2494 apostolice
2110 2472 2157 2482 —.
2178 2455 2250 2483 Dat.

1249 2512 1399 2550 Neapoli,
1417 2513 1480 2541 VII
1499 2511 1573 2540 idus
1590 2511 1681 2544 maii,
1702 2519 1787 2539 anno
1805 2509 1920 2547 primo.
1941 2521 1953 2534 n

1839 2685 1954 2719 Names,
1971 2685 2003 2710 ‘2‘2
2021 2684 2088 2709 avril
2106 2683 2179 2708 1257..

1286 2753 1424 2785 Magistro
1441 2751 1592 2785 Radulplio
1613 2750 1647 2775 de
1671 2750 1822 2778 Sturtone,
1841 2748 1943 2773 clerico
1958 2744 2172 2778 wigorniensis
2188 2743 2250 2769 dio-

1248 2802 1335 2834 cesiS‚
1353 2801 1501 2834 dispensat
1518 2804 1557 2833 ut,
1577 2802 1687 2833 praeter
1705 2798 1819 2823 unicum
1837 2796 2063 2822 ecclesiasticum
2082 2793 2250 2818 beneficium

1249 2850 1324 2885 quod
1341 2850 1459 2879 obtinet,
1479 2848 1570 2883 possit
1590 2847 1663 2873 aliud
1687 2845 1856 2872 beneficium
1878 2843 2104 2870 ecclesiasticum
2129 2840 2249 2866 similem
