2441 3330
207 227 243 254 74
932 218 1173 250 REGISTRES
1195 216 1502 250 D'ALEXANDRE
1527 220 1580 250 IV.

207 290 397 317 sionariorum
415 296 565 314 numerum
583 287 609 313 in
626 287 748 314 ecclesia
766 287 883 318 faciens,
897 288 956 321 jam
974 287 1009 314 ab
1026 285 1215 321 Aquilegensi

207 339 426 373 archiepiscopo
441 338 652 368 confirmatum,
669 337 828 364 confirmat.
845 338 930 371 (Ru-zo.
941 338 986 369 24,
999 345 1025 364 c.
1037 336 1100 368 2233,
1113 337 1132 364 f.
1147 337 1215 371 30v.)

249 454 260 466 κ
281 463 315 474 ..,
333 440 444 468 decano
458 444 484 468 et
497 440 631 477 capitulo
649 440 768 469 ecclesie
783 440 992 474 Civitatensis,
1007 440 1218 477 Aquileyensis

205 494 339 522 diocesis.
358 493 402 522 Ex
420 497 533 522 tenore
549 496 657 522 vestre
673 492 845 530 petitionis
860 492 1046 530 accepimus
1059 493 1146 531 quod
1158 501 1215 522 vos

205 546 328 575 dudum
345 545 478 583 provide
496 545 719 578 attendentes,
738 544 912 574 ecclesiam
928 549 1072 575 vestram
1085 549 1216 583 propter

205 597 440 628 canonicorum
468 605 603 627 suorum
629 596 815 626 absentiam
841 596 876 626 in
901 597 1024 627 divinis
1051 597 1216 627 desectum

206 660 270 680 non
288 649 453 679 modicum
469 649 635 679 sustinere
657 657 693 678 ac
718 648 865 679 volentes
882 649 1054 687 providere
1071 649 1215 679 salubri-

204 708 253 734 ter
269 703 303 732 in
320 702 381 731 hac
400 706 501 740 parte,
520 701 760 731 duodenarium
779 701 1080 732 mansionariorum
1099 711 1215 732 nume-

204 764 277 785 rum
294 763 434 793 quorum
451 758 592 792 quatuor
605 754 804 792 presbyteri,
821 754 955 784 totidem
973 755 1103 785 diaconi
1120 759 1151 785 ct
1166 764 1214 785 re-

203 807 287 846 liqui
307 806 501 836 subdiaconi
519 805 714 840 existentes,
739 806 932 836 continuam
954 811 985 836 et
1006 807 1214 845 personalem

204 859 420 890 residentiam
440 859 475 887 in
492 858 564 897 ipsa
586 858 725 888 ecclesia
746 859 871 889 faciant
894 863 925 889 et
946 859 1161 897 singulariter
1179 860 1213 889 in

204 913 273 943 suis
303 912 477 942 ordinibus
502 911 694 941 ministrent
720 911 861 946 ibidem,
893 921 947 942 sex
972 912 1214 950 prebendarum

203 965 389 995 redditibus
406 964 511 1002 primo
523 964 689 994 vacaturis
703 964 738 993 in
751 974 788 993 ea
803 974 943 1003 quarum
958 964 1089 994 collatio
1103 966 1143 994 ad
1156 974 1213 995 vos

203 1019 325 1048 [licitur
341 1018 507 1056 pertinere
528 1017 693 1055 deputatis
712 1017 809 1059 dictis
833 1018 1070 1047 mansionariis
1088 1018 1214 1048 delibe-

202 1071 330 1101 ratione
354 1070 488 1109 provida
509 1070 691 1105 statuistis,
714 1074 809 1108 prout
832 1070 865 1099 in
885 1070 1075 1108 patentibus
1091 1070 1213 1100 litteris

203 1123 362 1154 consectis
387 1123 504 1152 exinde
526 1122 658 1160 plenius
681 1122 802 1151 dicitur
825 1122 1000 1151 contineri.
1029 1123 1113 1159 Quia
1137 1132 1212 1153 vero

202 1176 286 1206 bone
303 1175 460 1205 memorie
478 1174 662 1209 Bertoldus,
682 1174 869 1212 patriarcha
884 1175 1131 1213 Aquilegensis,
1150 1179 1212 1205 sta-

204 1232 310 1258 tutum
336 1227 526 1266 hujusmodi
547 1227 742 1256 auctoritate
763 1227 932 1256 ordinaria
952 1227 1038 1257 sicut
1060 1228 1212 1258 asseritis

202 1280 420 1315 confirmavit,
439 1288 498 1309 nos
514 1279 634 1309 vestris
651 1279 950 1317 supplicationibus
969 1280 1133 1315 inclinati,
1150 1285 1212 1311 sta-

202 1337 308 1363 tutum
323 1333 431 1371 ipsum
448 1332 534 1362 sicut
552 1332 687 1370 provide
703 1332 826 1361 factum
843 1336 892 1362 est
908 1336 1016 1362 ratum
1033 1337 1064 1363 et
1079 1334 1212 1363 firmum

200 1386 373 1422 habentes,
393 1385 475 1415 illud
492 1385 688 1416 auctoritate
704 1385 884 1424 apostolica
897 1386 1132 1417 confirmamus
1149 1392 1210 1417 etc.

201 1448 307 1478 usque
331 1439 592 1473 communimus3
620 1439 774 1468 mandato
799 1439 894 1469 Sedis
918 1439 1096 1478 apostolice
1124 1450 1212 1471 sem-

200 1501 258 1531 per
274 1492 376 1522 salvo.
396 1491 489 1523 Nulli
511 1496 572 1522 etc.
590 1496 701 1522 nostre
722 1492 984 1522 confirmationis
1005 1497 1066 1523 etc.
1084 1495 1158 1524 Dat.
1176 1497 1211 1524 ut

202 1554 312 1584 SUDI'H.
332 1558 345 1572 ))

273 1716 362 1745 238
784 1715 901 1751 Naples,
922 1718 950 1744 15
967 1726 1043 1744 mars
1062 1718 1139 1745 1255.

238 1776 368 1811 Hugoni,
386 1777 477 1804 electo
503 1777 639 1809 Midensi,
657 1778 791 1804 concedit
813 1779 978 1806 facultatem
1000 1783 1030 1806 ut
1051 1781 1078 1806 in
1096 1781 1210 1815 proprio

200 1826 289 1853 fundo
310 1834 363 1852 suo
385 1827 572 1861 episcopatus
595 1826 750 1858 Midensis,
773 1827 807 1853 de
829 1829 950 1855 consilio
973 1833 1001 1854 et
1018 1837 1141 1856 assensu
1164 1838 1211 1855 ar-

200 1874 380 1909 chiepiscopi
398 1874 574 1901 Armachani
590 1875 800 1908 metropolitani
821 1875 876 1902 loci
892 1879 921 1902 et
936 1876 1003 1903 cleri
1019 1877 1067 1911 qui
1086 1878 1148 1904 loco
1163 1886 1211 1904 ca-

202 1923 284 1958 pituli
309 1923 406 1949 haberi
422 1922 542 1956 dicitur,
559 1923 751 1950 cathedralem
771 1924 922 1950 ecclesiam
943 1925 978 1951 de
1003 1933 1075 1951 novo
1099 1926 1210 1960 erigere

200 1972 302 1998 valeat.
320 1971 401 2001 (Rso.
418 1972 467 2003 ⁴24,
485 1979 510 1998 c.
529 1971 592 2005 224,
610 1972 630 1999 f.
646 1971 706 2004 30'3
727 1971 873 1999 Pei-inrisa-
891 1974 997 2007 15742.)

242 2088 253 2101 «
273 2076 405 2113 Huyoni,
425 2076 512 2104 electo
527 2075 664 2104 Midensi.
682 2075 875 2106 Devotionis
891 2081 1107 2114 augmentum
1122 2078 1210 2108 circa

200 2145 248 2157 —.
267 2129 338 2158 Dat..
357 2127 511 2166 Neapoli,
529 2127 640 2157 idibus
658 2128 786 2164 marcii,
805 2137 891 2159 anno
903 2129 1021 2168 primo.
1041 2142 1054 2157 »

270 2299 357 2329 269

235 2362 358 2392 Gentili,
381 2363 518 2396 episcopo
542 2361 856 2396 Forosimphmniensi,
881 2364 1013 2391 concedit
1036 2374 1085 2400 pro
1109 2375 1209 2394 mensa

199 2411 264 2443 ejus
280 2410 432 2435 ecclesiam
451 2418 466 2435 s
492 2409 635 2435 ¹Iohannis
652 2409 679 2435 in
704 2410 846 2437 Sorbitolo
863 2414 892 2437 et
913 2413 1094 2440 medietatem
1118 2415 1208 2442 bono-

199 2466 263 2484 rum
287 2458 426 2484 ecclesiae
449 2466 473 2483 S.
498 2458 601 2484 Mariae
625 2458 652 2483 in
676 2457 817 2493 Portuno,
840 2459 1055 2494 Senogaliensis
1070 2463 1206 2492 diocesis.

199 2506 281 2540 (ltin.
297 2506 342 2537 24,
359 2514 384 2532 c.
400 2507 463 2535 ²225.
481 2506 500 2533 f.
517 2506 586 2537 3OV.)

784 2299 900 2335 Naples,
918 2301 947 2327 14
963 2309 1040 2329 mars
1059 2303 1133 2330 1255.

242 2622 253 2634 α
275 2609 397 2642 Grntili,
413 2609 546 2645 episcopo
563 2609 891 2646 Forosimphrontensi.
910 2611 1003 2647 Cum,
1023 2613 1108 2643 sicut
1124 2615 1208 2652 peti-

200 2661 244 2690 tio
263 2665 318 2689 tua
334 2660 429 2689 nobis
446 2659 593 2689 exhibita
610 2661 812 2697 continebat,
840 2666 905 2691 tam
922 2667 955 2692 tu
977 2674 1075 2702 quam
1091 2666 1208 2704 prede-

200 2722 347 2743 cessores
364 2712 413 2741 tui
429 2712 486 2750 qui
506 2713 640 2742 fuerunt
663 2722 720 2751 pro
742 2718 887 2752 tempore
909 2716 1083 2747 ecclesiam
1102 2719 1209 2748 sancti

199 2765 364 2795 Johannis
382 2764 416 2793 in
439 2764 622 2799 Sorbitolo,
649 2766 897 2803 Senogaliensis
915 2768 1073 2805 diocesis,
1092 2780 1108 2800 a
1126 2776 1208 2801 tem-

198 2827 276 2856 pore
294 2817 387 2856 cujus
404 2827 468 2847 non
486 2822 534 2847 est
551 2818 591 2847 ad
606 2819 813 2854 memoriam,
833 2824 864 2849 et
878 2821 1088 2852 medietatem
1105 2824 1208 2854 bono-

199 2880 270 2899 rum
283 2870 421 2900 ecclesie
434 2874 546 2900 sancte
560 2871 661 2900 Marie
673 2871 707 2900 in
723 2873 879 2907 Portuno,
895 2874 1043 2912 ejusdem
1054 2876 1206 2913 diocesis,

1299 294 1362 323 que
1387 284 1467 314 olim
1489 287 1729 317 monasterium
1752 287 1878 322 fuerat,
1903 297 1921 318 a
1943 288 2081 326 triginta
2106 289 2204 319 annis
2226 289 2311 321 citra

1298 337 1434 375 pacifice
1465 339 1681 376 possederitis
1712 343 1744 370 et
1775 340 1905 379 quiete,
1941 349 2001 370 nos
2037 340 2222 372 devotionis
2253 346 2309 372 tue

1297 389 1452 427 precibus
1468 390 1650 428 benignum
1668 391 1897 430 impertientes
1919 401 2110 428 assensum,
2133 392 2310 424 ecclesiam

1298 446 1329 472 et
1350 443 1434 472 bona
1454 443 1602 481 predicta
1623 452 1737 474 mense
1760 445 1808 474 tui
1831 444 2040 483 episcopatus
2061 454 2120 483 pro
2140 450 2309 476 sustenta-

1299 495 1386 526 tione
1403 499 1457 525 tua
1473 495 1551 525 dnm
1567 496 1690 526 vixeris
1710 497 1917 535 presentium
1939 497 2135 528 auctoritate
2155 498 2309 528 concedi-

1297 556 1371 578 mus
1391 548 1430 578 de
1453 549 1559 586 gratia
1582 549 1734 587 speciali;
1756 549 1995 580 nichilominus
2015 553 2199 581 statuentes
2216 555 2253 582 ut
2268 550 2309 582 de

1297 600 1369 638 ipsa
1385 600 1526 640 ecclesia
1542 601 1592 631 vel
1608 601 1704 631 bonis
1720 602 1878 640 predictis
1893 602 1977 632 nulli
1993 602 2097 640 possit
2112 603 2310 634 auctoritate

1298 653 1392 683 Sedis
1413 653 1591 691 apostolice
1608 653 1660 684 vel
1677 653 1861 692 legatorum
1883 654 1990 693 ipsius
2013 658 2310 695 quantumcunque

1297 716 1354 744 pro
1391 706 1503 746 aliquo
1532 707 1660 745 precise
1690 707 1856 738 scribatur
1885 707 2097 746 aliquatenus
2128 707 2308 746 provideri.

1296 759 1390 789 Nulli
1401 764 1462 789 etc.
1479 764 1590 790 nostre
1604 760 1831 791 concessionis
1843 764 1872 790 et
1887 760 2138 791 constitutionis
2154 765 2214 791 etc.
2232 761 2309 791 Dat.

1296 812 1450 850 Neapoli,
1469 813 1501 842 II
1516 812 1591 843 idus
1608 813 1736 848 martii,
1755 822 1842 843 anno
1857 813 1975 852 primo.
1995 825 2008 840 »

1368 989 1458 1017 2¹20

1332 1050 1423 1077 Priori
1448 1055 1476 1077 et
1502 1051 1639 1078 fratribus
1668 1051 1778 1079 ordinis
1814 1052 2043 1080 praedicatorum
2070 1053 2308 1084 Messanensibus

1295 1099 1446 1126 confirmat
1470 1100 1594 1133 litteras,
1611 1100 1718 1134 quibus
1738 1100 1930 1133 Octavianus,
1953 1109 1978 1128 s.
1999 1101 2106 1128 Mariae
2125 1103 2154 1129 in
2177 1100 2231 1129 Via
2252 1101 2308 1129 lats

1295 1147 1433 1174 diaconus
1446 1148 1608 1179 cardinalis,
1625 1149 1799 1183 apostolicae
1815 1148 1900 1176 Sedis
1916 1150 2039 1184 legatus,
2056 1149 2099 1176 eis
2112 1150 2206 1176 locum
2221 1152 2248 1177 in
2264 1149 2307 1177 ci-

1295 1196 1381 1223 vitate
1397 1196 1579 1223 Messanensi
1595 1196 1630 1223 ad
1647 1197 1807 1224 dominium
1824 1197 1926 1224 Curiae
1944 1198 2136 1232 pertinentem
2152 1201 2181 1224 et
2195 1197 2307 1225 dictum

1294 1244 1449 1271 Castellum
1467 1245 1563 1276 maris,
1582 1253 1648 1272 cum
1663 1246 1781 1280 capella,
1798 1245 1942 1277 domibus,
1961 1246 2062 1281 plateis
2076 1249 2105 1272 et
2119 1246 2221 1282 spatiis
2231 1253 2306 1281 quae

1294 1297 1362 1320 sunt
1378 1292 1432 1326 ibi,
1450 1300 1500 1327 pro
1515 1293 1711 1320 construendo
1727 1294 1901 1321 monasterio
1917 1294 1962 1321 sui
1983 1294 2092 1321 ordinis
2107 1297 2304 1322 concesserat.

1294 1341 1378 1375 (Rso.
1393 1340 1442 1374 24,
1462 1349 1488 1368 c.
1508 1341 1570 1373 ⁶226,
1588 1341 1606 1368 s.
1625 1341 1686 1373 30V;
1704 1341 1851 1369 Po'r'ruAs'r
1868 1342 1976 1376 15748.)

1875 990 1992 1026 Names,
2012 991 2044 1018 18
2062 999 2138 1018 mars
2155 991 2235 1018 ¹255.

1336 1456 1349 1470 «
1367 1467 1402 1479 ..,
1417 1445 1521 1482 priori
1535 1449 1561 1473 et
1577 1445 1730 1480 fratribus
1747 1444 1867 1473 ordinis
1887 1444 2120 1474 Prodit-aterum
2133 1445 2306 1474 Messanen-

1293 1497 1386 1526 sibus.
1401 1495 1588 1534 Religionis
1597 1500 1706 1526 vestre
1717 1500 1864 1526 meretur
1877 1513 1925 1525 —.
1940 1497 2014 1526 Dat.
2024 1496 2176 1536 Neapoli,
2185 1497 2219 1527 ΙΙ
2229 1496 2306 1527 idus

1293 1549 1417 1584 martii,
1437 1557 1524 1579 anno
1539 1549 1658 1587 primo.
1678 1561 1691 1575 n

1365 1727 1452 1756 2¹71
1877 1726 1998 1761 Naples,
2014 1727 2045 1753 17
2062 1735 2139 1754 mars
2154 1726 2233 1754 1255.

1329 1788 1449 1816 Roberti
1464 1788 1658 1819 Waleraund,
1678 1788 1756 1822 regis
1773 1788 1896 1822 Angliae
1922 1788 2032 1822 [nuntii]
2045 1808 2051 1819 ,
2071 1787 2206 1822 precibus
2220 1787 2306 1814 incli-

1294 1841 1395 1871 natus,
1416 1837 1546 1871 indulget
1569 1837 1655 1864 nobili
1679 1837 1740 1863 viro
1766 1835 1908 1871 phylippo
1931 1836 2029 1866 militi,
2051 1835 2196 1870 quondam
2218 1834 2305 1862 Alani

1293 1889 1370 1919 nato,
1384 1885 1596 1912 Londoniensis
1611 1884 1738 1911 diocesis
1754 1887 1783 1910 et
1797 1885 1885 1910 nobili
1902 1884 2015 1910 mulieri
2032 1883 2081 1910 Ele
2096 1884 2131 1910 de
2146 1883 2303 1918 Warwret,

1293 1934 1375 1960 uxori
1391 1933 1537 1968 ejusdem,
1555 1936 1585 1959 ut
1601 1933 1628 1959 in
1646 1933 1828 1959 matrimonio
1844 1932 1920 1958 inter
1939 1940 1971 1958 se
1992 1935 2138 1959 contracto
2155 1939 2304 1960 remanere

1292 1983 1369 2010 licite
1385 1983 1506 2014 valeant,
1523 1989 1579 2008 non
1591 1981 1724 2008 obstante
1739 1980 1815 2016 quod
1827 1984 1928 2015 quarto
1941 1981 2202 2015 consanguinitatis
2212 1979 2304 2016 gradu

1292 2031 1440 2066 conJuncti
1456 2030 1524 2058 sint.
1540 2030 1622 2064 (Rea.
1638 2029 1688 2063 ζ24,
1709 2037 1734 2056 c.
1751 2028 1817 2061 227,
1834 2029 1854 2055 f.
1871 2028 1926 2064 30.)

1333 2144 1346 2159 «
1364 2132 1464 2162 Nobili
1482 2133 1550 2161 viro
1561 2131 1710 2169 Phylippo
1725 2131 1832 2165 militi,
1851 2130 2006 2168 quondam
2016 2131 2111 2160 Alani
2127 2135 2210 2166 nato,
2227 2130 2303 2160 Lon-

1291 2186 1446 2216 deniensis
1461 2186 1594 2220 diocesis,
1610 2189 1636 2213 et
1651 2184 1748 2213 nobili
1763 2184 1892 2212 mulieri
1906 2184 1957 2212 Ele
1975 2183 2008 2212 de
2029 2184 2183 2219 Warwret,
2207 2183 2302 2213 umori

1291 2239 1435 2277 ejusdem.
1452 2237 1595 2268 Romani
1609 2235 1776 2275 pontificis
1790 2235 1975 2274 precellens
1989 2252 2038 2265 -.
2055 2236 2130 2265 Dat.
2146 2234 2299 2274 Neapoli,

1290 2292 1370 2322 XVI
1385 2290 1544 2321 kalendas
1561 2288 1686 2328 aprilis,
1705 2297 1792 2318 anno
1807 2288 1926 2327 primo.
1946 2300 1959 2314 »

1362 2470 1452 2499 2⁸22
1874 2466 1991 2501 Naples,
2011 2466 2042 2493 18
2058 2473 2135 2493 mars
2150 2466 2229 2493 1255.

1326 2531 1370 2563 P..
1389 2530 1482 2558 abbati
1498 2528 1662 2557 monasterii
1679 2529 1854 2559 Lesatensis,
1867 2528 1902 2554 ab
1913 2528 2015 2555 abbate
2032 2527 2199 2554 monasterii
2217 2526 2300 2562 Moy-

1291 2579 1432 2607 siacensis
1447 2582 1546 2607 contra
1559 2578 1702 2613 Justitiam
1719 2577 1871 2607 destituto,
1889 2578 1976 2611 cujus
1992 2576 2140 2611 negotium
2156 2575 2300 2602 Innocen-

1290 2629 1348 2656 tius
1365 2637 1436 2664 papa
1452 2627 1493 2654 lv
1510 2627 1544 2654 ad
1559 2635 1583 2654 s.
1601 2627 1706 2654 Sedem
1723 2626 1882 2659 revocavit,
1901 2624 2034 2652 concedit
2050 2625 2213 2651 facultatem
2230 2631 2300 2651 con-

1290 2677 1420 2704 trahendi
1449 2680 1583 2703 mutuum
1609 2675 1688 2702 XLV
1713 2682 1872 2702 marcarum
1897 2673 2008 2708 argenti
2031 2676 2060 2699 et
2091 2672 2300 2699 monasterium

1290 2725 1447 2752 Lesateuse
1463 2725 1655 2752 creditoribus
1670 2723 1825 2758 obligandi.
1842 2722 1925 2756 (Rso.
1940 2722 1984 2754 ⁶24,
2002 2730 2028 2749 c.
2047 2721 2108 2755 228,
2124 2721 2144 2748 f.
2161 2720 2218 2754 31.)

1333 2839 1345 2853 ι(
1363 2828 1409 2862 Ρ.,
1429 2827 1530 2856 abbati
1547 2827 1727 2856 monasterii
1742 2826 1915 2859 Lesalensis‚
1934 2824 2146 2854 cluniacensis
2160 2823 2296 2859 ordinis,

1293 2880 1433 2910 Tolosane
1451 2880 1588 2915 diocesis,
1611 2880 1767 2918 capellano
1788 2883 1900 2908 nostro.
1925 2877 2015 2908 Sicut
2032 2876 2067 2906 in
2090 2879 2204 2906 nostra
2220 2883 2298 2914 pro-
