2441 3330
163 211 218 240 100
888 202 1128 235 REGISTRES
1149 201 1459 232 D'ALEXANDRE
1482 202 1537 232 IV.

159 275 252 305 vobis
267 273 472 312 presentium
488 271 712 309 indulgemus.
726 270 820 301 Nulli
833 275 894 301 etc.
910 274 1022 300 nostre
1035 276 1170 300 conces-

159 327 264 358 sionis
281 330 342 356 etc.
360 326 434 355 Dat.
452 324 602 363 Neapoli,
619 325 665 355 VI
683 324 758 354 idus
772 323 900 362 aprilis,
917 332 1004 353 anno
1019 322 1137 361 primo.
1155 333 1168 348 ι»

229 504 318 532 333

194 565 293 592 Eidem
317 565 449 591 concedit
470 565 633 591 facultatem
655 563 811 599 reeipiendi
831 563 989 590 monachos
1010 563 1036 589 in
1054 570 1171 590 monas-

159 615 231 641 terio
255 622 280 641 S.
302 613 426 648 Benigni
447 622 513 640 cum
534 618 696 640 conventus
715 621 838 639 assensu
860 620 952 647 usque
967 612 1002 638 ad
1019 619 1170 638 numerum

161 663 196 690 de
211 672 268 698 quo
286 663 389 690 viderit
404 663 550 697 expedire,
573 670 628 689 non
649 662 782 688 obstante
798 663 963 696 juramento
983 662 1048 695 ejus
1063 660 1098 686 de
1115 668 1170 687 non

160 711 295 739 creandis
317 711 467 738 monachis
490 711 562 737 iun-a
584 714 694 737 certum
718 715 843 745 tempuS.
868 709 955 746 (lieo.
975 710 1024 740 ⁶24,
1047 718 1074 737 c.
1095 709 1170 743 278¹,

162 761 180 787 f.
200 761 228 786 41
245 772 250 791 ;
269 760 414 786 [Ἧι-101151·
431 759 538 792 15Ῑ82.)

765 501 882 536 Naplcs,
899 501 915 528 8
932 500 1002 527 avril
1019 500 1098 528 1255.

201 873 215 888 α
233 884 266 897 ..‚
281 862 382 891 abbati
393 862 574 891 monasterii
584 862 684 891 sancti
698 862 838 899 Beniyni,
852 866 905 890 etc.
921 866 1074 899 utsupra.
1089 860 1172 890 Cum

163 914 247 944 sicut
263 914 358 944 nohis
373 931 422 943 —.
440 915 513 944 Dat.
530 918 567 944 ut
583 923 693 953 supra.
713 926 726 941 »

231 1086 321 1115 334
749 1085 868 1120 Naples,
888 1086 918 1112 t‘z
935 1085 1005 1112 avril
1022 1086 1100 1112 1255.

197 1148 437 1183 Archiepiscopis
448 1152 476 1174 et
487 1148 634 1182 episcopis
647 1151 674 1174 et
691 1148 825 1183 capitulis
842 1148 920 1181 regni
936 1147 1172 1183 Jerosniymitani

166 1197 290 1229 mandat,
305 1201 345 1229 ut,
364 1196 388 1222 V
406 1197 524 1223 fratrum
542 1200 569 1222 et
585 1197 790 1222 canonicorum
806 1200 856 1223 aut
869 1197 992 1231 amplius
1010 1197 1173 1232 receptione

162 1246 190 1272 in
216 1246 341 1280 singulis
368 1254 467 1272 eorum
498 1245 647 1277 ecclesiis,
676 1245 761 1271 nullis
791 1245 959 1272 vacantibus
987 1245 1171 1280 praebendis,

163 1294 330 1321 scandulum
355 1298 384 1320 et
407 1294 553 1320 horrorem
579 1293 742 1326 inducente,
764 1293 821 1319 duo
843 1293 991 1320 dumtaxat
1011 1293 1046 1320 de
1065 1295 1109 1320 sic
1129 1302 1174 1320 re-

161 1343 254 1377 ceptis
277 1343 304 1369 in
327 1343 461 1369 ecclesiis
477 1343 602 1376 singulis
617 1342 748 1369 canonici
765 1347 945 1376 remaneant,
962 1343 1011 1376 qui
1027 1343 1085 1369 sint
1099 1346 1173 1369 tem-

164 1399 232 1426 pore
249 1392 387 1426 potiores.
403 1390 490 1424 (Rea.
507 1391 550 1425 ⁶24,
569 1399 595 1418 c.
611 1391 673 1423 ⁴279,
691 1391 710 1417 f.
727 1391 783 1424 41.)

204 1505 218 1520 «
234 1494 476 1531 Archiepiscopz's
492 1498 517 1522 et
534 1494 678 1531 episcopis
697 1498 722 1522 et
743 1494 860 1522 dilectis
874 1494 950 1531 filiis
966 1495 1111 1532 capitulis
1127 1504 1174 1524 ec-

162 1547 327 1575 etesiarum
338 1546 564 1575 cadweli-alima
578 1547 610 1575 in
623 1555 715 1583 regino
730 1547 886 1576 Jerosolim
894 1547 976 1576 imno
987 1549 1172 1578 constitutis.

163 1599 247 1629 Ceca
261 1599 369 1629 cordis
383 1599 546 1637 cupiditas
564 1599 624 1638 (Cf.
643 1608 671 1629 c.
688 1599 756 1635 274,
775 1604 809 1629 0ο
822 1600 919 1639 324)
935 1618 984 1629 -.
1002 1601 1076 1631 Dat.
1091 1602 1174 1632 Nea-

162 1651 240 1689 poli,
262 1652 296 1681 11
311 1651 386 1681 idus
403 1651 530 1689 aprilis,
549 1660 635 1681 anno
650 1652 765 1690 primo.
786 1664 798 1678 »

235 1830 324 1858 335

201 1892 345 1927 Episcopo
376 1892 539 1919 castellano
573 1892 688 1923 scribit,
718 1893 888 1928 'l'ergestina
917 1895 1039 1921 ecclesia
1066 1896 1174 1923 dudum

166 1945 281 1975 pastore
307 1946 437 1974 vacante,
465 1941 626 1975 Arlongun)
653 1943 842 1974 canonicum,
868 1945 1176 1971 excommunicationis

167 1990 283 2016 vinculo
299 1990 482 2021 innodatum,
500 1999 514 2016 a
534 1990 642 2016 decano
663 1994 690 2017 et
705 1992 830 2026 capitulo
846 1993 975 2026 ejusdem
992 1994 1131 2020 ecciesiae
1147 1994 1175 2020 in

165 2038 334 2073 episcopum
361 2039 483 2065 electum
511 2039 618 2071 fuisse;
647 2040 838 2067 Guarnerium
863 2046 957 2068 autem
984 2042 1018 2068 de
1041 2042 1174 2073 Cocania,

166 2088 337 2114 canonicum
365 2088 603 2122 Aquilcgensem‚
625 2089 785 2115 secundum
808 2098 933 2117 canones
956 2092 981 2117 in
1007 2093 1175 2127 episcopum

166 2136 290 2162 electum
317 2136 409 2162 fuisse
435 2137 468 2162 ab
496 2137 620 2163 Henrico
646 2138 703 2164 filio
729 2138 872 2172 quondam
897 2139 1035 2167 Bernardi
1056 2145 1084 2167 et
1107 2140 1176 2167 Her-

167 2193 271 2211 manno
289 2184 323 2211 de
339 2184 438 2215 Utino,
456 2185 602 2212 canonicis
618 2186 804 2220 Tergestinae
819 2188 958 2214 ecclesiae
975 2190 1176 2216 contradicen-

753 1830 869 1865 Naples.
889 1832 917 1858 r}
932 1840 1007 1858 mars
1027 1833 1102 1860 1255.

168 2235 246 2260 tibus
266 2239 315 2261 aut
338 2235 521 2269 irrequisitis,
545 2237 693 2262 electionis
714 2241 884 2271 potestatem
905 2239 988 2266 electi
1008 2240 1177 2268 cenetensis

169 2284 270 2309 litteris
286 2284 500 2315 obtinentibus;
518 2284 667 2318 eidemque
686 2286 800 2312 mandat
816 2290 846 2313 ut
861 2287 1053 2315 Guarnerium
1068 2289 1102 2315 de
1121 2288 1178 2316 Co·

167 2333 248 2358 cania
264 2333 405 2358 ccclesiae
420 2332 608 2367 Tergestinae
620 2334 646 2360 in
660 2335 828 2370 episcopum
841 2338 1010 2364 auctoritate
1021 2339 1179 2373 apostolica

168 2382 324 2415 praeliciat.
345 2381 427 2414 (Rue.
446 2382 489 2413 ⁶24,
506 2390 531 2408 c.
549 2383 610 2415 280,
629 2383 647 2409 f.
665 2384 711 2416 413
731 2383 878 2411 Pomm-‚r
895 2386 1002 2419 15737.)

155 2478 161 2482 “
210 2494 223 2508 ιι
244 2505 276 2517 ..,
295 2483 428 2519 episeopo
442 2484 620 2513 Castetlano.
639 2484 737 2514 Lecta
755 2494 865 2515 coram
881 2487 976 2517 nohis
990 2487 1102 2518 dilecti
1116 2489 1179 2519 filii

168 2535 347 2564 Guarnerii
371 2535 409 2564 de
431 2535 590 2571 Cocania,
617 2537 769 2567 canonici
792 2539 1039 2577 Aquilegensis,
1063 2542 1179 2580 petitio

169 2587 359 2617 continebat
385 2588 486 2626 qnod,
515 2589 709 2627 Tergestina
732 2590 871 2621 ecclesia
898 2592 1023 2623 dudum
1048 2599 1180 2632 pastore

169 2645 317 2676 vacante,
331 2640 520 2675 ..‚decanus
537 2645 567 2671 et
581 2642 762 2680 capitulum
776 2644 882 2682 ipsius
894 2646 1043 2682 ecclesie,
1061 2647 1180 2678 dilecto

169 2693 237 2723 11110
262 2693 408 2724 Heni-ico
432 2694 501 2724 filio
520 2695 685 2733 quondam
708 2697 871 2727 Ber-nardi
893 2699 1010 2729 militis
1033 2700 1181 2740 ejusdem

170 2746 309 2777 ecclesie
333 2747 492 2777 canonico
514 2748 759 2780 contradicente
779 2751 912 2788 penitus
938 2756 967 2782 et
989 2753 1180 2784 Hermanno

169 2799 207 2829 de
225 2799 327 2830 Utino
344 2808 457 2830 eorum
474 2801 696 2831 concanonico
718 2802 911 2841 irrequisito
933 2813 1031 2843 super
1049 2805 1112 2836 hoc
1132 2811 1181 2836 at-

170 2860 233 2889 que
250 2855 447 2890 contempto,
473 2853 529 2891 qui
552 2854 678 2892 requiri
700 2855 832 2886 comode
853 2860 979 2895 poterat
999 2862 1029 2888 et
1053 2858 1180 2898 dejure

1252 266 1402 302 debebat,
1421 267 1603 306 Arlongum
1620 268 1816 298 canonicum
1833 267 1939 306 ipsius
1961 267 2110 302 ecclesie,
2129 267 2266 304 exigen-

1252 319 1341 350 tibus
1355 320 1426 350 suis
1439 320 1546 358 culpis
1560 320 1912 350 excommunicationis
1924 320 2056 350 vinculo
2068 319 2266 349 innodatum

1253 373 1287 402 in
1317 382 1431 403 eorum
1461 373 1650 412 episcopum
1673 373 1795 411 eligere
1815 377 2108 412 presumpserunt:
2132 377 2266 412 propter

1253 426 1341 465 quod
1360 426 1438 456 dicti
1459 427 1626 457 Henricus
1650 431 1680 456 01
1706 428 1918 457 Hei-mannus
1941 436 1959 456 a
1980 426 2088 457 felicis
2112 426 2266 457 recorda-

1254 479 1355 510 tionis
1371 481 1397 510 I.
1415 489 1496 518 papa
1514 480 1746 518 predecessore
1763 484 1874 510 nostro
1891 481 1931 510 ad
1949 504 1982 516 ..,
2000 480 2140 510 electum
2158 479 2267 511 Cene-

1254 537 1393 566 100500),
1411 532 1540 563 litteras
1559 533 1889 572 impetrarunt,iuter
1902 534 1967 564 alia
1983 534 2202 568 continentes,
2215 537 2264 568 ut.

1253 586 1378 616 vocatis
1397 586 1454 625 qui
1477 587 1614 616 vocandi
1631 587 1750 620 forent,
1769 588 1854 626 quod
1871 596 1970 626 super
1985 587 2047 617 hoc
2068 587 2267 618 canonicum

1254 643 1341 669 essct
1357 639 1577 677 appellatione
1596 644 1721 669 remota
1736 644 1881 670 statuere
1898 645 2099 678 procuraret.
2117 640 2268 679 Cumque

1253 692 1462 730 postmodum
1495 692 1604 722 dictus
1633 692 1829 723 Cenetensis
1857 692 1980 723 electus
2010 697 2076 723 tam
2102 693 2268 732 predictos

1254 745 1414 774 decanum
1432 749 1463 775 et
1481 745 1662 783 capitulum
1684 755 1783 784 quam
1804 746 1970 784 prefatum
1990 746 2174 784 Arlongum
2189 755 2269 777 auc-

1256 798 1388 828 toritate
1400 797 1592 837 hujusmodi
1603 798 1790 829 litterarum
1801 799 1950 835 legitime
1959 801 2141 833 citavisset.
2153 800 2269 830 iidem-

1256 860 1319 890 que
1338 851 1483 881 decanus
1500 855 1530 881 et
1548 851 1729 889 capitulum
1746 861 1855 882 coram
1872 853 1943 891 ipso
1956 853 2135 884 Genetensi
2148 853 2183 883 in
2200 857 2268 883 sta-

1256 908 1326 934 tuto
1355 904 1403 934 eis
1428 904 1570 934 termino
1590 910 1818 943 comparentes
1844 914 1879 935 ac
1905 905 2022 936 frivole
2050 905 2266 944 appellantes,

1256 966 1393 987 examen
1410 957 1516 996 ipsius
1530 958 1661 996 proprie
1677 958 1858 989 voluntatis
1873 963 2050 998 sequentes
2065 959 2198 989 lihitum
2215 959 2268 989 de-

1255 1010 1448 1043 clinassent,
1467 1011 1593 1049 prefato
1612 1011 1757 1048 Arlongo
1771 1021 1830 1050 per
1845 1021 1880 1042 se
1897 1021 1962 1042 non
1981 1015 2190 1050 comparente
2206 1019 2269 1042 nec

1254 1063 1406 1093 mittente
1417 1063 1455 1093 ad
1467 1063 1529 1093 hoc
1541 1063 1685 1102 aliquem
1697 1065 1863 1103 ydoneum
1878 1065 2104 1103 responsalem
2115 1075 2121 1099 ;
2135 1064 2268 1095 demum

1255 1116 1363 1146 dictus
1388 1117 1585 1147 Cenctensis
1610 1117 1734 1147 clectus
1758 1117 1889 1147 dilectis
1909 1118 1988 1147 filiis
2011 1117 2211 1148 Belliniensi
2235 1121 2268 1148 et

1256 1170 1442 1199 Mosacensi
1456 1170 1632 1199 abbatibus
1646 1170 1812 1200 commisit
1829 1179 1928 1209 super
1944 1170 2016 1206 hoc,
2032 1174 2127 1209 prout
2141 1179 2178 1201 ex
2192 1178 2268 1209 pre-

1255 1222 1418 1252 dictarum
1447 1222 1635 1253 litterarum
1656 1223 1819 1253 beneficio
1840 1227 1983 1262 poterat,
2007 1223 2154 1254 totaliter
2176 1223 2267 1254 vices

1255 1284 1344 1311 suas,
1365 1276 1421 1314 qui
1438 1276 1580 1313 cognitis
1598 1285 1696 1306 cause
1712 1277 1841 1307 meritis
1860 1281 1891 1307 et
1910 1277 1996 1316 juris
2016 1277 2131 1307 ordine
2153 1276 2268 1307 ohser-

1255 1334 1329 1359 vato
1354 1329 1411 1368 qui
1433 1329 1630 1359 electionem
1653 1330 1692 1360 de
1714 1331 1841 1368 prefato
1863 1330 2008 1366 Arlongo
2032 1330 2165 1360 vinculo
2188 1334 2268 1359 tunc

1256 1381 1609 1411 excommunicationis
1626 1382 1760 1412 astricto
1774 1382 1931 1420 predictis
1947 1383 2092 1412 Hem-ico
2106 1381 2269 1412 contradi-

1256 1438 1350 1464 cente
1367 1438 1395 1464 et
1413 1435 1606 1464 Hermanno
1628 1435 1821 1474 irrequisito
1844 1435 2043 1465 invenerunt
2062 1435 2170 1466 fuisse
2193 1443 2269 1473 pre-

1257 1492 1423 1526 sumptam
1442 1497 1479 1517 ac
1495 1488 1595 1518 etiam
1614 1488 1697 1518 alias
1716 1492 1829 1518 contra
1852 1489 1991 1518 formam
2009 1488 2174 1525 generalis
2190 1496 2270 1519 con-

1256 1541 1326 1571 cilii
1345 1544 1583 1579 attemptatam.
1603 1541 1693 1571 illam
1712 1541 1862 1579 exigente
1878 1541 2010 1581 justitia
2025 1540 2270 1572 sententialiter

1256 1594 1427 1624 irritantes
1447 1599 1477 1624 et
1492 1594 1623 1624 irritam
1642 1595 1846 1630 nuntiantes,
1870 1595 2034 1633 predictos
2057 1594 2219 1625 decanum
2239 1597 2272 1624 et

1257 1648 1438 1686 capitulum
1464 1647 1631 1683 eligendo,
1656 1656 1693 1677 ea
1717 1648 1789 1677 vice
1809 1651 1969 1686 potestate
1989 1647 2150 1686 privatos.
2177 1651 2208 1678 et
2230 1646 2272 1677 ad

1256 1701 1402 1739 prefatos
1423 1701 1606 1730 Henricum
1629 1705 1660 1731 et
1682 1701 1912 1730 Hei-mannum
1940 1704 2135 1738 potestatem
2159 1699 2271 1739 provi-

1257 1754 1356 1784 dendi
1373 1754 1412 1783 de
1428 1763 1569 1792 persona
1583 1754 1701 1783 idonea
1715 1754 1822 1783 eidem
1839 1753 1977 1784 ecclesie
1994 1753 2181 1783 devolutam
2197 1761 2270 1784 esse

1258 1807 1499 1837 nichilominus
1515 1806 1737 1836 declararunt.
1763 1808 1900 1845 Propter
1923 1807 2010 1845 quod
2028 1830 2060 1840 ..,
2081 1806 2270 1845 prepositus

1258 1859 1396 1890 ecclesie
1413 1859 1519 1889 sancti
1538 1859 1679 1889 W*oll‘ici
1698 1859 1935 1898 Aquilegensis
1955 1859 2108 1892 diocesis,
2122 1859 2156 1888 in
2173 1867 2272 1898 quem

1257 1914 1337 1943 dicti
1353 1913 1519 1943 Heni-icus
1538 1917 1569 1942 01
1590 1914 1804 1943 Hermannus
1828 1913 2023 1950 providendi
2046 1912 2110 1950 ipsi
2131 1911 2272 1942 ecclesie

1257 1966 1296 1996 de
1312 1970 1442 2004 pastore
1458 1975 1515 2004 per
1531 1965 1726 1996 electionem
1740 1965 1934 1995 eanonicam
1946 1965 1997 1995 vel
2014 1964 2272 2003 postulationem

1257 2019 1451 2049 concordem
1469 2017 1710 2048 transtulerunt
1721 2018 1926 2048 unanimiter
1936 2022 2144 2056 potestatem,
2161 2018 2271 2056 prefa-

1258 2076 1328 2101 tum
1345 2072 1554 2102 Guarncrum
1571 2071 1610 2101 de
1632 2071 1775 2102 Cocania
1791 2071 2051 2110 Aquilegenscm
2073 2071 2272 2102 canonicum

1259 2126 1293 2154 in
1309 2125 1541 2161 Tergestinum
1558 2125 1748 2163 episcopum
1769 2134 1970 2163 quamquam
1992 2124 2157 2155 defectum
2178 2128 2271 2163 pate·
2319 2147 2322 2150 .

1258 2182 1350 2208 retur
1365 2178 1400 2207 in
1419 2178 1592 2207 ordinibus
1608 2177 1798 2216 postulavit,
1817 2186 1854 2207 ac
1870 2177 2010 2207 dilectus
2026 2177 2117 2207 filius
2132 2176 2271 2216 Aquile-

1259 2231 1371 2269 gensis
1394 2231 1517 2261 electus
1533 2230 1807 2268 metropolitanus
1830 2230 1976 2268 predicte
1999 2229 2137 2260 ecclesie
2152 2229 2272 2268 hujus-

1259 2284 1346 2314 modi
1365 2283 1622 2322 postulationem
1642 2283 1705 2312 sihi
1722 2286 1946 2321 presentatam
1962 2282 2107 2318 admisit,
2125 2286 2221 2320 prout
2235 2281 2272 2311 in

1259 2337 1365 2375 ipsius
1381 2335 1616 2375 Aquilegensis
1632 2335 1754 2365 litteris
1770 2344 1869 2373 super
1890 2335 1952 2365 hoc
1975 2334 2134 2365 confectis
2150 2333 2272 2364 dicitur

1260 2389 1392 2427 plenius
1409 2388 1584 2418 contineri.
1603 2388 1699 2419 Unde
1713 2388 1881 2426 predictus
1892 2389 1948 2417 W.
1964 2388 2002 2417 (le
2015 2387 2160 2419 Cocania
2175 2385 2272 2417 nohis
2311 2429 2316 2431 λ

1262 2441 1436 2471 humiliter
1459 2440 1657 2478 supplicavit
1680 2445 1731 2475 ut,
1762 2441 1848 2479 quod
1869 2450 1927 2479 per
1949 2440 2095 2478 prefatos
2118 2439 2270 2475 abbates,
2323 2431 2325 2433 ³

1260 2494 1464 2532 prepositum
1481 2497 1512 2523 et
1528 2493 1669 2523 electum
1686 2493 1945 2532 Aquilegensem
1963 2492 2087 2522 factum
2100 2491 2219 2526 extitit,
2236 2489 2274 2520 in

1261 2546 1322 2576 hac
1338 2549 1429 2584 parte
1446 2546 1640 2575 confirmare
1659 2546 1698 2575 de
1720 2545 1926 2583 benignitate
1945 2544 2043 2574 solita
2067 2551 2271 2573 curaremus.

1262 2599 1346 2635 Quia
1361 2607 1438 2628 vero
1456 2598 1550 2627 nobis
1567 2607 1630 2627 non
1649 2598 1797 2628 constitit
1813 2598 1852 2628 de
1873 2597 2058 2636 premissis,
2076 2595 2273 2627 mandamus

1264 2654 1439 2690 quatenus,
1454 2650 1482 2680 si
1496 2659 1548 2680 res
1564 2651 1611 2679 ita
1627 2660 1661 2680 se
1675 2650 1785 2686 habet,
1797 2650 1884 2689 quod
1895 2649 2081 2688 apredictis
2097 2647 2273 2678 abbatibus

1264 2712 1362 2742 super
1379 2703 1566 2733 irritatione
1583 2703 1727 2742 predicte
1745 2703 1917 2733 electionis
1932 2701 2068 2740 provide
2083 2701 2209 2730 factum
2224 2702 2274 2730 est

1263 2756 1458 2786 auctoritate
1488 2760 1600 2785 nostra
1625 2756 1820 2785 confirmare
1851 2763 2018 2793 procures.
2043 2754 2168 2784 Verum
2194 2751 2274 2790 quia

1264 2808 1372 2838 eidem
1382 2808 1600 2847 Aquilegensi
1612 2808 1715 2838 electo
1727 2809 1838 2838 minus
1852 2807 1986 2846 provide
2002 2806 2067 2836 fuit
2081 2802 2274 2843 hujusmodi

1262 2860 1439 2899 postulatio
1456 2865 1644 2899 presentata
1660 2865 1690 2890 ct
1707 2861 1747 2891 ab
1762 2861 1834 2898 ipso
1850 2863 1991 2898 recepta,
2009 2866 2084 2888 cum
2100 2865 2199 2895 super
2211 2855 2272 2886 hoc
