2498 3325
184 253 241 282 246
910 249 1150 282 REGXSTRES
1172 247 1479 278 D'ALEXANDRE
1502 249 1556 278 IV.

255 318 308 346 81
319 318 346 345 8
669 318 796 353 Anagni,
812 318 844 344 ‘27
861 317 1024 352 septembre
1042 316 1120 344 1255.

220 379 336 406 Eisdem
351 379 446 406 abbati
461 383 490 406 et
504 380 660 406 conventui
676 379 816 414 indulget,
831 382 861 405 ut
873 378 909 405 de
925 379 1021 412 terris,
1033 378 1126 404 vineis
1136 380 1192 404 eto.

186 428 283 454 nultus
299 428 333 453 ab
349 427 405 453 illis
421 428 548 454 decimas
564 428 680 462 exigere
697 428 797 454 valeat.
814 427 897 460 (Rae.
910 427 955 461 24,
968 435 994 454 c.
1006 426 1078 458 643²,
1093 426 1111 452 Ε.
1124 425 1193 458 96'.)

226 541 238 556 «
256 529 386 559 Eisdem.
403 529 596 559 Devotionis
612 532 720 559 vestre
735 529 855 558 merita
866 545 915 557 —.
933 529 1124 566 Eapropter,
1143 527 1193 557 di-

183 581 261 611 lecti
277 581 312 610 in
328 581 469 611 Domino
483 580 556 616 filii,
575 581 695 611 vestris
712 580 1012 619 supplicationibus
1025 580 1190 616 inclinati,

184 638 220 663 ut
238 634 277 664 de
293 634 402 669 terris,
420 634 539 669 vineis,
558 638 589 664 et
605 633 680 664 aliis
697 633 866 664 laboribus
882 634 1002 664 vestris
1019 642 1101 672 quos
1117 642 1193 672 pro-

184 687 266 725 priis
289 686 444 716 manibus
467 690 522 716 aut
547 686 735 724 sumptibus
756 686 876 722 colitis,
904 687 974 716 sive
994 686 1032 716 de
1054 686 1136 716 ortis
1162 690 1194 717 et

184 739 339 776 virgultis
355 739 475 769 vestris
497 748 533 769 ac
549 743 734 769 vestrorum
751 739 946 769 animalium
964 739 1191 775 nutrimentis,

185 791 298 822 nullus
322 801 339 821 a
358 792 450 822 vobis
472 792 617 821 decimas
639 792 770 830 exigere
786 792 837 822 vel
859 795 1053 830 extorquere
1073 792 1190 827 valeat,

185 844 279 874 vobis
301 849 331 874 et
352 854 410 883 per
429 853 484 874 vos
501 844 702 874 monasterio
717 848 826 874 vestro
842 845 1038 875 auctoritate
1056 854 1193 883 presen-

186 898 270 928 tium
294 897 518 935 indulgemus.
542 896 635 927 Nulli
658 901 719 927 etc.
742 901 854 927 nostre
879 898 1105 928 concessionis
1130 901 1191 927 etc.

186 951 260 980 Dat.
277 951 440 988 Anagnie,
457 951 484 980 V
500 949 658 980 kalendas
677 950 837 985 octobris,
857 959 943 980 anno
958 950 1076 988 primo.
1099 963 1111 977 ι)

258 1107 346 1135 8¹3
671 1108 797 1142 Anagni,
814 1107 848 1135 26
863 1108 1027 1143 septembre
1046 1109 1120 1135 1255.

223 1169 339 1195 Eisdem
355 1169 481 1196 decimas
498 1170 645 1203 elargitur.
663 1169 747 1203 (Rau.
764 1169 809 1203 24,
826 1178 851 1196 e.
867 1169 942 1202 643³,
960 1171 979 1198 f.
995 1171 1064 1203 96⁷.)

229 1282 242 1296 ι(
264 1270 395 1299 Eisdem.
423 1270 616 1299 Devotionis
645 1274 703 1300 etc.
736 1279 842 1308 usque
867 1280 873 1299 :
902 1271 1074 1307 inclinati,
1098 1276 1134 1301 ut
1159 1272 1195 1301 in

186 1322 371 1362 parrochiis
383 1323 417 1352 in
432 1322 553 1361 quibus
567 1326 695 1352 veteres
709 1322 853 1352 decimas
866 1323 989 1353 habere
1003 1324 1194 1360 noscimini,

186 1384 244 1414 pro
264 1384 301 1405 ea
322 1375 471 1413 portione
492 1384 557 1413 qua
573 1375 662 1412 ipsas
681 1375 806 1405 ibidem
825 1375 914 1414 juste
930 1376 1117 1414 percipitis,
1136 1385 1196 1406 no·-

186 1428 313 1458 valium
325 1436 455 1466 quoque
465 1427 637 1466 dequibus
649 1427 771 1466 aliquis
782 1427 944 1457 hactenus
959 1437 1023 1458 non
1038 1428 1195 1466 percepit,

186 1481 355 1519 percipere
378 1480 482 1510 libere
505 1480 658 1515 valeatis,
677 1480 770 1510 vobis
791 1484 822 1510 et
843 1489 901 1518 per
916 1490 973 1511 vos
995 1481 1197 1511 monasterio

188 1538 297 1563 vestro
319 1533 514 1563 auctoritate
537 1533 742 1571 presentium
766 1533 990 1571 indulgemus.
1015 1521 1195 1564 Nulli'etc.

188 1590 300 1616 nostre
325 1586 550 1616 concessionis
578 1590 638 1615 etc.
666 1586 740 1615 Dat.
768 1586 938 1624 Anagnie,
962 1587 1008 1617 VI
1036 1587 1196 1617 kalendas

189 1639 343 1674 octobris,
362 1647 449 1668 anno
467 1638 584 1676 primo.
604 1650 617 1664 »

260 1797 352 1825 814
670 1796 797 1830 Magni,
816 1796 847 1823 12
864 1797 1027 1831 septembre
1048 1798 1125 1824 1255.

226 1858 389 1892 Guillelmo,
405 1858 499 1884 abbati
515 1858 679 1884 monasterii
696 1858 911 1890 Fiscannensis,
924 1859 1009 1885 dandi
1022 1859 1049 1885 in
1066 1860 1154 1886 missa
1170 1863 1198 1886 et

191 1907 402 1942 praedicatione
423 1906 630 1940 indulgentiam
647 1906 676 1932 X
696 1907 740 1933 vel
757 1907 817 1933 XX
834 1907 945 1934 dierum
961 1909 1093 1934 coneedit
1109 1909 1198 1935 facul·
1224 1935 1229 1938 ,

190 1959 287 1982 tatem.
304 1955 385 1989 (ttae.
400 1955 443 1987 ⁶24,
465 1964 489 1981 c.
507 1955 568 1988 (344,
585 1955 604 1981 f.
622 1955 692 1987 96¹)

233 2070 244 2084 α
265 2058 434 2093 Guilletmo,
452 2058 563 2091 abbati,
582 2063 607 2086 et
621 2059 785 2086 conventui
798 2059 978 2087 monasterii
993 2059 1196 2095 Fiscanensis‚

191 2112 310 2140 ordinis
327 2112 427 2140 sancti
440 2111 603 2145 Benedicti,
620 2111 659 2139 ad
674 2112 842 2140 Romanam
859 2112 1022 2140 Ecclesiam
1039 2113 1124 2141 nullo
1140 2121 1198 2141 me·

191 2165 240 2193 dio
257 2165 452 2201 pertinentis.
476 2163 669 2193 Devotionis
686 2168 748 2193 etc.
764 2173 870 2202 usque
890 2174 897 2192 :
915 2168 1113 2200 annuentes,
1128 2174 1198 2194 mo-

192 2217 377 2246 nasterium
405 2220 563 2251 vestrum,
595 2216 682 2255 quod
708 2216 862 2254 specialis
886 2216 973 2255 juris
997 2217 1086 2246 beati
1107 2218 1199 2247 Petri

192 2270 314 2305 existit,
342 2269 543 2308 specialibus
566 2270 777 2307 insignamus
800 2269 907 2299 titulis
924 2270 1133 2307 dignitatum.
1155 2271 1199 2301 Ut

191 2323 294 2360 igitur
315 2331 351 2352 eo
373 2322 483 2360 potius
501 2322 679 2360 apostolice
696 2322 773 2352 Sedi
790 2322 972 2352 teneamini
989 2331 1053 2361 quo
1071 2323 1110 2352 ab
1126 2323 1200 2361 ipsa

191 2375 277 2404 dona
292 2374 485 2412 receperitis
501 2374 638 2412 potiora,
658 2374 729 2409 tibi,
747 2363 795 2403 fili
812 2374 924 2410 abbas,
943 2375 1051 2413 quoad
1064 2375 1197 2412 vixeris,

192 2427 292 2457 dandi
307 2427 342 2456 in
356 2427 459 2456 missa
475 2431 505 2456 et
521 2426 745 2464 predicatione
761 2426 1004 2464 indulgentiam
1020 2427 1133 2458 decem
1149 2427 1201 2458 vel

191 2480 256 2510 XX
275 2480 415 2515 dierum,
433 2483 529 2518 prout
549 2479 701 2517 expedire
722 2479 857 2514 videris,
881 2480 915 2509 in
937 2480 1088 2510 ecclesiis
1107 2480 1201 2511 vobis

191 2532 289 2571 pleno
310 2532 384 2571 jure
413 2532 586 2571 subjectis,
614 2532 745 2570 plenam
768 2533 979 2563 concedimus
1005 2534 1201 2564 auctoritate

191 2585 396 2623 presentium
420 2584 623 2614 facultatem.
642 2584 736 2614 Nulli
757 2588 818 2614 etc.
840 2589 951 2615 nostre
974 2586 1200 2616 concessionis

193 2642 254 2668 etc.
271 2638 343 2667 Dat.
360 2637 524 2675 Anagnie,
542 2637 574 2667 II
588 2637 662 2667 idus
680 2637 887 2674 septembris,
906 2646 992 2668 anno
1008 2638 1125 2676 primo.
1145 2651 1157 2665 n

264 2795 355 2823 815
677 2794 804 2828 Anagni,
819 2794 852 2820 ‘24
869 2794 1032 2828 septembre
1052 2795 1129 2821 1255.

229 2856 425 2890 infrascriptis
447 2856 571 2890 mandat,
588 2856 725 2890 quatinus
745 2855 780 2881 de
803 2855 878 2881 mille
904 2856 984 2882 libris
1010 2859 1201 2890 proventuum

194 2905 389 2933 Virdunensis
405 2906 592 2940 episcopatus
608 2904 787 2931 satisfaciant
800 2904 958 2938 Thfibaldol
971 2925 978 2939 ,
994 2905 1090 2932 comiti
1108 2904 1199 2939 Barri,

1273 318 1302 340 et
1317 314 1489 348 quibusdam
1505 315 1569 341 aliis
1586 322 1617 341 se
1633 314 1817 349 fidejussorio
1835 314 1949 340 nomine
1963 313 2160 348 obligantibus
2172 321 2222 349 pro
2232 312 2282 340 Ja-

1273 362 1356 397 cob0‚
1373 363 1510 397 episcopo
1526 362 1712 394 Vin-dunensi,
1729 362 1764 388 ad
1781 361 1895 389 Curiam
1908 363 2041 388 veniente
2056 366 2084 388 et
2099 362 2186 388 multa
2197 370 2284 388 onera

1274 411 1393 443 ferente,
1410 411 1459 445 qui
1471 414 1566 438 autem
1579 411 1614 437 de
1626 411 1725 437 decem
1737 411 1864 437 millibus
1875 414 1903 437 et
1913 410 2080 445 quingentis
2092 418 2124 437 ac
2135 411 2284 443 octoginta

1274 460 1355 486 libris
1371 459 1458 486 debiti
1474 460 1625 486 ecelesiam
1644 460 1736 494 ipsius
1752 459 1891 487 liberavit.
1907 459 1990 493 (Rau.
2001 459 2046 490 Ἡ,
2063 467 2088 486 c.
2103 459 2165 490 6⁴5,
2182 459 2200 486 s.
2213 458 2284 491 95¹.)

1317 573 1330 587 α
1352 561 1395 596 6.,
1414 561 1516 590 abbati
1530 562 1677 598 Bellv'J'oci,
1699 561 1898 590 Virdunensis
1910 561 2044 595 diocesis,
2061 565 2086 589 ee
2102 561 2147 593 R.v
2163 561 2284 589 cantori

1277 615 1421 643 ructensi.
1447 614 1604 652 Exposuit
1629 613 1725 643 uobis
1749 613 1951 643 venerabilis
1970 613 2074 643 frater
2094 617 2206 643 noster
2225 613 2283 644 Ja-

1274 665 1392 699 cobus,
1411 666 1584 704 episcopus
1603 665 1842 700 virdunensis,
1862 665 1948 704 quod
1968 665 2039 703 ipse
2056 673 2113 703 pro
2129 665 2283 703 expensis

1274 717 1438 748 faciendis
1457 717 1491 747 in
1514 718 1635 747 itinere
1659 726 1763 756 nuper
1785 717 1826 747 ad
1842 721 1988 747 nostram
2010 717 2210 755 presentiam
2227 725 2284 747 ve-

1275 770 1390 800 niendi
1414 774 1445 800 et
1467 770 1543 800 aliis
1564 770 1822 800 necessitatibus
1838 770 1909 799 suis
1928 769 2019 799 mille
2035 769 2197 799 librarum
2216 769 2284 799 for-

1275 823 1358 853 tium
1379 822 1560 861 Campanie
1581 822 1673 852 duxit
1691 826 1842 852 mutuum
1865 821 2145 857 contrahendum,
2164 821 2284 852 dilecto

1274 876 1344 906 filio
1361 875 1464 906 nobili
1480 876 1550 905 viro
1562 875 1635 910 Th„
1650 875 1768 905 comite
1786 875 1875 910 Bari,
1894 879 1923 905 et
1940 874 2140 914 quibusdam
2157 874 2234 905 aliis
2249 883 2285 906 se

1275 938 1333 967 pro
1350 938 1387 958 eo
1403 928 1623 958 creditoribus
1637 928 1846 966 fidejussorio
1863 928 1995 957 nomine
2013 927 2238 965 obligantibus
2254 931 2286 958 et.

1275 981 1476 1020 principales
1490 981 1772 1011 constituentibus
1787 980 1953 1010 debitores
1967 990 1972 1009 :
1991 980 2113 1019 quibus
2129 980 2199 1019 ipse
2215 988 2286 1019 pro-

1276 1034 1369 1064 misit
1387 1034 1474 1072 quod
1495 1033 1607 1063 omnia
1626 1033 1768 1071 dampna
1790 1042 1853 1072 que
1878 1042 1936 1071 pro
1961 1033 2091 1063 defectu
2108 1032 2286 1064 solutionis

1276 1086 1467 1126 hujusmodi
1484 1086 1649 1116 subierint
1663 1086 1813 1124 pecunie,
1832 1085 1920 1115 idem
1934 1094 1971 1115 ac
1989 1085 2198 1124 episcopatus
2213 1086 2287 1116 Vir-

1276 1139 1436 1169 dunensis
1454 1139 1502 1169 eis
1519 1138 1694 1168 restituere
1710 1142 1910 1173 tenerentur,
1929 1138 2023 1167 vobis
2037 1138 2077 1167 ab
2093 1147 2130 1168 eo
2147 1138 2181 1167 in
2198 1138 2286 1177 epis-

1277 1196 1393 1231 copatu
1408 1192 1479 1230 ipso
1491 1191 1562 1221 suis
1576 1190 1844 1229 procuratoribus
1861 1190 2063 1220 constitutis.
2078 1191 2186 1227 Quare
2198 1191 2286 1222 idem

1277 1246 1450 1284 episcopus
1463 1244 1558 1274 nobis
1572 1243 1745 1273 humiliter
1760 1243 1969 1281 supplicavit,
1986 1247 2021 1273 ut
2035 1252 2134 1282 super
2149 1243 2211 1274 hoc
2227 1252 2286 1275 sue

1277 1306 1314 1328 ac
1331 1297 1510 1327 eorundem
1527 1296 1736 1334 episcopatus
1753 1300 1783 1326 et
1802 1296 2035 1334 fidejussorum
2051 1296 2287 1335 indempnitati

1276 1358 1453 1389 precavere
1469 1349 1611 1379 sollicite
1634 1357 1838 1378 curaremus.
1862 1349 1930 1378 Nos
1946 1348 2050 1386 igitur
2065 1348 2285 1385 attendentes,

1278 1403 1380 1442 quod,
1399 1402 1485 1432 sicut
1501 1410 1519 1431 a
1537 1401 1651 1431 multis
1667 1401 1844 1438 fidedignis
1858 1409 1915 1439 per
1931 1410 2009 1430 suas
2024 1401 2153 1432 litteras
2169 1401 2204 1431 in
2220 1405 2288 1432 tes-

1278 1455 1454 1485 timonium
1478 1454 1732 1492 perhibentibus
1755 1453 1960 1492 accepimus,
1985 1454 2092 1483 dictus
2113 1454 2287 1492 episcopus

1279 1507 1453 1538 ecclesiam
1470 1506 1717 1537 Virdunensem
1735 1515 1797 1545 que
1814 1510 1949 1544 gravata
1965 1510 2033 1536 erat
2051 1515 2069 1536 a
2084 1507 2155 1536 suis
2170 1506 2288 1545 prede-

1279 1560 1468 1591 cessoribus
1494 1560 1528 1589 in
1550 1559 1688 1597 triginta
1709 1559 1836 1589 duobus
1856 1558 2006 1589 millibus
2025 1558 2187 1589 librarum
2202 1559 2288 1589 dicte

1279 1617 1421 1648 monete,
1442 1613 1480 1643 de
1497 1612 1609 1642 decem
1623 1611 1772 1641 millibus
1787 1615 1818 1641 et
1834 1611 2028 1650 quingentis
2045 1620 2080 1641 ac
2097 1611 2289 1649 octuaginta

1279 1666 1375 1696 libris
1394 1670 1425 1695 et
1442 1664 1584 1703 amplius
1600 1664 1772 1699 liberavit,
1793 1663 2009 1693 diminuendo
2025 1663 2216 1703 hujusmodi
2232 1663 2290 1695 de-

1279 1719 1386 1749 bitum
1400 1728 1458 1757 per
1474 1728 1567 1748 suam
1584 1718 1785 1748 industriam
1802 1721 1832 1747 et
1848 1717 2022 1752 cautelam,
2039 1717 2191 1756 quodque
2205 1716 2288 1747 alias

1279 1772 1315 1801 in
1345 1771 1486 1802 edificiis
1516 1774 1547 1800 et
1577 1770 1806 1800 melioratione
1837 1773 2020 1799 castrorum
2053 1778 2090 1799 ac
2117 1769 2289 1800 domorum

1279 1825 1386 1863 ipsius
1403 1823 1541 1854 ecclesie
1555 1823 1658 1853 subiit
1672 1831 1809 1860 magnos
1825 1826 1976 1860 sumptus
1993 1826 2024 1852 et
2040 1822 2127 1861 quod
2143 1822 2182 1852 ad
2199 1821 2289 1852 valo-

1280 1887 1350 1908 rem
1375 1881 1598 1907 trecentarum
1624 1880 1655 1906 et
1684 1876 1927 1914 Quinquaginta
1957 1875 2119 1905 librarum
2152 1875 2289 1905 fortium

1281 1931 1385 1960 annui
1409 1929 1558 1959 redditus
1581 1933 1612 1958 et
1632 1928 1774 1966 amplius
1798 1928 1836 1958 de
1859 1928 1956 1958 bonis
1977 1928 2056 1957 dicti
2079 1928 2288 1966 episcopatus

1281 1993 1344 2022 que
1361 1993 1378 2013 a
1399 1982 1689 2021 predecessoribus
1711 1981 1780 2010 suis
1803 1981 1947 2010 alienata
1970 1981 2103 2010 fuerant
2126 1980 2166 2010 ad
2182 1980 2237 2019 jus
2258 1984 2290 2010 et

1280 2036 1514 2074 proprietatem
1527 2034 1632 2072 ipsius
1642 2034 1848 2071 episcopatus
1859 2041 1916 2070 per
1926 2041 2019 2062 suam
2029 2032 2290 2063 sollicitudinem

1280 2089 1464 2123 revocavit,
1480 2087 1676 2116 mandamus
1692 2086 1849 2124 quatinus
1867 2089 1996 2114 tantum
2013 2085 2051 2115 de
2074 2085 2289 2123 proventibus

1282 2141 1440 2172 antedicti
1459 2141 1666 2178 episcopatus
1684 2140 1762 2168 anni
1782 2138 1946 2177 presentis
1967 2138 2135 2176 percipere
2156 2147 2193 2168 ac
2209 2137 2290 2168 reti-

1282 2203 1361 2224 nere
1387 2193 1524 2226 curetis,
1551 2192 1637 2231 quod
1658 2201 1695 2222 ex
1715 2200 1751 2221 eo
1776 2191 1997 2221 creditoribus
2018 2190 2056 2220 de
2078 2190 2175 2220 dictis
2198 2190 2290 2220 mille

1281 2247 1377 2276 libris
1405 2251 1436 2276 et
1458 2245 1710 2285 fidejussoribus
1732 2244 1771 2274 de
1795 2243 1960 2282 dampnis,
1980 2244 2008 2273 si
2034 2252 2098 2282 qua
2124 2252 2179 2273 eos
2205 2243 2290 2274 forte

1281 2300 1375 2330 vobis
1390 2299 1574 2329 incurrisse
1586 2298 1783 2332 constiterit,
1797 2297 1908 2326 usuris
1921 2297 2056 2326 omnino
2068 2296 2288 2331 cessantibus,

1282 2361 1426 2391 congrue
1436 2352 1587 2382 satisfiat.
1598 2350 1877 2381 Contradictores.
1888 2350 1961 2379 Dat.
1973 2349 2226 2387 Anagnie,VIII
2235 2348 2290 2378 ka-

1282 2405 1397 2436 lendas
1414 2404 1568 2439 octobris,
1587 2412 1673 2433 anno
1690 2403 1807 2441 primo.
1828 2414 1840 2428 »

1355 2590 1442 2618 8¹ss
1769 2587 1894 2621 Anagni,
1912 2586 1945 2613 20
1958 2585 2122 2620 septembre
2140 2585 2217 2612 1255.

1320 2652 1483 2685 Guillelmo,
1501 2651 1560 2684 regi
1579 2650 1786 2681 Romanorum,
1802 2648 1942 2682 indulget,
1955 2652 1986 2674 ut.
1997 2647 2136 2679 decimas,
2149 2654 2222 2682 quas
2236 2646 2290 2674 ho-

1284 2701 1376 2727 mines
1394 2700 1500 2726 Frisiae
1516 2699 1563 2725 diu
1579 2703 1766 2725 contumaces
1781 2706 1813 2723 se
1833 2697 2039 2723 submittentes
2059 2696 2113 2730 ipsi
2134 2703 2290 2722 concesse-

1284 2750 1351 2784 rint,
1369 2757 1460 2783 usque
1476 2748 1509 2774 ad
1526 2747 1754 2782 quinquennium
1770 2746 1901 2773 retineat.
1918 2745 2002 2778 (Rso.
2019 2745 2063 2778 24,
2080 2752 2107 2772 c.
2123 2743 2185 2778 646,
2201 2744 2220 2770 s.
2237 2744 2288 2775 97;

1282 2798 1464 2828 Rooenseno,
1484 2802 1503 2825 t.
1521 2796 1573 2829 ΙΙΙ,
1591 2802 1621 2822 11⁰
1636 2796 1710 2828 413.)

1326 2912 1338 2926 «
1363 2899 1533 2934 Guillelmo,
1556 2899 1672 2927 illustri
1687 2898 1752 2934 regi
1770 2898 1989 2926 Romanorum.
2014 2894 2107 2924 Sicut
2130 2893 2224 2923 nobis
2250 2901 2289 2923 ex

2484 0 2498 119 ..n-
