2498 3325
121 291 134 305 5>

121 344 134 357 ))

121 395 134 410 ))

121 448 134 462 ))

122 501 134 514 ))

122 553 135 567 ))

123 606 136 620 ὶ)

123 659 135 673 ὶ)

123 712 136 725 ))

124 764 136 778 ))

125 817 137 830 ))

123 870 136 884 ))

123 923 136 937 ))

122 976 135 990 ))

122 1028 135 1043 ὶ)

122 1081 134 1095 ))

121 1133 134 1148 Ι)

121 1186 134 1201 ))

122 1239 135 1253 ὶ)

122 1292 135 1306 D

123 1344 136 1358 ³)

125 1397 137 1410 l)

125 1450 138 1463 ))

127 1556 139 1569 ))

128 1609 140 1622 >1

128 1662 140 1675 ))

128 1715 140 1727 ))

127 1767 139 1780 J)

126 1820 139 1833 ))

127 1873 139 1887 ))

127 1927 139 1940 1>

126 1980 139 1993 ))

128 2033 139 2046 ))

127 2086 139 2099 ))

128 2139 140 2153 ))

128 2192 140 2205 ))

127 2244 140 2258 ὶ)

129 2297 141 2310 >7

130 2349 142 2363 ))

129 2402 142 2416 ))

130 2456 142 2470 ))

131 2508 143 2522 >t

131 2561 144 2575 5)

963 200 1195 238 PREMIERE‘
1209 200 1368 238 ANNEE.

159 278 245 308 cirea
260 278 505 316 possessionem
521 277 573 307 vel
589 277 685 315 quasi
701 286 759 307 seu
773 275 1032 306 detentationem
1048 273 1126 311 Egi-

156 330 319 360 taniensis
339 329 477 359 ecclesie
497 329 532 358 in
552 330 649 359 furno
668 329 784 359 telario
803 333 834 358 et
850 328 926 357 aliis
942 327 1126 366 possessio-

157 382 256 412 nibus
277 391 358 420 quas
380 385 469 411 tenet
493 381 528 410 in
551 382 703 411 terminis
723 381 761 411 de
780 380 928 411 Celorico
950 389 1078 410 necnon
1095 384 1126 409 et

158 434 245 465 circa
277 433 523 472 possessionem
558 432 609 463 vel
645 433 741 471 quasi
774 442 832 463 seu
867 433 1127 463 detentationem

159 487 265 526 ipsius
288 487 323 516 in
343 487 475 517 Guarda
497 487 620 522 Tauro,
644 487 759 517 Castro
778 487 952 522 Menendo,
971 488 999 517 51
1019 492 1126 518 tamen

159 540 249 570 illico
267 540 412 569 detineat
428 540 572 569 Aluendi
588 540 782 570 Gerniaelos
799 540 850 570 vel
864 540 991 579 jurium
1006 541 1042 570 in
1062 541 1127 570 eis-

160 593 245 627 dem,
264 601 392 622 necnon
404 596 435 622 et
450 592 704 623 Colimbriensis
719 592 857 622 ecclesie
870 593 905 622 in
919 593 1011 628 iocis,
1028 593 1127 623 eccle-

159 645 220 676 siis
247 649 278 675 et
305 645 575 683 possessionibus
603 645 828 683 infrascriptis
857 645 909 675 vel
937 647 1064 685 jurium
1092 648 1127 677 111

161 698 302 733 eisdem,
334 698 461 728 50111001
487 699 522 727 111
550 698 666 736 Cogia,
695 699 904 736 Pedmgano,
934 700 1126 737 Figneiroo,

161 752 318 786 Laui-osa,
337 751 499 786 Midones,
517 751 640 789 Arega,
658 751 794 786 Dornis,
815 752 920 790 Aquis
939 752 1042 782 Bellis
1058 762 1129 783 om-

159 804 324 842 nibusque
339 803 489 833 ecclesiis
505 807 535 833 et
546 803 628 833 locis
642 796 698 841 per
712 804 963 841 Egitaniensem
977 805 1016 834 ab
1029 805 1128 836 eccle-

162 857 212 887 sia
238 856 475 887 Colimbriensi
499 856 627 894 petitis,
653 856 728 885 aliis
754 856 881 886 50111001
907 857 946 886 ab
971 857 1039 888 illis
1065 868 1129 897 que

161 914 238 940 511111
260 910 295 939 in
314 909 397 939 10015
413 909 566 948 superius
583 910 818 948 sequestratis,
837 919 919 948 (11105
936 910 1050 940 eadem
1066 911 1129 942 Co-

159 962 367 992 limbriensis
384 962 524 992 ecclesia
538 962 663 992 detinet
679 962 718 992 ab
734 963 839 992 Asina
856 963 973 998 Brava,
990 967 1020 993 et
1037 973 1055 993 a
1068 964 1129 994 ssu-

159 1015 213 1045 vio
241 1015 299 1054 qui
325 1015 361 1044 in
391 1015 478 1045 dicto
506 1014 619 1045 libello
647 1015 856 1053 Egitaniensi
885 1015 1007 1045 dicitur
1035 1017 1130 1046 Naba

160 1072 191 1098 01
208 1068 265 1107 qui
286 1068 357 1097 fluit
375 1068 469 1106 juxta
489 1072 635 1098 castrum
651 1068 689 1097 de
707 1067 850 1098 Thomar
867 1068 1130 1107 Templariorum

159 1121 241 1151 citra
255 1129 370 1150 versus
383 1121 583 1158 Egitaniam,
597 1129 726 1150 necnon
740 1125 771 1150 et
785 1121 872 1151 circa
884 1122 1131 1160 possessionem

158 1172 212 1203 vel
236 1173 332 1212 quasi
355 1182 414 1203 5011
433 1173 693 1203 detentationem
715 1173 969 1204 Colimbriensis
992 1175 1130 1206 ecclesie

160 1226 195 1256 in
212 1226 396 1262 Belmonte,
415 1227 583 1264 Anguies,
602 1226 685 1257 Ollis
702 1227 739 1256 de
756 1227 881 1257 Godmo
900 1232 931 1258 et
946 1229 1131 1266 possessio-

161 1287 241 1309 num
262 1279 433 1309 laicalium
455 1279 490 1308 in
509 1279 634 1309 eisdem
652 1279 745 1313 locis,
766 1280 874 1318 quoad
890 1281 1001 1310 omnia
1017 1290 1079 1319 que
1096 1281 1131 1310 in

161 1331 247 1361 dicto
264 1331 473 1369 Egitaniensi
495 1331 608 1361 libello
626 1336 795 1370 petuntur,
814 1332 918 1362 nichil
935 1334 975 1362 ad
993 1343 1131 1371 presens

162 1384 316 1414 duximus
333 1384 580 1420 innovandum3
599 1384 655 1414 sed
671 1384 823 1414 alterutri
838 1385 982 1422 partium
1000 1395 1132 1424 posses—

164 1437 293 1466 sionem
314 1436 365 1466 vel
389 1437 485 1475 quasi
509 1445 567 1466 seu
588 1436 847 1466 detentationem
868 1447 966 1476 quam
982 1438 1081 1468 habet
1096 1439 1132 1468 in

165 1490 290 1519 eisdem
312 1489 499 1519 omnimode
518 1498 740 1519 reservamus.
762 1490 901 1528 Insuper
917 1490 957 1519 ab
978 1491 1132 1521 omnibus

165 1543 329 1573 fructibus
342 1543 505 1580 perceptis
521 1542 699 1572 hincinde.
716 1542 878 1580 dampnis,
894 1543 1068 1579 interesse,
1082 1554 1132 1574 ex-

165 1596 278 1634 pensis
288 1596 428 1625 faetisin
438 1595 544 1630 lite,Y
554 1594 690 1624 milibus
700 1604 875 1625 aureorum
884 1597 1133 1627 omnibussum-

166 1649 229 1679 mis
246 1648 450 1687 pecuniariis
467 1656 575 1677 coram
588 1647 683 1677 nobis
698 1647 866 1678 hincinde
883 1658 920 1678 ex
936 1650 1046 1679 causis
1058 1650 1133 1688 qui-

165 1702 360 1740 buscunque
379 1701 502 1739 petitis,
523 1706 697 1738 utramque
719 1705 844 1738 partem
865 1701 905 1730 ab
925 1701 1133 1740 impetitione

165 1753 302 1784 alterius
317 1754 470 1783 duximus
487 1753 722 1783 absolvendam
737 1763 743 1782 :
758 1754 979 1792 precipientes
996 1759 1031 1785 ut
1048 1765 1081 1785 se
1098 1756 1133 1784 in

165 1811 261 1837 antea
279 1810 394 1835 mutuo
411 1815 509 1844 super
524 1805 591 1835 hiis
610 1805 801 1835 nullatenus
817 1806 977 1845 impetant
996 1808 1048 1837 vel
1064 1818 1134 1838 mo-

163 1860 295 1894 lestent,
314 1859 438 1889 eisdem
454 1859 605 1897 partibus
620 1868 719 1896 super
730 1859 813 1897 ipsis
824 1864 1021 1898 perpetuum
1035 1862 1133 1892 silen-

165 1914 248 1943 tium
257 1913 468 1951 imponendo.
482 1914 583 1942 Porro
595 1921 709 1942 omnes
722 1913 905 1943 sententias
917 1918 948 1944 01
958 1924 1134 1952 processus

165 1966 319 2005 antiquos
346 1969 376 1996 et
401 1965 562 1995 hactenus
588 1970 654 1995 tam
680 1975 779 2004 super
804 1968 1010 2004 possessorio
1035 1978 1135 2007 quam

164 2028 263 2058 super
278 2019 432 2057 petitorio
448 2014 580 2048 habitos
595 2019 683 2048 inter
701 2023 811 2057 partes
827 2028 932 2058 usque
949 2021 990 2050 ad
1005 2025 1134 2060 tempus

165 2081 229 2112 quo
253 2072 528 2110 compromissum
548 2072 583 2101 in
605 2080 661 2101 vos
685 2072 792 2101 extitit
809 2082 867 2110 per
888 2074 1020 2103 easdem
1037 2084 1136 2113 super

165 2125 320 2156 omnibus
333 2124 415 2154 locis
427 2133 486 2154 seu
499 2124 631 2163 juribus
648 2125 804 2162 predictis
819 2125 869 2155 vel
885 2125 995 2165 aliquo
1006 2127 1136 2165 predic-

152 2176 273 2208 'torum
290 2186 400 2208 coram
417 2177 568 2213 arbitris,
590 2177 808 2213 subarbitris,
823 2178 992 2217 judicibus
1014 2189 1032 2209 a
1053 2181 1136 2211 Sede

166 2230 347 2269 apostolica
360 2229 520 2267 delegatis
535 2234 566 2259 et
580 2230 804 2268 subdelegatis
818 2240 932 2261 eorum
948 2242 985 2262 ac
1002 2233 1136 2271 quibus-

165 2283 247 2313 libet
264 2282 350 2318 aliis,
370 2282 439 2312 sive
456 2282 491 2311 in
511 2282 611 2313 Curia
627 2284 778 2313 Romana
796 2284 847 2314 vel
865 2284 962 2321 alibi,
981 2286 1136 2317 commis-

168 2336 279 2366 siones
305 2344 341 2365 ac
365 2335 633 2365 confirmationes
660 2345 678 2365 a
702 2345 869 2375 quoquam
894 2338 1045 2369 obtentas
1067 2349 1137 2369 om-

167 2398 309 2428 nemque
330 2388 510 2419 utilitatem
538 2392 569 2418 et
589 2389 796 2419 commodum
821 2400 884 2429 que
909 2400 945 2421 ex
966 2393 1138 2431 rescriptis

168 2441 357 2481 apostolicis
382 2445 437 2471 aut
462 2441 672 2479 processibus
695 2451 753 2480 per
776 2444 942 2474 Romanos
964 2446 1138 2483 pontifices

169 2496 226 2534 qui
250 2496 385 2524 suerunt
404 2503 461 2532 pro
481 2498 626 2532 tempore
642 2494 694 2524 vel
710 2496 882 2534 quospiam
899 2497 982 2527 alios
1000 2498 1137 2536 habitis,

169 2557 233 2587 que
256 2547 406 2586 partibus
430 2547 622 2577 memoratis
638 2547 690 2577 vel
710 2557 824 2578 earum
841 2549 992 2580 alterutri
1009 2560 1139 2590 compe-

134 2617 145 2628 „
171 2605 244 2631 tunt
266 2600 317 2631 vel
340 2605 523 2639 competere
548 2605 682 2639 possent
706 2601 741 2630 in
765 2603 905 2640 agendo,
933 2604 1139 2636 defendendo

134 2666 145 2680 )1

135 2771 147 2785 D

136 2876 148 2890 ))

172 2663 231 2684 5011
258 2652 519 2692 quomodolibet,
547 2662 675 2682 necnon
702 2654 929 2685 confessiones
954 2661 1019 2686 tam
1042 2667 1140 2696 super

172 2706 376 2744 possessorio
395 2714 494 2745 quam
512 2705 666 2743 petitorio
685 2705 815 2736 habitas
834 2708 922 2738 inter
938 2715 1048 2747 partes
1068 2720 1141 2741 eas-

172 2759 246 2789 dem
269 2767 375 2797 usque
401 2758 441 2787 ad
467 2762 595 2796 tempus
619 2759 847 2796 compromissi
869 2763 1022 2799 superius
1044 2773 1141 2793 enar-

173 2816 296 2845 ratum,
315 2811 462 2841 tollimus
483 2815 513 2841 et
530 2819 665 2849 prorsus
689 2811 925 2849 extinguimus.
951 2816 1140 2846 Statuentes

174 2863 1141 2907 eoseteas,quoadutilitatemetcommodum,prejudicium

1211 285 1223 299 ³)

1211 338 1223 352 ))

1211 391 1223 404 )1

1212 443 1224 457 ))

1212 497 1224 510 D

1213 550 1224 563 Ι)

1213 602 1225 616 ))

1213 654 1226 669 ))

1213 707 1225 721 ))

1214 760 1226 774 t)

1214 812 1226 826 ))

1214 865 1226 879 ))

1214 918 1226 932 ))

1215 970 1227 985 l)

1215 1023 1228 1037 )>

2157 212 2213 241 ‘285

1249 274 1318 303 sive
1335 275 1514 313 dampnum
1530 276 1673 314 partium
1690 277 1869 306 earundem
1890 277 1941 307 vel
1963 277 2111 315 ipsarum
2132 278 2214 308 alte-

1248 327 1334 362 rius,
1359 328 1466 365 quoad
1480 329 1714 366 proprietatem
1733 339 1792 359 seu
1808 331 2068 367 possessionem,
2089 331 2214 361 nullius

1249 388 1321 409 esse
1336 379 1387 409 vel
1398 381 1468 409 sore
1481 381 1614 416 valoris,
1633 381 1811 415 firmitatis,
1829 382 1957 412 roboris
1971 392 2029 412 seu
2043 384 2211 413 momenti.

1250 432 1445 462 Mandantes
1471 433 1571 462 etiam
1590 437 1626 462 ut
1652 438 1770 463 neutra
1793 435 1937 472 partium
1961 435 2009 465 eis
2031 436 2081 465 vel
2102 445 2215 466 eorum

1250 484 1361 523 aliquo
1388 486 1543 524 deinceps
1572 491 1694 516 utatur.
1726 488 1795 516 Hoc
1822 487 1931 524 ipsum
1961 488 2152 519 ordinamus
2180 498 2216 519 ac

1251 537 1351 566 etiam
1367 537 1549 567 diffinimus
1567 538 1605 568 de
1624 538 1848 568 oblationibus
1864 539 2067 575 libellorum,
2087 545 2216 571 contes-

1251 590 1432 620 tationibus
1453 590 1580 626 litium,
1602 592 1868 621 confessionibus
1887 593 2042 631 omnique
2061 603 2217 631 processu

1251 643 1350 672 etiam
1370 652 1388 672 a
1406 647 1551 681 tempore
1568 644 1797 682 compromissi
1814 654 1919 683 usque
1937 654 2024 675 nunc
2040 646 2127 675 circa
2143 656 2218 684 pos-

1251 695 1433 725 sessorium
1455 695 1533 725 hinc
1557 697 1634 726 inde
1656 706 1674 726 a
1696 697 1845 734 partibus
1866 698 1948 735 ipsis
1969 698 2092 728 habitis
2109 708 2218 729 coram

1252 748 1359 782 nobis,
1381 748 1591 778 inconcussis
1613 753 1643 778 et
1667 749 1807 778 illibatis
1823 751 2046 785 manentibus,
2071 752 2161 780 omni
2182 760 2219 782 00

1252 800 1339 838 quod
1365 801 1400 829 in
1422 801 1591 838 presentia
1619 806 1732 831 nostra
1757 806 1805 831 cst
1831 806 1940 831 actum
1964 803 1999 831 in
2024 804 2177 841 petitorio
2203 813 2220 833 a

1253 856 1397 891 tempore
1414 853 1655 891 compromissi,
1674 863 1733 883 nee
1752 863 1817 883 non
1835 858 1865 884 et
1883 855 2080 893 quibusdam
2095 857 2220 886 confes-

1252 905 1404 935 sionibus
1418 906 1562 944 partium
1575 906 1654 936 olim
1667 908 1764 937 factis
1781 917 1879 946 super
1896 908 2117 938 divisionibus
2133 910 2221 946 regis

1253 958 1377 988 Bambe
1410 958 1471 988 sub
1502 959 1594 989 bulla
1622 959 1730 989 felicis
1759 960 1999 991 recordationis
2027 961 2153 991 domini
2179 962 2220 991 H.

1252 1020 1334 1049 pape
1362 1012 1412 1041 III
1443 1012 1703 1050 comprehensis.
1734 1014 1918 1044 Statuimus
1951 1024 2081 1054 quoque
2112 1019 2222 1054 partes

1215 1077 1227 1090 >1
1249 1064 1425 1103 jamdictas
1445 1074 1543 1103 super
1558 1066 1764 1103 possessorio
1780 1067 1907 1106 judicio
1923 1067 2085 1098 intentato
2102 1068 2154 1098 vel
2171 1068 2223 1097 in-

1216 1130 1228 1143 3)

1217 1184 1228 1198 ))

1217 1236 1229 1250 )>

1217 1288 1229 1303 >)

1217 1342 1230 1356 J)

1217 1394 1230 1409 ))

1218 1448 1230 1462 ))

1218 1500 1230 1513 ))

1219 1554 1230 1567 ))

1219 1607 1230 1620 ))

1219 1659 1231 1673 ὶ)

1219 1712 1231 1726 ))

1220 1765 1231 1779 ))

1220 1818 1232 1831 ))

1220 1870 1232 1884 ))

1221 1924 1232 1937 ))

1221 1978 1233 1991 >)

1221 2031 1233 2045 ))

1221 2084 1233 2098 ))

1222 2136 1234 2150 ))

1222 2189 1234 2203 >)

1222 2242 1234 2256 ))

1222 2296 1235 2309 ))

1223 2348 1235 2362 ))

1224 2402 1236 2415 ))

1224 2453 1236 2467 7)

1225 2508 1236 2520 ))

1225 2561 1237 2574 ))

1226 2613 1238 2627 ))

1225 2668 1238 2682 2)

1226 2720 1238 2734 >)

1227 2774 1239 2788 υ

1227 2827 1239 2840 ))

1228 2880 1240 2894 7)

1255 1117 1411 1148 tentando
1429 1127 1527 1156 super
1543 1119 1716 1156 premissis
1733 1120 1888 1150 omnibus
1904 1120 1957 1150 vel
1973 1120 2083 1159 aliquo
2099 1121 2223 1159 predic-

1256 1175 1363 1200 torum
1391 1171 1582 1201 nullatenus
1612 1173 1807 1203 audiendas.
1837 1173 1994 1204 Volentes
2027 1175 2114 1212 quod
2141 1175 2223 1204 actis

1255 1223 1460 1262 quibuslibet
1472 1234 1668 1263 quocunque
1682 1230 1825 1263 tempore
1837 1226 1871 1255 in
1883 1227 2088 1264 possessorio
2099 1227 2224 1257 habitis

1255 1280 1286 1306 et
1309 1276 1408 1305 etiam
1429 1277 1463 1305 in
1480 1277 1634 1315 petitorio
1654 1287 1759 1316 usque
1779 1278 1819 1307 ad
1837 1282 1964 1317 tempus
1981 1279 2059 1309 dicti
2076 1288 2224 1317 compro-

1255 1330 1350 1359 missi
1367 1333 1476 1368 partes
1498 1330 1610 1360 eedem
1628 1331 1839 1370 aliquatenus
1861 1341 1925 1361 non
1945 1336 2091 1367 utantur,
2113 1333 2225 1363 littera

1256 1382 1381 1412 domini
1407 1383 1547 1412 Honorii
1570 1383 1732 1421 prelibata
1760 1393 1858 1422 super
1886 1385 2108 1415 divisionibus
2136 1386 2223 1423 regis

1256 1435 1379 1465 Bambe
1405 1435 1574 1465 dumtaxat
1600 1440 1749 1474 excepta3
1774 1446 1870 1467 omne
1893 1446 2035 1476 namque
2054 1448 2224 1476 possesso-

1255 1488 1343 1517 rium
1362 1487 1397 1516 in
1416 1488 1590 1526 premissis
1612 1492 1642 1518 et
1663 1488 1750 1518 circa
1768 1490 1930 1527 premissa
1953 1490 2039 1528 quod
2057 1499 2094 1519 ex
2115 1494 2223 1528 prete-

1256 1541 1330 1571 ritis
1354 1541 1435 1570 oriri
1456 1541 1560 1579 possit
1580 1542 1713 1579 penitus
1736 1542 1905 1572 abolemus
1930 1553 1936 1571 z
1959 1543 1998 1573 ad
2021 1544 2224 1573 decisionem

1255 1594 1417 1632 petitorii,
1438 1599 1606 1624 annuente
1622 1596 1778 1629 Domino,
1793 1596 1886 1635 juxta
1905 1597 1991 1634 quod
2007 1597 2159 1634 expedire
2175 1597 2224 1625 vi-

1257 1647 1403 1676 derimus
1420 1646 1572 1676 celeriter
1589 1648 1789 1685 processuri.
1811 1649 2033 1678 Reservamus
2050 1649 2149 1678 etiam
2166 1658 2225 1679 no-

1257 1700 1308 1729 bis
1321 1700 1356 1729 10
1369 1700 1527 1737 predictis
1541 1700 1696 1730 omnibus
1708 1705 1737 1730 et
1752 1701 1895 1739 singulis
1910 1706 2104 1739 potestatem
2122 1703 2225 1732 inter-

1256 1753 1424 1791 pretandi,
1449 1753 1615 1788 mutandi,
1641 1753 1845 1791 corrigendi,
1871 1755 2028 1790 addendi,
2053 1755 2226 1785 minuendi

1258 1814 1294 1834 ac
1313 1805 1424 1834 omnia
1445 1804 1510 1834 alia
1526 1805 1672 1834 faciendi
1693 1814 1755 1844 que
1775 1806 1870 1835 nobis
1887 1810 1964 1836 sunt
1981 1806 2180 1844 generaliter
2196 1811 2226 1836 et

1259 1857 1448 1896 specialiter
1473 1857 1509 1886 in
1536 1861 1706 1895 pretaxato
1734 1859 1969 1896 compromisso
1996 1868 2163 1889 concessa.
2188 1860 2226 1889 In

1259 1911 1353 1950 cujus
1369 1911 1418 1941 rei
1435 1911 1674 1946 testimonium,
1692 1911 1753 1941 boc
1766 1921 1902 1950 presens
1920 1912 2088 1950 publicum
2106 1913 2227 1942 instru-

1258 1968 1407 1994 mentum
1431 1965 1573 1995 fecimus
1602 1965 1707 1995 nostri
1732 1965 1835 2003 sigilli
1860 1966 2044 1995 munimine
2066 1966 2226 1996 roborari.

1258 2019 1378 2048 Actum
1403 2019 1522 2054 Rome,
1547 2019 1781 2053 Trastiberim,
1811 2019 1845 2048 in
1871 2020 2023 2050 domibus
2049 2020 2227 2050 cardinalis

1259 2071 1365 2101 sancti
1379 2071 1568 2109 (111-15030111,
1581 2072 1692 2101 idibus
1706 2072 1906 2107 novembris,
1919 2074 2021 2102 XIIII
2033 2073 2226 2107 indictione,

1260 2133 1346 2153 anno
1361 2124 1494 2153 Domini
1506 2124 1662 2159 MCCLV,
1680 2124 1891 2162 pontificatus
1906 2125 2031 2154 domini
2047 2125 2227 2155 Alexandri

1259 2186 1341 2215 pape
1368 2178 1435 2206 IIII
1459 2185 1546 2206 anno
1570 2177 1687 2214 primo.
1714 2178 1781 2214 Ego
1806 2178 1997 2207 Bernardus
2023 2178 2061 2207 de
2087 2179 2226 2214 Littera,

1261 2229 1439 2268 apostolice
1459 2229 1554 2259 Sedis
1571 2230 1766 2259 auctoritate
1781 2230 1942 2266 notarius,
1959 2231 2015 2269 qui
2033 2231 2229 2269 pronuntia-

1261 2282 1344 2312 tioni
1360 2282 1508 2311 omnium
1524 2282 1762 2320 premissorum
1779 2283 1863 2313 facte
1879 2293 1937 2321 per
1952 2288 2077 2321 patrem
2092 2293 2229 2314 venera-

1260 2335 1361 2365 bilem
1387 2335 1510 2365 dictum
1535 2335 1705 2365 dominum
1728 2337 1754 2365 I.
1776 2336 1993 2372 cardinalem,
2017 2337 2229 2375 presentibus

1261 2388 1424 2427 episcopis
1444 2392 1474 2418 et
1489 2388 1759 2426 procuratoribus
1776 2389 1981 2425 memoratis,
2002 2399 2038 2419 ac
2056 2390 2230 2419 venerabi-

1261 2441 1349 2471 libus
1365 2441 1515 2479 patribus
1533 2441 1676 2471 dominis
1694 2441 1883 2479 patriarcha
1896 2442 2177 2478 Jerosolimitano,
2195 2466 2227 2478 ..,

1263 2494 1425 2532 Spirensi,
1448 2498 1479 2524 et
1506 2495 1563 2529 R.‚
1590 2494 1797 2525 Virdunensi
1819 2494 1949 2530 electis,
1976 2495 2122 2533 providis
2144 2496 2230 2534 juris

1264 2546 1432 2585 magistris
1455 2547 1586 2577 Matheo
1611 2547 1727 2577 Rubeo
1751 2551 1781 2577 01
1805 2548 1901 2578 Petro
1926 2548 2107 2584 Gimundo,
2133 2558 2231 2578 cano—

1264 2601 1348 2630 nicis
1380 2600 1658 2630 Laudunerlsibus
1688 2609 1725 2630 ac
1761 2601 1888 2630 domini
1916 2610 1998 2639 pape
2031 2601 2227 2639 capellanis,

1263 2654 1416 2685 Johanne
1433 2653 1628 2692 Rupellensi
1645 2658 1675 2684 et
1691 2654 1849 2691 magistro
1866 2654 2055 2684 Continatio
2068 2655 2230 2685 Esculano

1264 2706 1564 2745 archipresbyteris
1588 2711 1618 2737 et
1638 2706 1790 2745 pluribus
1813 2706 1899 2742 aliis,
1925 2711 2058 2744 rogatus
2080 2707 2226 2737 interfui.

1264 2762 1334 2791 1100
1356 2769 1492 2798 presens
1514 2759 1683 2798 publicum
1705 2760 1963 2789 instrumenttun
1982 2760 2109 2797 propria
2132 2769 2231 2789 manu

1265 2813 1400 2851 scripsi,
1427 2812 1517 2842 acin
1542 2812 1708 2850 publicam
1729 2813 1868 2841 formam
1894 2812 2022 2849 redegi,
2047 2816 2077 2841 et
2099 2812 2230 2849 signum

1266 2875 1375 2896 meum
1391 2865 1540 2903 apposui.
1561 2878 1572 2890 υ
