2441 3330
149 216 202 245 16⁴3
873 211 1112 243 REGISTRES
1134 209 1442 240 D'ALEXANDRE
1466 210 1522 239 IV.

149 293 162 307 »
187 280 251 309 51111
268 280 371 308 reddi.
388 288 450 318 que
467 279 601 309 extimat
614 279 653 308 ad
668 279 812 309 valorem
825 283 1046 309 trecentarum
1057 277 1154 306 libra-

148 345 162 359 11
188 342 259 361 runi
278 332 519 361 turonensium.
539 332 573 361 in
590 341 671 370 quas
687 332 769 370 petit
785 332 909 361 (11010111
929 331 1082 361 comitem
1098 339 1156 368 per

148 398 160 411 11
185 395 242 415 vos
262 385 325 413 sibi
347 384 591 414 ¹sententialiter
607 384 854 422 condempnari.

189 451 201 464 11
230 438 316 467 Dicit
349 437 447 466 otiam
477 437 563 466 idom
589 438 762 476 episcopus
787 436 1015 474 Nannetensis
1043 439 1156 465 contra

149 504 161 517 »
187 491 309 520 dictum
328 491 496 525 comitem,
515 490 601 528 quod
619 490 689 528 ipse
711 499 819 520 comes
844 499 948 528 nuper
966 490 999 518 iu
1019 489 1155 519 flumine

149 557 161 571 11
187 544 315 581 Ligeris
330 544 423 582 juxta
441 544 573 572 <lonium
589 543 731 573 fratrum
750 543 999 573 Predicatorum
1019 543 1156 573 Nanne—

150 611 161 624 1)
189 598 331 627 tensium
354 596 539 626 construxit.
569 605 627 626 500
653 597 800 626 construi
824 596 901 626 fecit
924 596 1065 634 quedam
1086 604 1156 625 nio-

150 664 161 676 11
186 650 330 680 1001111111,
351 654 379 678 (·1
400 658 502 678 unuin
520 649 682 678 dictorum
701 649 983 683 molendinorum,
1004 648 1090 687 quod
1107 652 1156 678 est

150 716 162 730 11
187 703 331 732 vit-iuius
347 707 431 731 terre
448 706 476 731 et
490 702 601 731 domui
614 702 776 731 dictorum
791 702 941 737 fratrum,
958 701 1044 731 sicut
1058 705 1106 731 cst
1120 702 1154 730 in

150 769 162 782 11
188 756 289 785 fundo
313 755 497 793 pertinente
515 755 554 784 ad
573 754 747 784 ecclesiam
770 755 1019 784 Nannetensem
1038 759 1067 784 et
1091 754 1155 783 ibi-

149 822 162 835 »
188 809 259 838 deni
277 812 501 837 constructum
518 816 536 837 a
552 807 637 837 dicto
654 808 772 837 comite
784 808 819 836 in
833 807 1054 846 preJuslicilllll
1067 807 1156 846 ejus-

151 875 163 888 »
189 862 260 891 deni
279 861 427 891 ecclesie.
446 878 484 882 —
504 860 599 890 Unde
618 860 699 898 petit
722 860 809 890 idem
836 860 1009 898 episcopus
1031 860 1156 889 dictum

150 928 163 941 1)
188 914 415 944 molendinum
429 913 655 943 1·‹·uioverivel
668 913 732 942 sibi
747 912 939 952 adjudicari.
956 913 1041 942 Petit
1057 912 1156 942 etiam

151 980 163 993 11
189 967 333 996 decimas
348 967 487 995 alim-uui
501 965 769 995 molendinorum
783 965 896 995 comiti
912 965 1052 995 sitorum
1064 965 1157 1003 juxta

150 1032 163 1047 1)
189 1020 307 1049 dictatu
328 1020 459 1047 1101111110
478 1019 618 1048 fratrum
636 1018 896 1053 Predicatorum,
915 1028 988 1047 cum
1005 1026 1070 1047 non
1088 1027 1156 1056 spe-

150 1085 164 1100 »
189 1072 317 1102 cialiter
329 1072 368 1101 1111
380 1072 525 1110 aliquam
535 1070 776 1109 parrochialem
786 1070 959 1101 ecclesiam
970 1071 1157 1109 pertineant

151 1139 163 1152 »
189 1136 205 1156 a
227 1126 313 1155 dicto
331 1125 448 1155 comite
465 1125 530 1154 sibi
546 1124 639 1154 reddi
656 1129 686 1154 et
703 1124 844 1154 eundem
864 1125 1016 1154 comitem
1036 1125 1100 1154 51111
1118 1125 1158 1154 ad

151 1191 163 1205 »
188 1179 249 1208 1100
277 1177 521 1208 sententialiter
548 1177 795 1215 condempnari.
824 1177 911 1207 Petit
941 1178 1041 1207 etiarn
1070 1178 1157 1207 idem

151 1244 163 1258 »
189 1231 361 1269 episcopus
376 1230 603 1260 Nannetensis
618 1229 682 1259 sibi
695 1229 852 1259 satisfieri
866 1239 883 1259 a
899 1230 1027 1268 prefato
1039 1231 1157 1261 comite

150 1296 163 1310 11
189 1284 240 1313 vel
256 1287 467 1322 procuratore
483 1283 553 1322 ejus
570 1282 608 1312 de
625 1282 790 1320 expensis,
804 1291 886 1321 quas
899 1282 969 1321 ipse
984 1283 1157 1321 episcopus

150 1349 163 1363 11
189 1337 267 1366 serit
283 1336 446 1365 veniendo
463 1335 504 1365 ad
521 1335 668 1369 Curiam,
689 1335 847 1364 morando
864 1334 911 1363 ibi
930 1339 961 1365 ct
978 1335 1107 1365 litteras
1123 1336 1156 1365 in

151 1402 163 1415 11
189 1389 249 1418 lior
268 1389 397 1426 negotio
414 1388 632 1426 impetrando,
649 1396 730 1426 quas
748 1387 883 1417 extimat
900 1387 1058 1418 ducentas
1075 1397 1158 1417 mar-

151 1455 164 1469 1)
190 1452 244 1472 cas
267 1442 415 1480 argenti:
440 1441 541 1471 salvis
563 1441 664 1471 etiam
689 1441 842 1479 expensis
867 1450 973 1480 usque
998 1442 1034 1470 in
1058 1441 1158 1471 finem

151 1508 164 1522 »
190 1496 314 1533 neg-otii
334 1494 498 1525 faciendis
515 1498 546 1524 et
563 1493 653 1524 salvo
665 1494 740 1533 jure
758 1493 900 1524 addendi
918 1498 949 1524 et
965 1494 1056 1524 omni
1071 1495 1158 1533 juris

151 1561 164 1575 11
189 1548 362 1578 beneficio.
385 1561 397 1573 »

189 1602 263 1631 Dat.
280 1600 435 1639 Neapoli,
453 1601 486 1630 II
504 1599 663 1629 kalendas
679 1599 775 1635 maii,
794 1608 880 1629 anno
898 1600 1016 1638 primo.
1040 1612 1052 1626 »

220 1773 306 1800 542

184 1834 358 1860 Abbatissae
383 1837 412 1860 ct
433 1833 589 1860 conventui
612 1833 779 1860 monasterii
804 1832 839 1859 de
862 1833 1057 1866 Herkenrode,
1085 1833 1159 1860 Leo-

147 1883 257 1910 diensis
277 1883 413 1916 diocesis,
434 1881 573 1916 indulget,
593 1885 623 1908 ut
639 1881 708 1908 nulli
726 1881 761 1908 de
781 1881 931 1908 beneficiis
951 1881 1159 1909 ecclesiasticis

147 1932 182 1959 ad
200 1931 379 1958 collationem
400 1939 500 1957 eorum
522 1930 738 1965 spectantibus,
755 1939 829 1965 quae
845 1931 978 1966 personis
997 1939 1158 1958 consueve-

147 1985 214 2007 runt
225 1980 406 2007 secularibus
417 1979 570 2014 assignari,
583 1980 626 2006 eis
637 1979 736 2006 invitis
747 1980 838 2022 valeat
850 1980 1004 2015 provideri.
1019 1980 1100 2012 (Rau.
1113 1980 1157 2013 24,

147 2038 173 2058 e.
191 2030 251 2063 452,
269 2030 287 2056 f.
305 2029 360 2062 66.)

749 1769 868 1805 Naples,
887 1771 917 1797 14
935 1771 990 1797 mai
1010 1770 1087 1798 1255.

189 2144 202 2159 α
223 2155 255 2166 ..,
270 2133 415 2161 abbatisse
426 2136 451 2161 et
465 2132 630 2160 conventui
643 2131 869 2160 monasteriide
881 2132 1082 2167 Herltenrocle,
1098 2133 1158 2162 Cis-

148 2186 302 2215 noreiensis
322 2185 456 2220 ordinis,
481 2185 649 2214 Leodiensis
669 2185 804 2214 diocesis.
831 2184 928 2214 Pacis
949 2189 1058 2215 vestre
1082 2193 1158 2223 que-

146 2242 257 2269 rentes
271 2238 479 2268 commodum
491 2242 521 2267 et
533 2237 666 2276 quietis,
684 2237 828 2267 libenter
841 2246 879 2267 ea
895 2237 989 2267 vobis
1005 2238 1158 2268 concedi-

147 2300 220 2321 mus
236 2300 294 2329 per
310 2300 373 2329 que
390 2290 529 2320 materia
541 2293 705 2320 summota
717 2290 921 2328 gravaminis
936 2294 1041 2320 status
1055 2291 1158 2320 vestri

147 2343 373 2382 tranquillitas
389 2347 595 2381 procuretur.
614 2343 744 2373 Vestris
759 2343 872 2382 itaque
888 2343 1043 2382 precibus
1059 2343 1157 2373 incli-

147 2397 227 2431 nati,
246 2396 439 2426 auctoritate
455 2395 549 2425 vobis
563 2395 770 2434 presentium
784 2395 1007 2434 indulgemus,
1024 2400 1059 2426 ut
1073 2395 1157 2425 nulli

147 2449 185 2479 de
201 2448 373 2479 beneficiis
387 2447 624 2478 ecclesiasticis
637 2448 677 2478 ad
689 2452 833 2478 vestram
846 2448 1055 2478 collationem
1068 2457 1156 2486 spec-

146 2501 306 2536 tantibus,
325 2510 387 2539 que
403 2501 554 2538 personis
570 2506 815 2531 consueverunt
830 2501 1037 2531 secularibus
1054 2502 1156 2539 assig-

146 2554 231 2588 nari,
249 2553 342 2583 vobis
358 2553 486 2588 invitis,
497 2553 605 2583 valeat
620 2553 786 2591 provideri
800 2562 860 2584 nec
871 2563 928 2584 vos
940 2553 980 2583 ad
993 2554 1156 2592 provisio-

146 2616 222 2637 nem
239 2606 380 2646 alicujus
397 2606 431 2634 in
450 2605 641 2645 hujusmodi
662 2605 835 2636 beneficiis
856 2615 915 2636 seu
937 2607 1156 2644 pensionibus

146 2659 287 2689 coartari
304 2659 440 2698 possitis
456 2667 514 2696 per
531 2658 709 2697 apostolice
727 2658 822 2689 Sedis
838 2658 890 2688 vel
905 2658 1090 2696 legatorum
1105 2659 1156 2698 ip-

146 2712 216 2743 sius
232 2712 361 2742 litteras
378 2712 582 2750 impetratas,
600 2720 658 2749 per
676 2720 758 2750 quas
775 2720 840 2741 non
857 2711 899 2742 sit
912 2712 967 2751 jus
984 2711 1085 2742 alicui
1101 2721 1155 2742 ac-

146 2765 323 2804 quisitum,
343 2773 402 2794 seu
421 2764 521 2794 etiam
538 2764 779 2802 impetrandas,
805 2764 871 2794 nisi
894 2764 1042 2803 ejusdem
1059 2765 1154 2795 Sedis

143 2818 254 2848 littere
278 2817 484 2856 impetrande
508 2816 640 2855 plenam
663 2821 693 2847 et
722 2825 911 2855 expressam
933 2817 971 2847 de
994 2817 1094 2847 verbo
1114 2817 1155 2847 ad

142 2871 281 2902 verbum
304 2870 343 2900 de
364 2870 426 2899 hac
450 2869 658 2908 indulgentia
684 2873 714 2900 et
739 2874 849 2900 vestro
873 2870 989 2900 ordine
1013 2870 1155 2900 fecerint

1239 275 1454 305 mentionem.
1483 274 1576 304 Nulli
1607 278 1668 305 etc.
1696 278 1808 304 nostre
1833 273 2059 304 concessionis
2084 277 2145 303 etc.
2172 274 2245 303 Dat.

1238 327 1390 366 Neapoli,
1408 328 1440 357 ΙΙ
1457 327 1532 358 idus
1550 327 1642 362 maii,
1660 336 1746 357 anno
1763 327 1880 365 primo.
1901 339 1913 352 »

1309 506 1398 534 548

1273 566 1430 594 Canonicis
1445 567 1585 594 ecclesiae
1602 567 1631 593 b.
1649 566 1755 593 Mariae
1771 567 1806 592 de
1823 566 2018 598 Fineshoved,
2036 566 2248 593 Lincolniensis

1238 616 1374 648 diocesis,
1389 619 1504 650 propter
1520 619 1717 650 paupertatem
1733 624 1843 649 eorum,
1857 616 1980 650 propriis
1992 615 2094 642 usibus
2105 614 2247 650 concedit,

1239 665 1369 700 portione
1385 664 1561 699 competenti
1576 664 1682 691 vicario
1698 668 1793 690 tamen
1811 668 1966 697 reservata,
1979 664 2131 690 ecclesiam
2147 671 2171 691 s.
2183 663 2249 690 Tri-

1239 714 1337 741 nitatis
1357 713 1392 740 de
1414 713 1561 748 Blathwyc
1581 714 1608 740 in
1630 721 1685 747 qua
1705 714 1753 747 Jus
1773 716 1941 747 patronatus
1961 713 2104 739 habebant
2119 716 2148 738 et
2162 713 2248 746 cujus

1239 767 1397 797 proventus
1417 766 1481 789 octo
1499 770 1610 788 marcas
1629 762 1836 796 sterlingorum
1854 762 1937 788 annis
1956 762 2081 796 singulis
2101 762 2148 788 vix
2163 768 2250 787 exce-

1238 812 1320 844 dunt.
1338 812 1423 845 (Rea.
1439 811 1483 844 24,
1501 820 1526 838 e.
1546 811 1607 845 453,
1623 811 1641 838 f.
1658 811 1713 845 66.)

1839 504 1957 540 Naples,
1976 505 2004 531 tt
2025 505 2080 531 mai
2100 504 2176 532 1255.

1282 927 1295 941 (ι
1313 937 1345 949 ..,
1362 915 1466 952 priori
1483 919 1509 942 ει
1531 914 1690 942 canonicis
1705 913 1823 942 ecclesie
1841 913 1920 941 beate
1941 913 2036 941 Marie
2052 912 2085 941 cle
2106 912 2250 941 Fine-she-

1240 968 1308 1002 veel,
1326 967 1446 996 ordinis
1461 967 1561 995 sancti
1576 967 1757 1004 Αυῃάεειίῑί,
1780 966 2003 995 Linoolniensis
2020 965 2155 996 diocesis.
2173 964 2251 995 Sin-

1241 1028 1313 1049 cere
1331 1019 1515 1049 devotionis
1537 1018 1675 1049 affectus
1690 1036 1739 1047 —.
1757 1019 1830 1048 Dat.
1851 1017 2006 1056 Neapoli,
2023 1017 2140 1047 vidus
2156 1016 2248 1052 maii,

1241 1081 1328 1102 anno
1344 1072 1461 1110 primo.
1482 1084 1494 1098 »

1311 1243 1398 1272 543
1842 1241 1960 1277 Napies,
1979 1241 2008 1268 11
2028 1242 2082 1268 mai
2100 1241 2177 1269 1255.

1277 1305 1308 1332 S.
1324 1304 1473 1332 Trinitatis
1483 1304 1517 1331 de
1529 1303 1704 1340 Gyppewico
1717 1303 1791 1330 etde
1801 1303 1957 1330 Waletone
1969 1303 2123 1339 prioribus,
2135 1303 2251 1331 Norwi-

1240 1355 1338 1381 censis
1353 1354 1489 1384 diocesis,
1507 1354 1622 1380 mandat
1637 1354 1774 1387 quatinus
1788 1354 1944 1380 canonicos
1960 1353 2142 1388 supradictos
2157 1353 2186 1379 in
2205 1353 2252 1388 ip-

1241 1403 1304 1429 sius
1327 1402 1467 1429 ecclesiae
1489 1403 1707 1438 possessionem
1727 1401 1865 1428 inducant
1885 1405 1913 1428 et
1931 1401 2086 1428 defendant
2105 1401 2250 1428 inductos.

1244 1451 1325 1485 (Rea.
1341 1452 1385 1480 24,
1403 1460 1428 1479 c.
1447 1452 1518 1483 453²,
1536 1452 1554 1478 f.
1573 1451 1629 1484 66.)

1284 1566 1296 1580 ι(
1317 1577 1354 1589 ..,
1372 1558 1474 1583 sancte
1498 1554 1661 1583 Trinitatis
1683 1553 1717 1582 de
1739 1553 1930 1591 Gyppewico,
1948 1558 1974 1581 ει
1995 1575 2027 1587 ..,
2045 1552 2078 1581 de
2106 1552 2252 1581 ttv'aletone

1237 1607 1412 1645 prioribus,
1430 1607 1632 1636 Norzcz'censz's
1645 1606 1780 1636 diocesis.
1799 1605 1934 1636 Sincere
1951 1604 2136 1635 devotionis
2153 1603 2253 1634 affec-

1242 1664 1295 1690 tus
1311 1677 1360 1688 -.
1378 1660 1452 1689 Dat.
1472 1663 1507 1689 ut
1524 1667 1634 1697 supra.
1657 1670 1670 1685 11

1313 1829 1404 1857 550

1277 1890 1393 1917 Cantori
1409 1891 1549 1917 ecclcsiae
1565 1898 1590 1917 s.
1611 1890 1741 1916 Severini
1760 1889 1984 1924 Burdegalensis
2002 1889 2130 1920 mandat,
2149 1892 2180 1916 ut
2195 1889 2253 1916 Ar-

1243 1940 1357 1966 naldum
1384 1940 1418 1965 de
1441 1939 1546 1965 Triolis
1571 1939 1742 1965 canonicum
1767 1938 1957 1965 Mantuanum
1982 1939 2010 1965 in
2034 1939 2252 1972 possessionem

1242 1989 1422 2024 praebendae
1443 1988 1661 2014 Xanctonensis
1681 1987 1827 2022 quamcito
1850 1987 1994 2013 vacaverit
2016 1986 2149 2021 inducat,
2168 1988 2253 2021 juxta

1242 2038 1481 2073 compositionem
1501 2040 1529 2063 et
1545 2036 1754 2063 ordinationem
1771 2036 1806 2064 G.
1823 2044 1848 2063 s.
1865 2035 2015 2062 Eustachii
2030 2035 2143 2062 diaconi
2158 2035 2254 2062 cardi-

1243 2087 1316 2113 nalis
1331 2087 1405 2113 inter
1421 2086 1591 2120 magistrum
1608 2085 1790 2112 Rostandum
1803 2085 2013 2112 subdiaconum
2029 2088 2057 2111 et
2073 2084 2181 2111 dictum
2195 2085 2253 2112 Ar-

1243 2135 1357 2162 ualduni
1375 2135 1510 2161 habitam.
1531 2134 1612 2168 (Rau.
1628 2134 1672 2166 24,
1689 2143 1715 2160 c.
1733 2134 1795 2168 454,
1812 2134 1831 2160 f.
1849 2134 1903 2165 66.)

1833 1827 1950 1862 Naples.
1970 1828 2006 1854 1²¹
2017 1827 2081 1861 juin
2100 1827 2176 1854 1255.

1283 2249 1296 2264 «
1317 2260 1349 2272 ..,
1368 2238 1488 2267 cantori
1504 2237 1622 2266 ecclesie
1637 2237 1737 2266 sancti
1750 2237 1890 2265 Severini
1905 2236 2147 2273 Burdeyalensis.
2167 2235 2252 2266 Cum

1241 2289 1360 2319 dilecto
1378 2289 1447 2319 filio
1462 2289 1608 2318 Arnaldo
1624 2289 1663 2318 de
1679 2288 1811 2324 Triolis,
1833 2288 1992 2318 canonico
2009 2288 2201 2324 Mantuano,
2219 2291 2252 2319 et

1241 2343 1360 2373 dilecto
1371 2342 1440 2372 filio
1451 2343 1609 2380 magistro
1626 2342 1805 2378 Rostando‚
1820 2341 2022 2371 subdiacono
2036 2345 2067 2371 et
2081 2340 2251 2379 capellano

1240 2399 1364 2431 nostro,
1382 2404 1481 2434 super
1497 2395 1693 2425 canonicatu
1710 2399 1741 2425 et
1757 2394 1923 2433 prebenda
1947 2403 2028 2433 quos
2048 2393 2251 2424 venerabilis

1239 2449 1342 2478 frater
1358 2453 1470 2478 noster
1486 2448 1651 2478 Robertus
1670 2448 1708 2478 de
1725 2447 1857 2483 Blavia,
1880 2446 2145 2485 Engolismensis
2162 2446 2251 2485 epis-

1239 2510 1350 2540 copus,
1372 2505 1448 2531 tunc
1464 2501 1712 2531 xanctonensis
1726 2500 1865 2531 ecclesie
1881 2500 2072 2534 canonicus,
2090 2503 2166 2530 ante
2178 2507 2250 2538 pro-

1239 2555 1419 2584 motionem
1440 2563 1533 2584 suam
1550 2554 1673 2583 ibidem
1694 2554 1854 2588 obtinuit,
1875 2553 1930 2592 jus
1949 2552 2144 2583 auctoritate
2159 2551 2250 2581 litte-

1238 2616 1352 2637 rarum
1368 2606 1477 2636 felicis
1493 2607 1732 2637 recordationis
1745 2607 1770 2636 Ι.
1785 2615 1866 2645 pape
1882 2605 2127 2644 predecessoris
2144 2603 2250 2634 nostri

1239 2660 1516 2690 contendentibus
1533 2669 1568 2690 50
1591 2660 1728 2693 habere.
1754 2668 1813 2690 nos
1831 2659 1981 2689 volentes
2002 2663 2067 2688 tam
2088 2657 2168 2687 dicti
2186 2658 2250 2687 Ar-

1238 2713 1329 2743 naldi
1352 2722 1451 2751 quam
1467 2713 1546 2742 dicti
1565 2713 1716 2750 magistri
1738 2712 1900 2743 Rostandi
1922 2720 2056 2750 parcere
2078 2709 2249 2740 laboribus

1237 2768 1269 2795 et
1287 2766 1452 2803 expensis,
1470 2765 1588 2796 dilecto
1603 2765 1671 2795 filio
1691 2770 1803 2796 nostro
1816 2766 1853 2796 G.
1873 2765 1980 2795 sancti
1992 2762 2165 2794 Eustachii
2181 2761 2248 2792 dia-

1238 2826 1319 2847 cono
1340 2818 1501 2848 cardinali
1525 2818 1599 2848 viva
1620 2828 1697 2849 voce
1714 2818 1953 2853 commisimus,
1972 2820 2008 2847 ut
2024 2818 2245 2854 componeret,

1237 2871 1416 2906 ordinaret,
1436 2871 1632 2909 provideret,
1651 2875 1811 2902 statueret
1827 2875 1858 2901 et
1874 2870 2032 2900 diffiniret
2047 2869 2136 2899 inter
2144 2868 2245 2906 ipsos,
