2441 3330
186 245 222 274 72
909 243 1148 275 REGISTRES
1169 241 1477 273 D'ALEXANDRE
1499 243 1556 274 IV.

1276 319 1289 334 ι»
1312 308 1506 338 meritorum
1523 309 1609 339 notis
1622 309 1824 348 premiorum
1840 308 2037 348 respondeat
2047 308 2282 348 promptitudo.

184 310 254 337 lium
270 310 404 343 regiones
421 308 456 335 de
472 308 546 336 facili
563 312 697 343 poterunt
713 312 762 336 tuo
781 310 908 336 dominio
925 309 1019 336 subici
1033 312 1062 336 et.
1081 309 1192 343 acquiri

184 358 274 385 cultui
295 357 460 384 christiano.
479 368 491 382 u
509 356 592 390 (Rae.
609 357 657 388 24.
674 365 700 385 c.
715 357 792 392 220¹,
808 358 827 386 s.
843 357 904 389 29';
923 357 1067 386 Por‘rfflisr
1084 357 1191 390 15721.)

226 471 239 486 α
256 459 370 488 Eidem.
389 457 559 489 Catholice
571 462 630 489 etc.
647 467 753 498 usque
767 468 772 487 :
788 458 994 497 procurando
1004 476 1053 487 —.
1067 458 1140 488 Dat.
1155 461 1192 487 ut

184 520 294 550 supra.
314 522 326 537 n

255 702 345 731 285

219 763 392 790 Hominibus
417 763 511 790 Casiri
534 763 631 794 Eboli,
659 763 852 790 salernitanae
877 763 1018 798 diocesis,
1041 764 1192 790 confirmat

183 812 333 848 privilegia
351 812 494 839 Frederici
511 812 547 844 ΙΙ,
565 813 629 839 data
641 812 715 847 apud
728 811 889 839 Frakinsort
903 820 1001 838 mense
1018 813 1192 848 septembris

182 860 336 888 MCCXIX
351 866 380 887 et
401 860 510 887 Salerni
533 869 632 887 mense
654 861 788 888 februarii
811 860 978 890 MGCXXI.
999 864 1028 887 et
1049 861 1084 887 ab
1104 861 1190 888 Octa-

183 911 267 936 viano
292 910 323 937 S.
349 909 455 936 Mariae
480 910 506 936 in
535 909 586 936 Via
609 911 663 936 lata
689 909 831 936 cardinale
855 914 884 936 et
907 909 935 936 in
964 918 1053 944 regno
1077 909 1191 937 Siciliae

182 959 355 993 apostoticae
381 959 465 985 Sedis
490 960 582 993 legato
605 960 772 986 confirmata
799 958 916 994 Neapoli
939 958 977 985 VI
1000 959 1093 986 martii
1116 968 1191 985 anno

763 700 880 736 Naptes,
899 701 928 727 14
947 709 1023 727 mars
1040 701 1118 729 1255.

182 1008 366 1043 pontificatus
382 1009 428 1034 sui
445 1010 546 1043 primo,
561 1009 709 1043 privilegia
724 1012 752 1034 et
765 1009 1010 1035 contii-mationem
1026 1009 1190 1036 inserendo.

183 1055 270 1092 (Rau.
286 1057 330 1087 24,
347 1065 372 1084 c.
388 1057 450 1091 221,
468 1057 487 1083 f.
504 1058 568 1088 ⁴29&
588 1056 733 1084 Por'rfflsr
751 1056 858 1090 15739.)

224 1170 237 1185 α
256 1159 410 1188 Πηίυενείε
426 1159 493 1188 hom
501 1160 530 1187 1¹71
538 1160 602 1188 ibus
617 1159 717 1188 Casti-i
731 1159 824 1194 Eboli,
843 1159 1038 1188 Salei-attane
1054 1160 1186 1189 diocesis.

182 1210 264 1242 Cum
279 1220 297 1240 a
314 1211 409 1241 nobis
425 1211 549 1249 petitur
565 1215 625 1241 etc.
644 1220 749 1249 usque
766 1221 771 1240 z
790 1210 952 1241 effectum.
973 1211 1059 1242 Sane
1073 1212 1190 1250 petitio

181 1267 291 1293 vestra
313 1263 408 1293 nobis
434 1263 581 1294 exhibita
606 1263 811 1298 continebat,
838 1263 924 1302 quod
942 1263 1082 1294 dilectus
1100 1263 1190 1294 filius

181 1320 293 1346 noster
309 1316 359 1351 O.,
383 1320 495 1346 sancte
517 1316 621 1346 Marie
640 1316 673 1345 in
690 1316 752 1347 Via
770 1316 851 1346 Lata
867 1316 1026 1347 diaconus
1042 1316 1190 1346 cardina-

179 1369 232 1403 lis,
251 1369 286 1398 in
302 1378 404 1407 regno
421 1368 535 1399 Sicilie
552 1368 730 1407 apostolice
747 1369 842 1399 Sedis
858 1369 998 1407 legatus,
1016 1369 1142 1399 devotis
1159 1374 1190 1400 et

181 1422 283 1460 gratis
299 1421 470 1461 obsequiis
491 1432 509 1452 a
531 1422 625 1452 vobis
641 1421 788 1452 Ecclesie
805 1422 952 1452 Romane
973 1422 1134 1460 impensis
1153 1431 1190 1453 ac

180 1475 365 1505 devotionis
393 1479 424 1505 et
450 1475 526 1505 fidei
551 1474 863 1514 promptitudinem,
890 1483 989 1513 quam
1016 1475 1057 1504 ad
1082 1475 1189 1514 ipsam

179 1528 311 1558 habetis
334 1528 516 1558 Ecclesiam
547 1532 578 1558 et
604 1528 765 1558 hactenus
792 1527 976 1564 habuistis,
1002 1537 1131 1558 necnon
1158 1532 1189 1559 et

180 1581 332 1619 dampnis
349 1581 505 1619 gravibus
524 1590 586 1620 que
609 1590 647 1611 ex
662 1581 854 1620 hujusmodi
873 1581 937 1611 fide
958 1590 995 1611 ae
1015 1581 1189 1612 devotione

180 1635 364 1671 servandis,
377 1634 598 1664 diversimodo
612 1634 837 1664 substinuisse
848 1634 1038 1670 noscimini,
1053 1635 1189 1673 provida

179 1687 417 1718 deliberatione
431 1688 590 1726 pensatis,
605 1687 717 1718 omnia
733 1696 795 1726 que
813 1687 979 1726 quondam
993 1687 1188 1718 Fredericus

178 1741 404 1771 Romanorum
420 1741 599 1779 imperator
620 1745 650 1771 et
667 1740 780 1771 Sicilie
797 1749 853 1770 rex
870 1740 1068 1779 quibusdam
1084 1741 1188 1778 privi-

176 1793 274 1831 legiis
290 1794 384 1824 vobis
400 1793 541 1824 indulsit
561 1802 635 1823 cum
651 1793 806 1823 omnibus
821 1793 939 1823 usibus
957 1797 987 1822 et
1010 1797 1188 1823 consuetu-

177 1846 313 1876 dinibus
329 1846 528 1885 approbatis,
547 1847 668 1885 quibus
682 1846 843 1876 hactenus
859 1846 911 1875 usi
929 1846 1020 1882 estis,
1036 1855 1094 1884 per
1111 1837 1188 1877 suas

175 1899 305 1929 litteras
326 1899 550 1935 confirmavit;
574 1908 610 1929 ac
627 1899 764 1937 insuper
779 1908 836 1929 vos
853 1903 883 1928 et
907 1903 1028 1929 terram
1045 1903 1187 1930 vestram

177 1961 251 1983 cum
274 1953 428 1982 omnibus
452 1953 549 1983 bonis
568 1953 687 1983 vestris
706 1953 767 1983 sub
789 1953 968 1991 apostolica
984 1953 1187 1991 protectione

176 2006 300 2044 recepit·
318 2010 348 2035 et
364 2005 468 2036 voluit
484 2006 518 2034 in
534 2006 680 2036 Ecclesie
695 2007 843 2036 Romane
860 2006 1013 2036 demanio
1028 2010 1187 2044 perpetuo

177 2068 386 2097 permanere,
404 2063 501 2097 prout
517 2059 551 2088 in
568 2059 675 2097 ipsius
692 2058 872 2088 cardinalis
888 2058 1010 2088 litteris
1027 2059 1186 2089 consectis

178 2111 294 2141 exinde
311 2110 443 2149 plenius
460 2111 659 2141 continetur.
679 2112 748 2141 Nos
764 2111 877 2149 itaque
894 2111 1014 2140 vestris
1032 2111 1186 2149 precibus

176 2163 346 2198 inclinati,
369 2164 455 2202 quod
477 2164 516 2193 ab
540 2164 653 2194 eodem
677 2163 843 2193 cardinale
867 2172 966 2202 super
982 2163 1044 2193 hoc
1062 2164 1187 2194 sactum

177 2220 226 2246 est
249 2220 355 2245 ratum
382 2216 543 2246 habentes
562 2220 591 2246 et
609 2220 753 2253 gratum,
772 2216 855 2245 illud
876 2216 1071 2246 auctoritate
1092 2225 1187 2254 apos-

177 2268 275 2298 tolica
288 2270 523 2299 confirmamus
538 2274 598 2299 etc.
612 2278 717 2308 usque
732 2279 738 2298 z
754 2269 1009 2299 communimus.
1025 2270 1186 2299 Tcnorcm

174 2321 363 2352 litterarum
388 2322 535 2360 ipsarum
558 2322 596 2352 de
623 2322 720 2352 verbo
744 2322 783 2352 ad
810 2322 948 2352 verbum
974 2323 1186 2361 presentibus

175 2374 280 2405 inseri
296 2375 467 2405 facientes.
490 2376 553 2411 Qui
571 2375 645 2405 talis
663 2379 711 2405 est
727 2385 733 2403 :

776 2467 893 2502 Nupta-s,
909 2467 924 2494 6
941 2475 1018 2494 mars
1036 2468 1112 2494 1255».

217 2540 230 2554 «
258 2528 475 2563 Octavianus,
504 2529 717 2559 miseratione
744 2529 857 2559 divina
884 2534 996 2559 sancte
1022 2531 1125 2560 Mai-ie
1150 2531 1185 2560 in

176 2592 189 2607 »
213 2580 344 2610 Vialata
361 2572 519 2611 diaconus
535 2582 726 2618 cardinalis,
742 2582 919 2620 apostolice
932 2582 1027 2612 Sedis
1043 2582 1183 2621 legatus,

176 2646 189 2660 1>
215 2634 254 2663 ad
272 2634 321 2663 rei
343 2635 535 2664 memoriam
558 2635 804 2673 sempiternam.
823 2636 939 2665 Matris
962 2636 1109 2666 Ecclesie
1130 2637 1185 2675 pia,

214 2687 404 2725 benignitas
425 2692 504 2717 tunc
522 2688 632 2725 dignis
649 2688 811 2718 honorum
831 2688 998 2718 extollitur
1016 2689 1182 2725 laudibus,

175 2752 189 2766 »
213 2744 293 2769 tunc
310 2740 540 2778 preconiorum
558 2741 689 2770 eximiis
708 2740 813 2770 titulis
830 2741 991 2771 exaltatur
1008 2751 1081 2771 cum
1099 2742 1184 2772 filio-

176 2699 182 2713 )

176 2805 182 2819 )

214 2802 288 2822 rum
305 2793 484 2823 clementer
505 2793 655 2823 honestis
678 2794 832 2832 precibus
853 2794 971 2823 annuit
992 2798 1022 2824 et
1043 2795 1184 2825 advertit

214 2846 326 2876 favore
342 2846 495 2876 benivolo
517 2847 633 2876 merita
652 2847 854 2876 devotorum.
874 2847 928 2877 Sic
947 2847 1034 2877 enim
1055 2857 1184 2887 semper

176 2910 188 2925 »
213 2898 253 2928 ab
268 2908 306 2928 ea
320 2899 425 2937 gratia
438 2899 573 2938 provide
589 2899 800 2930 liberalitatis
817 2900 1017 2936 infunditur,
1035 2905 1071 2930 ut
1086 2901 1183 2932 bene-

174 2857 181 2872 ³

181 2858 188 2872 v

1275 371 1288 386 ))

1275 425 1288 440 n

1275 478 1288 492 ))

1275 530 1288 545 7)

1275 583 1288 599 1)

1275 636 1289 652 D

1275 690 1288 705 ))

1276 896 1289 911 ))

1276 949 1289 964 ))

1276 1003 1288 1017 1)

1276 1055 1289 1070 »

1275 1108 1288 1123 ))

1275 1161 1288 1176 ))

1275 1214 1288 1230 D

1274 1268 1288 1282 )>

1275 1321 1287 1336 ))

1274 1373 1287 1388 ))

1273 1426 1287 1442 Ἰ)

1273 1480 1286 1494 ὶ)

1274 1533 1286 1547 ))

1273 1586 1286 1600 ))

1273 1639 1286 1653 ὶ)

1273 1692 1286 1707 1)

1273 1745 1286 1760 ))

1273 1798 1286 1813 ))

1273 1851 1286 1866 )>

1273 1904 1285 1918 ))

1273 1957 1285 1972 ))

1272 2010 1285 2024 ))

1272 2064 1284 2078 ))

1272 2116 1284 2131 ))

1272 2170 1284 2184 ))

1272 2222 1284 2236 ))

1271 2275 1284 2290 ))

1271 2328 1284 2343 ))

1271 2381 1284 2396 l>

1271 2435 1283 2449 ))

1270 2488 1283 2502 J)

1270 2541 1283 2555 ))

1270 2594 1283 2608 ))

1270 2647 1282 2662 ))

1269 2700 1282 2714 ))

1269 2753 1282 2768 ))

1268 2806 1281 2820 ))

1268 2855 1289 2874 »“

1268 2913 1281 2928 7)

1315 360 1401 390 Hinc
1422 364 1471 391 est
1494 361 1581 399 quod
1597 370 1656 400 pro
1678 366 1770 400 parte
1794 361 2027 392 universorum
2047 360 2220 391 hominum
2242 361 2282 392 de

1314 418 1421 444 castro
1450 413 1545 444 Eboli
1573 415 1719 446 Ecclesie
1742 415 1892 445 Romane
1918 414 2066 444 fidelium
2094 413 2190 445 nobis
2217 413 2284 444 fuit

1314 467 1473 497 attentius
1487 467 1720 506 supplicatum,
1732 473 1769 498 ut
1779 466 1908 497 indulta
1922 467 1971 497 eis
1987 471 2018 497 et
2034 471 2119 497 terre
2135 466 2283 505 ipsorum

1313 527 1331 549 a
1341 519 1506 558 quondam
1520 520 1652 550 domino
1664 520 1838 550 Frederico
1849 520 2072 550 Romanorum
2084 519 2283 558 imperatore

1313 572 1506 611 privilegia,
1540 574 1736 604 confirmare
1769 573 1852 612 ipsis
1879 573 1918 603 de
1947 572 2154 610 benignitate
2185 571 2281 603 Sedis

1314 625 1492 663 apostolice
1508 626 1734 664 dignaremur.
1755 626 1903 662 Quorum
1917 625 2169 664 privilegiorum
2187 629 2282 656 tenor

1313 687 1370 717 per
1386 679 1496 708 omnia
1514 678 1589 708 talis
1606 683 1655 709 est
1673 688 1678 707 :

1771 769 1919 797 Francfort
1928 791 1934 803 ,
1951 770 2114 804 septembre
2135 770 2211 798 1210.

1316 844 1328 859 ιι
1345 832 1539 862 Fredericus
1555 832 1731 867 secundus,
1748 832 1861 862 divina
1877 832 2009 863 favente
2024 832 2201 863 clementia
2215 833 2284 863 Ro-

1313 894 1487 915 manorum
1509 894 1563 915 rex
1585 894 1714 924 semper
1730 890 1892 924 augustus
1916 891 1948 916 et
1963 890 2019 916 r'ex
2035 885 2161 916 Sicilie.
2178 885 2282 924 Regia

1314 937 1542 968 munificentie
1559 939 1711 969 convenit
1728 939 1762 968 in
1779 938 1929 969 subditos
1945 942 1975 968 et
1997 938 2130 968 devotos
2146 947 2282 969 manu-m

1313 990 1526 1021 liberalitatis
1540 992 1715 1022 extendere
1731 996 1762 1021 et
1779 992 1830 1022 sui
1850 991 1995 1022 nominis
2012 991 2139 1022 excedit
2156 991 2198 1022 ad
2212 991 2283 1030 glo-

1314 1043 1397 1073 riam
1420 1043 1569 1074 fidelium
1592 1044 1756 1082 respicere
1774 1044 1892 1074 merita
1912 1043 2120 1082 singulorum
2139 1047 2170 1074 et
2184 1047 2282 1082 prout

1313 1097 1414 1127 unius
1430 1097 1590 1136 cujusque
1613 1098 1694 1128 tides
1715 1102 1746 1128 et
1766 1097 1903 1128 servitia
1921 1097 2071 1135 exigunt,
2094 1097 2184 1136 ipsos
2204 1105 2283 1128 con-

1313 1150 1423 1188 dignis
1446 1150 1724 1181 retributionibus
1749 1159 1973 1189 compensare.
2000 1150 2081 1180 Inde
2107 1154 2156 1181 est
2179 1149 2282 1188 igitur

1314 1203 1484 1241 quod‘nos,
1501 1204 1674 1233 attendens
1690 1204 1788 1234 fidem
1803 1213 1931 1242 puram,
1947 1203 2156 1234 devotionem
2171 1203 2282 1234 lauda-

1312 1256 1424 1291 bilem,
1443 1265 1570 1286 necnon
1588 1262 1678 1294 grata
1693 1261 1723 1287 et
1741 1261 1872 1295 accepta
1888 1257 2024 1287 servitia
2043 1266 2106 1296 que
2122 1265 2191 1292 vos,
2209 1256 2282 1286 uni-

1313 1309 1400 1339 versi
1420 1309 1572 1339 homines
1594 1309 1689 1339 Eboli
1710 1309 1824 1340 fideles
1844 1309 1966 1345 nostri,
1984 1309 2151 1349 majestati
2169 1313 2280 1340 nostre

1312 1361 1454 1391 fideliter
1469 1362 1664 1400 prestitistis
1680 1366 1711 1392 et
1727 1371 1790 1400 que
1808 1362 1960 1400 poteritis
1975 1362 2010 1392 in
2028 1366 2126 1393 antea
2140 1362 2180 1393 de
2195 1362 2282 1393 bono

1312 1414 1347 1444 in
1376 1414 1496 1445 melius
1527 1414 1698 1450 exhibere;
1732 1415 1981 1445 considerantes
2010 1415 2111 1445 etiam
2139 1415 2282 1454 dampna

1311 1467 1455 1506 plurima
1475 1472 1507 1498 et
1528 1467 1657 1497 labores
1675 1477 1803 1498 necnon
1826 1472 1858 1498 et
1878 1476 2096 1506 personarum
2120 1467 2280 1506 pericula,

1312 1530 1375 1560 (sue
1390 1530 1449 1559 pro
1465 1524 1577 1550 nostra
1594 1520 1752 1551 fidelitate
1768 1521 1929 1550 servanda
1944 1520 2175 1559 multipliciter
2190 1519 2282 1558 passi

1312 1573 1407 1610 estis,
1426 1573 1574 1604 volentes
1590 1574 1683 1603 vobis
1700 1577 1859 1612 tanquam
1873 1573 2090 1604 benemeritis
2107 1572 2280 1612 providere

1312 1627 1350 1656 de
1367 1631 1525 1657 consueta
1540 1626 1769 1657 munificentie
1786 1630 1897 1656 nostre
1914 1626 2031 1664 gratia,
2049 1634 2107 1656 vos
2123 1629 2190 1655 tam
2206 1625 2280 1656 uni-

1311 1689 1424 1710 versos
1450 1689 1548 1718 quam
1571 1680 1721 1718 singulos
1743 1683 1774 1710 et
1796 1679 1936 1710 heredes
1959 1683 2086 1709 vestros
2106 1682 2137 1709 et
2159 1682 2282 1709 terram

1310 1733 1418 1771 ipsam
1434 1733 1528 1763 Eboli
1544 1742 1618 1762 cum
1635 1733 1789 1763 omnibus
1802 1733 1903 1772 justis
1921 1732 2113 1763 tenimentis
2131 1736 2163 1763 et
2178 1732 2281 1771 perti-

1311 1786 1436 1816 nentiis
1453 1786 1523 1816 suis
1542 1786 1577 1815 in
1594 1786 1784 1815 demanium
1803 1790 1953 1815 nostrum
1968 1785 2154 1823 recepimus
2169 1789 2200 1815 et
2219 1784 2280 1815 suh

1311 1839 1447 1877 speciali
1464 1839 1666 1877 protectione
1688 1839 1872 1878 majestatis
1891 1842 2002 1868 nostre
2018 1846 2075 1868 vos
2094 1840 2125 1867 e't
2140 1837 2280 1868 heredes

1310 1897 1437 1922 vestros
1454 1896 1483 1921 et
1501 1896 1621 1922 terram
1635 1892 1740 1930 ipsam
1754 1891 1906 1921 volumus
1922 1894 2079 1929 perpetuo
2095 1898 2279 1920 remanere.

1310 1945 1357 1975 De
1373 1945 1632 1974 liabundantiori
1647 1954 1777 1983 quoque
1791 1943 2020 1973 munificentia
2035 1947 2147 1973 nostra
2160 1942 2280 1973 confir-

1310 2006 1439 2027 mamus
1455 1997 1548 2027 vobis
1565 2001 1596 2027 et
1615 1997 1794 2027 heredibus
1812 1996 1930 2026 vestris
1947 1996 1981 2025 in
1998 2000 2195 2034 perpetuum
2209 2003 2280 2025 om-

1310 2060 1369 2081 nes
1386 2051 1489 2081 bonos
1506 2060 1585 2081 usus
1604 2055 1635 2080 et
1651 2050 1753 2080 bonas
1770 2049 2044 2085 consuetudines,
2063 2048 2184 2088 quibus
2199 2048 2279 2079 olim

1310 2104 1371 2134 sub
1387 2103 1543 2134 felicibus
1559 2103 1693 2141 regibus
1706 2103 1996 2141 predecessoribus
2013 2101 2136 2132 nostris
2150 2109 2279 2132 necnon

1310 2162 1341 2188 et
1357 2158 1418 2187 sub
1437 2157 1522 2187 divis
1541 2157 1691 2194 augustis
1708 2156 1897 2195 patentibus
1914 2155 2036 2185 nostris
2052 2155 2211 2185 memorie
2226 2163 2279 2184 re-

1309 2210 1444 2240 colende
1466 2210 1518 2240 usi
1541 2210 1636 2244 estis,
1662 2209 1783 2248 quibus
1806 2209 1906 2238 etiam
1931 2208 1964 2237 in
1989 2212 2101 2238 nostro
2125 2207 2279 2238 demanio

1310 2267 1550 2293 commorantes
1571 2262 1722 2293 volumus
1745 2271 1802 2291 vos
1823 2266 1853 2291 et
1874 2261 2012 2291 heredes
2037 2265 2164 2291 vestros
2188 2260 2278 2290 omni

1310 2320 1454 2354 tempore
1475 2316 1693 2353 congaudere.
1716 2315 1912 2345 Mandamus
1932 2314 2035 2352 igitur
2058 2318 2089 2344 et
2112 2313 2278 2352 presentis

1308 2368 1476 2407 privilegii
1497 2368 1691 2398 auctoritate
1715 2367 1900 2403 sancimus,
1922 2371 1957 2397 ut
1978 2374 2186 2406 quecumque
2203 2373 2278 2404 per-

1309 2432 1390 2452 sona
1404 2422 1469 2452 alta
1480 2421 1531 2452 vel
1543 2421 1691 2457 humilis,
1706 2421 1931 2451 ecclesiastica
1942 2420 1994 2450 vel
2009 2419 2181 2452 secularis,
2199 2427 2277 2449 con-

1311 2480 1359 2505 tra
1381 2475 1466 2504 lianc
1486 2475 1756 2504 constitutionem
1778 2473 2114 2503 etrontirmatiouem
2130 2476 2278 2502 nostram

1309 2537 1392 2559 ausu
1407 2528 1581 2558 temerario
1592 2527 1855 2565 pr‹.=su1npserint
1866 2526 2042 2561 contraire,
2057 2525 2092 2555 in
2106 2533 2165 2555 sue
2179 2529 2277 2555 teme-

1308 2581 1417 2611 ritatis
1433 2580 1612 2610 vindictam
1629 2585 1761 2609 centum
1778 2579 1880 2609 libras
1897 2579 1970 2609 auri
1985 2581 2175 2616 componat,
2193 2585 2276 2616 qua-

1307 2643 1380 2664 rum
1398 2634 1556 2664 medietas
1573 2642 1700 2663 camere
1718 2637 1839 2668 nostre,
1858 2632 1962 2662 altera
1974 2640 2051 2662 vero
2067 2631 2175 2670 passis
2190 2630 2275 2670 inju-

1307 2688 1391 2718 riam
1403 2686 1620 2725 persolvatur.
1633 2686 1682 2715 Ad
1694 2685 1884 2724 hujusmodi
1898 2688 2008 2715 autem
2021 2684 2070 2714 rei
2081 2683 2276 2714 memoriam

1307 2745 1338 2770 et
1350 2740 1451 2770 robur
1465 2740 1498 2769 in
1513 2743 1707 2777 perpetuum
1722 2738 1899 2767 valiturum
1913 2745 2051 2776 presens
2062 2735 2275 2774 privilegium

1305 2802 1364 2832 per
1386 2801 1504 2822 manus
1527 2791 1692 2822 Joliannis
1717 2791 1755 2820 de
1780 2791 1944 2830 TraJecto,
1969 2788 2090 2819 notarii
2113 2792 2145 2819 et
2164 2786 2273 2818 fidelis

1307 2846 1422 2882 nostri,
1441 2845 1541 2876 scribi
1558 2850 1589 2875 et
1605 2845 1694 2874 bulla
1707 2853 1806 2874 aurea
1821 2843 1950 2883 typario
1963 2846 2074 2872 nostre
2089 2840 2274 2881 majestatis

1305 2900 1467 2938 impressa
1484 2899 1647 2938 jussimus
1664 2897 1874 2928 communiri.
1892 2894 2091 2936 Hujusmodi
2107 2894 2156 2925 rei
2172 2897 2273 2924 testes
