2441 3330
209 228 244 256 54
933 226 1172 258 REGISTRES
1194 226 1501 258 D‘ALEXANDRE
1524 229 1580 258 IV.

279 292 364 319 ¹85
756 291 876 328 Naptes,
898 293 927 319 18
944 293 1048 319 16νι-161·
1067 292 1143 320 1‘255.

245 351 384 386 Populum
403 351 665 378 Barchinonensem
682 353 823 386 hortatur,
842 357 871 380 ut
886 354 1045 380 solemnem
1061 354 1136 380 beati
1150 354 1216 381 An—

207 399 275 426 tonii
293 403 457 426 sanctorum
473 400 673 427 consessorum
689 401 818 436 catalogo
834 403 952 437 ascripti
966 403 1130 429 festivitatis
1140 402 1214 429 diem

207 448 352 474 annuatim
375 448 542 475 solemniter
561 449 716 476 celebrent.
740 450 823 485 (Rea.
840 450 890 482 ⁶24,
906 459 932 477 c.
952 451 1014 483 172,
1035 451 1054 478 s.
1073 451 1124 484 22;
1144 450 1216 478 Por-

206 504 293 523 ·rnAsr
311 496 417 528 15697.)

249 624 262 638 (ι
278 613 390 649 Populo
404 613 540 641 civitatis
553 618 578 641 et
591 613 716 642 diocesis
726 614 1036 643 Barclzinonensium.
1050 614 1132 645 Cum
1142 613 1215 643 hea-

208 668 259 694 tus
283 665 449 694 Antonius
472 682 520 694 —.
548 666 620 695 Dat.
645 665 795 704 Neapoli,
819 666 885 696 XII
905 666 1064 697 kalendas
1087 667 1214 701 marcii,

208 725 295 746 anno
308 717 425 754 primo.
443 729 455 743 »

280 927 364 955 we

241 988 440 1016 Januensibus
456 989 602 1024 indulget,
620 997 650 1018 ut
666 995 745 1018 extra
761 992 905 1019 civitatem
928 992 971 1018 vel
986 992 1148 1019 districtum
1166 993 1217 1019 Ja-

206 1046 348 1065 nuensem
374 1039 447 1065 trahi
471 1043 614 1074 nequeant
641 1040 668 1066 in
692 1048 809 1067 causam
835 1049 886 1076 per
910 1041 1020 1068 litteras
1043 1042 1216 1077 apostolicas

206 1094 279 1121 quae
294 1086 328 1112 de
344 1087 398 1113 hoc
414 1087 524 1114 indulto
540 1096 596 1114 non
613 1089 734 1116 fecerint
750 1090 935 1116 mentionem.
953 1090 1034 1124 (Reo.
1047 1090 1092 1125 24,
1109 1099 1135 1118 c.
1155 1092 1215 1122 173,

207 1134 225 1161 f.
242 1134 290 1169 Q&
308 1134 455 1162 Pomosi-
472 1137 580 1170 15718.)

807 929 923 965 Naples,
941 930 955 957 5
972 938 1048 956 mars
1066 930 1143 957 1255.

249 1262 261 1275 α
281 1273 315 1285 ..,
331 1253 489 1288 potestati,
514 1253 642 1282 consilio
664 1258 690 1282 et
711 1255 870 1283 communi
890 1255 1106 1285 Januensibus.
1129 1257 1215 1286 Tan-

207 1306 273 1332 tam
292 1302 476 1334 devotionis
496 1308 526 1334 et
542 1322 590 1334 -.
617 1306 688 1335 Dat.
718 1306 874 1345 Neapoli,
896 1308 946 1338 III
967 1316 1072 1338 nonas
1090 1309 1213 1345 martii,

206 1364 292 1385 anno
307 1356 424 1394 primo.
446 1369 458 1383 »

279 1560 361 1588 197

240 1621 381 1654 Johanni,
399 1623 465 1650 olim
488 1624 619 1658 professo
640 1625 768 1652 ordinem
792 1627 951 1661 regularem
968 1636 993 1656 s.
1010 1629 1169 1664 Augustini
1185 1631 1213 1657 in

205 1672 380 1698 monasterio
398 1680 422 1698 s.
441 1672 518 1700 Petri
537 1673 570 1699 ad
592 1673 698 1700 Aream
718 1674 868 1710 Neapolis,
888 1677 1038 1704 confirmat
1059 1678 1214 1714 indulgen-

206 1721 272 1747 tiam
291 1719 423 1754 Hugonis
439 1721 591 1748 cardinalis
608 1730 632 1749 s.
650 1722 773 1750 Sabinae
791 1728 820 1750 ut
835 1724 923 1752 abbas
938 1727 1102 1753 monasterii
1118 1735 1143 1754 s.
1161 1728 1214 1754 Se-

204 1768 329 1795 bastiani
347 1768 527 1804 Neapolitani
543 1779 691 1798 remanere
707 1772 799 1799 valeat
817 1784 822 1798 z
840 1777 868 1800 et
888 1773 1094 1808 indulgentiam
1112 1775 1213 1811 Hugo-

205 1817 250 1843 nis
275 1816 368 1843 datam
394 1817 512 1852 Neapoli
539 1817 562 1844 V
582 1818 647 1845 idus
666 1820 791 1854 januarii
813 1821 997 1855 pontificatus
1021 1823 1066 1849 sui
1088 1831 1163 1850 anno
1188 1824 1214 1850 1⁰

204 1865 315 1892 inserit.
331 1866 413 1899 (Rea.
429 1867 478 1898 ⁶34,
496 1875 521 1894 6.
540 1867 600 1899 174,
618 1868 637 1894 f.
654 1868 698 1896 22.

750 1564 871 1600 Names,
891 1566 919 1592 11
934 1566 1047 1600 Janvier
1066 1567 1141 1595 1255.

245 1994 257 2007 «
281 1982 427 2016 Jolzarmi,
448 1982 549 2011 abbati
564 1985 745 2013 monasterii
763 1986 864 2014 sancti
884 1986 1057 2016 Sebastiam·
1071 1988 1213 2026 Neapoli-

204 2036 281 2069 tani,
294 2035 413 2064 ordinis
428 2037 529 2065 saneti
541 2037 705 2066 Benedicti.
722 2038 820 2067 Lecta
831 2038 927 2069 nobis
942 2043 997 2069 1116
1005 2040 1122 2078 petitio
1138 2050 1211 2072 con-

203 2087 328 2117 tinebat
356 2088 457 2126 quod,
487 2098 561 2118 cum
585 2089 665 2119 olim
690 2091 725 2120 in
752 2092 956 2122 monasterio
985 2094 1092 2123 sancti
1120 2095 1212 2124 Petri

202 2141 242 2170 ad
257 2142 378 2170 Aream
394 2141 432 2171 de
446 2141 595 2180 Neapoli,
614 2143 741 2173 ordinis
759 2145 864 2174 sancti
879 2145 1071 2183 Augustini,
1086 2147 1211 2185 profes-

202 2193 330 2223 sionem
346 2194 466 2224 feceris
486 2198 517 2224 et
537 2195 572 2224 in
589 2204 626 2225 eo
644 2205 702 2234 per
720 2200 791 2226 octo
808 2206 912 2227 annos
929 2202 959 2228 et
980 2198 1122 2237 amplius
1143 2199 1211 2229 lau-

202 2244 356 2274 dabiliter
367 2245 472 2275 fueris
484 2250 710 2283 conversatus,
725 2247 858 2278 tandem
870 2248 910 2278 ad
923 2249 1116 2280 mandatum
1126 2250 1211 2282 bone

200 2298 359 2328 memorie
382 2299 437 2333 P.,
463 2298 703 2339 archiepiscopi
729 2301 958 2339 Neapolitani,
986 2302 1021 2332 in
1043 2308 1211 2334 monaste-

199 2351 288 2380 rium
310 2351 415 2380 sancti
439 2351 529 2381 Petri
546 2352 586 2381 ad
608 2353 806 2389 Castellum,
827 2354 954 2385 ordinis
978 2356 1084 2385 sancti
1102 2356 1211 2387 Bene-

201 2402 290 2438 dicti,
314 2403 531 2441 Neapolitane
551 2405 709 2440 diocesis,
736 2407 964 2437 monachalem
986 2408 1137 2439 habitum
1157 2419 1210 2439 as-

201 2456 373 2494 sumpsisti
389 2467 394 2491 ;
415 2460 445 2486 et
468 2466 564 2487 mane
586 2459 739 2496 sequenti
752 2460 900 2497 proximo
916 2465 987 2499 post
1004 2467 1210 2500 assumptum

187 2508 391 2547 -hujusmodi
408 2509 560 2538 habitum
577 2510 668 2539 nulla
690 2512 897 2548 professione
913 2513 947 2542 in
965 2514 1078 2544 eodem
1094 2515 1209 2546 ordine

201 2561 307 2591 sancti
325 2561 509 2597 Benedicti,
528 2563 729 2592 monasterio
747 2564 851 2593 sancti
869 2565 1057 2595 Sebastiani
1074 2567 1113 2597 de
1126 2568 1209 2598 Nea-

200 2615 277 2653 poli,
289 2615 435 2653 ejusdem
449 2616 554 2645 sancti
569 2616 740 2645 Benedicti
753 2617 890 2652 ordinis,
907 2619 1035 2648 abbatis
1048 2621 1209 2657 regimine

200 2668 368 2703 destituto,
382 2667 469 2697 idem
486 2667 755 2706 archiepiscopus
772 2674 866 2707 prout
881 2672 1047 2708 spectabat
1065 2673 1104 2702 ad
1121 2683 1206 2710 eum,

200 2719 283 2750 alias
300 2724 408 2750 tamen
426 2720 584 2750 canonice
601 2720 634 2749 in
652 2721 803 2750 abbatem
817 2723 956 2760 predicti
971 2725 1076 2753 sancti
1094 2725 1208 2756 Sebas-

201 2772 283 2801 tiani
309 2772 502 2801 monasterii
526 2776 557 2802 te
579 2773 728 2810 prefecit.
757 2774 862 2812 Super
884 2784 948 2813 quo
970 2776 1083 2813 petisti
1108 2778 1208 2808 saluti

200 2830 254 2855 tue
271 2825 447 2863 apostolice
466 2825 560 2854 Sedis
580 2826 788 2864 providentia
808 2827 990 2857 subveniri.
1007 2829 1088 2859 Cum
1105 2830 1208 2868 igitur

199 2877 339 2907 dilectus
356 2877 445 2906 lilius
465 2881 576 2907 noster
592 2878 645 2913 Η.7
666 2878 751 2907 tituli
767 2884 879 2909 sancte
897 2880 1017 2911 Sabine
1033 2882 1207 2921 presbyter

1299 291 1490 328 cardinalis,
1509 293 1547 324 de
1564 294 1719 324 mandato
1739 298 1851 324 nostro
1871 294 1946 324 viva
1961 303 2038 325 voce
2059 295 2124 325 sibi
2142 296 2228 326 facto
2246 296 2308 326 tibi

1299 345 1511 380 concesserit,
1527 349 1563 375 ut
1575 346 1811 384 impedimento
1827 346 2018 386 hujusmodi
2031 356 2096 377 non
2110 348 2261 379 obstante
2272 349 2308 378 in

1299 397 1347 426 sic
1364 402 1516 436 suscepto
1532 398 1652 436 prefati
1669 399 1863 429 monasterii
1882 399 1988 429 sancti
2009 399 2198 430 Sebastiani
2220 401 2308 439 regi-

1299 450 1388 479 mine
1404 451 1511 489 possis·
1523 450 1626 481 libere
1642 460 1825 487 remanere,
1844 452 2001 491 supplens
2017 452 2256 484 nichilominus
2269 462 2308 484 ex

1300 503 1453 533 mandato
1473 508 1585 534 nostro
1602 504 1766 534 defectum
1786 504 1813 534 si
1830 505 1906 544 quis
1923 505 2030 535 extitit
2046 505 2080 535 in
2097 506 2307 536 institutione
2326 516 2337 531 υ

1299 556 1474 593 regiminis
1491 557 1676 592 memorati,
1694 561 1790 595 prout
1809 557 1843 587 in
1865 557 1971 596 ipsius
1991 557 2170 588 cardinalis
2186 558 2307 588 litteris

1299 617 1398 647 super
1414 609 1473 639 hoc
1491 610 1650 640 consectis
1665 610 1798 648 plenius
1814 610 2013 645 continetur,
2030 619 2089 640 nos
2103 610 2169 640 tuis
2185 610 2307 650 suppli-

1299 661 1486 692 cationibus
1511 662 1681 698 inclinati,
1706 662 1791 702 quod
1814 663 1854 692 ab
1877 663 1990 704 eodem
2016 663 2184 694 cardinale
2208 672 2308 703 super

1298 713 1358 743 110(-
1371 715 1493 744 factum
1509 719 1557 744 est
1570 720 1676 745 ratum
1693 715 1854 746 habentes
1866 719 1895 746 et
1911 720 2051 754 gratum,
2066 716 2100 746 id
2112 715 2307 746 auctorit-ate

1299 766 1478 805 apostolica
1500 768 1735 798 confirmamus
1758 773 1818 798 etc.
1841 777 1947 807 usque
1969 768 2224 798 communimus.
2245 769 2307 800 Te-

1299 828 1413 849 norem
1425 820 1610 851 litterarum
1624 821 1803 851 cardinalis
1820 821 1967 860 ejusdem
1978 821 2190 860 presentibus
2203 820 2308 854 inseri

1298 872 1472 907 facientes,
1491 873 1548 911 qui
1567 873 1642 903 talis
1659 877 1709 903 est
1727 884 1734 903 ι

1866 967 1983 1003 Naples,
2001 968 2016 996 9
2028 969 2142 1002 janvier
2157 968 2235 996 1255.

1341 1047 1353 1061 «
1372 1035 1487 1065 Frater
1504 1036 1614 1073 Hugo,
1638 1036 1853 1066 miseratione
1871 1036 1985 1067 divina
2007 1036 2096 1066 tituli
2118 1040 2232 1068 sancte
2247 1037 2308 1068 Sa-

1301 1099 1313 1113 »
1339 1083 1417 1117 bine
1441 1088 1615 1126 presbyter
1637 1088 1837 1123 cardinalis,
1862 1089 1981 1119 dilecto
2003 1089 2038 1118 in
2058 1088 2192 1121 Christo
2211 1089 2308 1120 fratri

1301 1152 1313 1167 ι»
1337 1140 1485 1171 Johanni
1502 1140 1613 1171 abbati
1629 1142 1824 1172 monasterii
1841 1142 1947 1172 sancti
1964 1142 2154 1173 Sebastiani
2169 1142 2208 1172 de
2223 1142 2308 1173 Nea-

1300 1205 1313 1219 »
1337 1192 1415 1231 poli,
1440 1193 1567 1223 ordinis
1590 1195 1696 1224 sancti
1716 1195 1905 1230 Benedicti,
1933 1195 2074 1227 salutem
2095 1195 2130 1225 in
2152 1195 2305 1226 Domino.

1300 1258 1312 1272 »
1338 1247 1493 1280 Porrecta
1507 1246 1603 1277 nobis
1619 1251 1673 1277 tua
1689 1247 1805 1286 petitio
1817 1247 2018 1283 continebat,
2033 1247 2121 1286 quod
2136 1251 2172 1277 tu
2186 1247 2221 1277 in
2236 1256 2308 1278 mo-

1299 1311 1312 1326 »
1338 1299 1485 1329 nasterio
1514 1300 1620 1330 sancti
1643 1300 1734 1330 Petri
1763 1300 1803 1330 ad
1827 1301 1928 1331 Aram
1949 1300 1989 1332 de
2011 1300 2151 1339 Neapoli
2179 1300 2307 1332 ordinis

1299 1364 1312 1379 »
1338 1353 1444 1382 sancti
1459 1353 1641 1390 Augustini
1660 1354 1842 1392 professus,
1860 1353 2027 1394 quondam
2046 1353 2196 1384 ordinem
2213 1362 2307 1392 regu-

1299 1417 1312 1432 »
1336 1404 1440 1435 larem
1465 1414 1501 1434 ac
1522 1405 1556 1434 in
1577 1405 1691 1436 eodem
1710 1416 1769 1445 per
1792 1410 1864 1438 octo
1886 1415 1990 1436 annos
2016 1410 2047 1436 et
2066 1405 2209 1444 amplius
2234 1405 2308 1436 lau-

1299 1470 1311 1484 »
1337 1457 1492 1487 dabiliter
1527 1462 1761 1495 conversatus,
1795 1459 1930 1490 tandem
1959 1459 1998 1489 de
2035 1458 2191 1489 mandato
2221 1458 2307 1490 bone

1299 1523 1311 1538 »
1337 1511 1495 1540 memorie
1518 1511 1552 1540 P.
1578 1515 1655 1540 tunc
1677 1511 1918 1550 archiepiscopi
1944 1510 2158 1550 Neapolitani
2180 1511 2217 1541 in
2237 1520 2307 1542 mo-

1299 1576 1311 1591 »
1337 1563 1522 1593 nasterium
1542 1564 1649 1594 sancti
1668 1565 1759 1596 Petri
1778 1564 1818 1594 ad
1833 1564 2033 1601 Castellum,
2055 1564 2182 1595 ordinis
2201 1564 2309 1595 sancti

1298 1630 1311 1644 υ
1337 1617 1521 1651 Benedicti.
1552 1618 1772 1657 Neapolitane
1797 1618 1950 1654 diocesis,
1975 1618 2015 1648 ab
2045 1641 2077 1654 ..,
2101 1618 2219 1649 abbate
2242 1618 2307 1648 loci

1299 1682 1311 1696 »
1337 1670 1497 1709 ejusdem,
1529 1670 1759 1701 monachalem
1785 1671 1937 1701 habitum
1967 1671 2189 1710 assumpsisti.
2221 1671 2308 1702 Sane

1298 1735 1311 1749 n
1336 1732 1433 1753 mane
1462 1723 1610 1761 proximo
1638 1724 1791 1762 sequenti
1818 1728 1890 1762 post
1918 1728 2125 1762 assumptum
2155 1723 2308 1754 habitum

1298 1788 1311 1803 »
1336 1776 1538 1815 hujusmodi,
1548 1780 1686 1806 vacante
1698 1777 1899 1807 monasterio
1910 1777 2057 1815 predicto
2071 1777 2177 1807 sancti
2187 1776 2307 1807 Sebas-

1298 1841 1310 1855 »
1337 1829 1430 1864 116111,
1450 1829 1557 1859 dictus
1581 1829 1850 1868 archiepiscopus
1873 1829 1965 1859 nulla
1990 1830 2077 1860 facta
2099 1829 2306 1868 professione

1298 1894 1310 1908 »
1335 1882 1370 1912 in
1396 1882 1510 1912 eodem
1538 1882 1653 1912 ordine
1679 1882 1762 1912 alias
1785 1887 1895 1913 tamen
1920 1882 2078 1912 canonice
2096 1886 2127 1912 te
2146 1882 2304 1921 prefecit,

1297 1947 1310 1962 »
1335 1939 1431 1973 prout
1456 1934 1624 1973 spectabat
1646 1934 1686 1964 ad
1702 1935 1822 1973 ipsum,
1845 1935 1881 1964 in
1902 1934 2056 1965 abbatem
2071 1934 2221 1974 ejusdem
2236 1943 2306 1965 mo-

1297 2000 1310 2014 »
1336 1987 1475 2017 nasterii
1502 1991 1533 2017 et
1557 1992 1739 2026 pastorem,
1770 1996 1869 2026 super
1898 1996 1962 2026 quo
1986 1987 2100 2026 petisti
2124 1987 2225 2017 saluti
2251 1991 2305 2017 tue

1297 2053 1309 2067 »
1335 2040 1513 2078 apostolice
1537 2040 1632 2070 Sedis
1660 2040 1869 2079 providentia
1898 2039 2081 2070 subveniri.
2110 2040 2178 2070 Nos
2203 2039 2306 2078 igitur

1296 2106 1309 2120 ³>
1335 2093 1543 2124 attendentes
1568 2093 1654 2132 quod
1676 2093 1711 2122 in
1736 2093 1821 2123 dicto
1843 2093 1959 2123 ordine
1984 2093 2031 2123 sic
2053 2097 2085 2123 te
2112 2093 2201 2123 inter
2222 2091 2305 2123 alios

1296 2159 1309 2174 »
1333 2156 1399 2177 non
1422 2147 1529 2177 solum
1548 2146 1717 2182 habitum,
1742 2155 1858 2176 verum
1881 2146 1981 2176 etiam
2002 2146 2036 2175 in
2059 2145 2126 2176 hiis
2149 2154 2212 2184 que
2234 2154 2304 2176 mo-

1296 2212 1308 2226 »
1334 2199 1485 2229 nat-halis
1501 2203 1679 2229 censentur
1695 2199 1920 2234 observantie,
1944 2203 2034 2229 tanto
2054 2202 2198 2237 tempore
2214 2202 2304 2237 post-

1295 2265 1308 2279 »
1333 2252 1467 2282 modum
1484 2252 1633 2282 habuisti
1648 2251 1735 2290 quod
1750 2251 1790 2281 ad
1805 2251 2030 2290 professiones
2047 2251 2144 2281 tacite
2162 2250 2304 2281 sufficiat

1295 2317 1308 2332 »
1334 2309 1567 2343 argumentum
1589 2314 1625 2334 ac
1645 2303 1727 2334 alias
1750 2303 1811 2333 tibi
1831 2304 1871 2334 ad
1894 2303 2056 2342 assumpti
2080 2312 2195 2333 curam
2214 2303 2304 2342 regi-

1295 2370 1307 2385 »
1333 2358 1435 2388 minis
1451 2357 1579 2388 utilitas
1592 2357 1802 2395 suffragetur,
1817 2357 1855 2387 de
1872 2356 2009 2396 speciali
2022 2356 2149 2387 domini
2163 2355 2302 2387 Alexan-

1294 2423 1307 2437 »
1333 2411 1383 2440 dri
1407 2420 1489 2449 pape
1510 2410 1664 2440 mandato
1682 2410 1778 2440 nobis
1794 2409 1869 2439 viva
1885 2418 1963 2439 voce
1986 2410 2072 2439 facto
2094 2408 2182 2448 quod
2202 2408 2238 2438 in
2254 2408 2304 2439 sic

1295 2476 1307 2490 »
1334 2468 1486 2502 suscepto
1500 2463 1579 2493 dicti
1595 2463 1789 2493 monasterii
1807 2462 1911 2493 sancti
1923 2461 2112 2492 Sebastiani
2124 2461 2299 2499 regimine,

1293 2528 1306 2543 »
1332 2516 1568 2555 impedimento
1596 2512 1837 2546 nonobstante
1864 2514 2031 2553 predicto,
2060 2513 2168 2553 possis
2195 2512 2300 2544 libere

1293 2581 1306 2595 »
1331 2578 1518 2602 remanere,
1540 2569 1599 2598 tibi
1622 2572 1732 2598 tenore
1755 2567 1960 2606 presentium
1980 2566 2207 2604 indulgemus,
2226 2574 2299 2604 sup-

1293 2634 1306 2648 »
1331 2621 1459 2660 plentes
1487 2630 1525 2651 ex
1550 2621 1664 2651 eodem
1688 2620 1842 2650 mandato
1868 2619 2108 2649 nichilominus
2134 2618 2300 2648 defectum

1292 2687 1305 2700 »
1331 2674 1359 2704 si
1383 2674 1458 2713 quis
1483 2674 1590 2704 extitit
1621 2673 1655 2702 in
1685 2673 1894 2711 susceptione
1921 2671 2095 2709 regiminis
2126 2670 2296 2701 antedicti.

1293 2740 1305 2753 »
1330 2728 1403 2757 Dat.
1431 2726 1581 2765 Neapoli,
1604 2727 1634 2757 V
1657 2726 1732 2756 idus
1751 2725 1915 2765 januarii,
1939 2724 2151 2763 pontificatus
2171 2723 2298 2753 domini

1292 2791 1305 2806 ³)
1330 2779 1508 2809 Alexandri
1528 2780 1594 2809 IIII
1610 2788 1691 2816 pape
1709 2788 1795 2808 anno
1811 2778 1928 2816 primo.
1950 2789 1962 2803 »ν

1330 2832 1420 2862 Nulli
1454 2836 1514 2862 etc.
1550 2836 1660 2861 nostre
1693 2831 1917 2861 concessionis
1947 2834 2007 2860 etc.
2039 2830 2112 2859 Dat.
2142 2828 2292 2867 Neapoli,

1291 2886 1340 2914 III
1357 2885 1431 2914 idus
1449 2885 1620 2919 februarii,
1641 2894 1727 2914 anno
1745 2884 1862 2928 primo.
1885 2896 1897 2909 »
