2441 3330
942 203 1166 241 PREMIERE
1187 204 1345 241 ANNEE.
1376 249 1382 254 ἡ
2151 212 2187 243 43

93 280 210 313 vitatis
224 279 390 314 Astensis,
406 278 464 317 qui
480 278 655 308 ecclesiam
670 278 773 316 ipsam
788 277 878 307 velut
891 281 1029 307 matrem
1045 276 1105 305 ho-

97 341 216 364 norare
237 340 275 362 ac
297 331 338 361 ab
359 330 501 360 aliorum
521 330 794 369 oppressionibus
814 330 987 359 defensare
1007 328 1106 358 debe-

94 389 187 421 rent,
222 384 303 414 adeo
336 391 395 422 per
430 383 589 421 injuriam
625 386 656 412 et
684 382 878 412 violentiam
915 385 1106 419 occupatam

98 440 282 468 noscuntur
297 439 333 464 ut
348 434 490 464 multum
506 434 673 472 dispendii
689 438 719 464 et
735 433 858 463 laboris
877 437 908 463 et
924 441 1039 471 parum
1055 431 1107 461 vel

98 488 205 520 nichil
216 487 373 518 utilitatis
388 486 549 525 percipiat
566 495 603 516 ex
620 486 756 515 eisdem.
774 486 882 521 Quare
899 485 1006 513 dictus
1022 483 1107 513 elec-

98 546 153 572 tus
172 540 267 571 nobis
283 539 456 569 humiliter
470 539 667 577 supplicavit
682 542 729 573 ut,
748 547 822 567 cum
839 538 952 567 eadem
969 536 1108 566 ecclesia

101 594 142 624 ad
162 592 448 631 recuperationem
472 592 696 630 predictorum
727 594 841 620 contra
869 589 952 619 tales
978 588 1108 617 insuffi-

100 646 192 676 ciens
207 645 341 683 penitus
362 644 564 679 dinoscatur,
585 652 661 673 cum
675 643 743 682 jam
760 646 892 680 propter
911 641 973 671 hoc
988 640 1109 669 multa-

100 707 175 729 rum
192 697 375 736 perdiderit
394 697 563 735 impendia
587 704 821 734 expensarum,
850 694 1015 724 vendendi
1035 702 1110 731 pre-

99 751 205 781 missa
229 749 355 780 eisdem
381 749 582 779 Astensibus
603 748 746 778 maxime
768 756 843 778 cum
863 747 927 785 ipsi
952 746 1055 775 velint
1074 750 1109 775 ut

101 807 255 835 asserunt
271 802 336 832 sibi
352 806 383 832 et
399 802 507 832 eidem
527 801 666 832 ecclesie
682 801 721 831 de
737 801 887 834 Govono,
908 799 946 829 de
965 799 1061 829 Vicia
1079 803 1110 828 et

100 857 140 887 de
155 855 270 886 Rocha
291 859 399 885 castra
416 854 523 892 ipsius
542 854 750 892 episcopatus
766 852 873 883 libera
890 852 1057 881 dimittere
1074 860 1110 881 ac

100 909 225 948 quieta,
242 916 372 938 necnon
394 911 425 937 et
441 906 567 945 amplas
586 906 815 945 possessiones
837 905 965 934 vicinas
984 903 1111 933 civitati

99 961 247 1000 predicte
267 960 411 999 propriis
434 959 621 998 sumptibus
645 967 769 994 emere3
793 958 840 987 ita
864 957 951 996 quod
979 961 1045 985 tam
1073 965 1111 986 ex

99 1012 370 1052 possessionibus
389 1016 573 1042 castrorum
595 1012 759 1041 dictorum
781 1010 829 1040 eis
845 1009 981 1048 pacifice
1004 1017 1111 1038 rema-

100 1065 260 1096 nentibus
274 1074 374 1104 quam
390 1065 490 1095 etiam
506 1073 544 1094 ex
558 1064 707 1094 emendis
720 1063 835 1094 eadem
851 1062 991 1092 ecclesia
1009 1061 1111 1100 perci-

100 1127 178 1157 pere
203 1117 311 1148 valeat
333 1127 430 1156 pares
455 1117 506 1147 vel
532 1117 726 1156 pinguiores
750 1116 900 1146 redditus
932 1115 999 1145 hiis
1029 1124 1111 1153 quos

102 1174 201 1201 antea
219 1170 296 1200 dum
312 1170 448 1200 haberet
468 1170 503 1199 in
521 1179 600 1208 pace
614 1169 726 1199 omnia
740 1169 909 1208 percipere
927 1168 1110 1203 consuevit⁷

101 1223 275 1253 licentiam
294 1223 359 1253 sibi
381 1223 560 1253 concedere
583 1231 787 1252 curaremus.
809 1222 970 1252 Gerentes
999 1221 1111 1259 itaque

103 1275 142 1306 de
167 1276 462 1314 circumspectione
487 1280 597 1305 vestra
620 1275 742 1305 fiducia
762 1275 798 1304 in
823 1275 965 1304 Domino
984 1273 1112 1311 plenio-

102 1337 184 1364 rem,
206 1328 403 1358 mandamus
426 1324 795 1368 quatinushujusmodi
817 1327 948 1365 negocii
970 1327 1112 1357 circum-

102 1381 237 1411 stantiis
259 1381 401 1411 sollicite
430 1381 612 1419 indagatis,
637 1381 665 1410 si
688 1381 795 1411 eidem
823 1380 961 1410 ecclesie
989 1379 1112 1409 videris

103 1434 256 1472 expedire
278 1438 310 1464 et
336 1433 518 1472 capitulum
543 1434 692 1473 ejusdem
717 1433 856 1463 ecclesie
878 1433 930 1463 vel
952 1433 1057 1471 major
1082 1436 1112 1461 et

102 1487 215 1516 sanior
229 1495 305 1525 pars
325 1487 431 1525 ipsius
449 1487 484 1515 in
504 1486 566 1516 hoc
582 1486 787 1516 unanimiter
807 1485 1033 1520 concordabit,
1053 1485 1112 1514 tri-

101 1539 184 1569 buas
201 1539 309 1569 eidem
325 1539 428 1569 electo
444 1539 639 1569 auctoritate
655 1544 768 1570 nostra
783 1539 954 1569 licentiam
970 1537 1112 1576 postula-

102 1596 186 1628 tam;
203 1592 335 1631 proviso
350 1592 530 1631 prudenter
546 1601 586 1622 ne
601 1592 689 1631 quod
702 1601 760 1631 pro
776 1592 883 1630 ipsius
898 1591 1037 1622 ecclesie
1050 1591 1112 1621 uti-

100 1644 195 1675 litate
211 1644 402 1675 conceditur
417 1644 452 1674 111
468 1645 575 1683 ipsius
596 1645 701 1683 possit
718 1653 855 1682 vergere
876 1644 1113 1674 detrimentum

102 1697 202 1737 idque
234 1697 273 1728 de
301 1698 457 1728 manibus
484 1698 550 1728 tuis
586 1707 604 1728 a
632 1698 774 1728 Domino
804 1697 1006 1736 requiratur.
1037 1698 1111 1726 Dat.

102 1749 253 1789 Neapoli,
269 1750 381 1780 idibus
394 1750 568 1785 februarii,
586 1760 673 1781 anno
688 1750 806 1789 primo.
826 1763 839 1777 »

175 1962 260 1990 159

135 2023 271 2055 Thomae,
290 2023 436 2058 capellano
452 2031 516 2057 suo,
529 2024 624 2050 abbati
636 2024 800 2050 monasterii
813 2032 837 2051 5.
855 2023 931 2049 Petri
943 2023 976 2049 de
988 2023 1109 2057 Orbacu,

101 2071 324 2098 Suessionensis
340 2071 475 2105 diocesis,
493 2082 505 2094 «

101 2121 149 2147 tali
173 2121 360 2155 fungentibus
380 2121 407 2147 in
429 2124 611 2155 perpetuum,
632 2120 717 2146 dandi
739 2120 813 2147 duos
836 2121 962 2147 minores
984 2120 1108 2154 ordines,

101 2168 280 2195 ostiariatum
304 2169 437 2195 videlicet
457 2173 485 2195 et
508 2170 687 2202 lector-atum,
708 2169 732 2195 si
754 2170 902 2195 dumtaxat
920 2169 953 2195 ab
974 2169 1110 2203 episcopo

100 2217 261 2244 secundum
285 2225 392 2243 morem
417 2217 655 2252 preficiendorum
680 2218 813 2244 abbatum
843 2218 924 2243 vobis
951 2218 1111 2244 benedictio

100 2265 174 2292 facta
194 2265 290 2299 fuerit,
313 2277 324 2289 n
349 2266 460 2300 plenam
483 2266 615 2292 concedit
634 2266 809 2294 facultatem.
831 2266 910 2300 (Rso.
934 2267 978 2297 2²4,
1002 2275 1027 2292 c>
1050 2267 1108 2297 141,

100 2314 121 2341 f.
138 2314 193 2347 18.)

657 1961 774 1996 Napies,
791 1961 824 1988 ε25
842 1962 944 1987 fevrier
963 1962 1039 1988 1255.

523 2076 551 2097 et
566 2072 790 2098 successoribus
803 2073 861 2098 tuis
872 2071 971 2098 ordine
982 2072 1111 2097 sacerdo-

144 2440 157 2455 «
180 2429 287 2457 Thome
308 2428 420 2463 abbati,
444 2429 600 2466 capellano
618 2433 729 2462 nostro,
754 2433 779 2457 et
801 2430 966 2457 conventui
988 2437 1111 2457 monas-

104 2481 175 2510 terii
189 2481 289 2509 sancti
304 2481 386 2509 Petri
402 2481 436 2509 cle
453 2481 574 2516 Orbaco,
595 2481 716 2510 ordinis
731 2482 831 2510 sancti
846 2482 1009 2515 Benedicti,
1027 2482 1111 2509 Sues-

102 2533 250 2562 sionensis
279 2533 413 2562 diocesis.
434 2533 592 2564 Valentes
616 2533 856 2563 monasterium
887 2538 1033 2563 vestrum
1061 2551 1109 2562 ——.

102 2585 173 2615 Dat.
193 2584 343 2623 Neapoli,
360 2586 389 2615 V
404 2585 563 2615 kalendas
577 2585 700 2620 martii,
718 2594 804 2614 anno
820 2585 937 2623 primo.
958 2597 970 2611 »

177 2793 266 2822 16⁰
676 2794 794 2830 Napies,
810 2795 823 2821 4
840 2794 944 2821 sevrier
962 2794 1039 2820 1255.

137 2855 332 2883 Visitantibus
347 2855 497 2883 ecetesiam
516 2855 619 2883 Beatae
636 2856 742 2884 Mariae
758 2856 968 2892 Legioncnsem
985 2857 1012 2882 in
1028 2855 1113 2882 festi-

1188 277 1324 302 vitatibus
1343 276 1471 311 Virginis
1487 285 1576 303 unum
1593 285 1698 303 annum
1716 280 1743 303 et
1758 277 1944 311 quadraginta
1959 277 2021 304 dies
2040 277 2075 304 de
2091 278 2190 312 poeni-

1187 325 1276 350 tentia
1292 325 1407 350 reiaxat.
1427 325 1509 357 (Rso.
1525 325 1567 355 ²24,
1586 333 1611 352 c.
1632 325 1688 355 1⁴⁶2,
1706 325 1725 351 f.
1745 325 1796 358 18.)

1231 436 1243 449 «
1265 446 1297 457 ..,
1316 424 1425 453 decano
1444 430 1469 453 et
1485 426 1618 462 capitulo
1635 426 1872 461 Leyionensibus.
1892 425 1982 454 Licet
1997 425 2025 455 is
2042 425 2079 455 de
2096 427 2190 464 cujus

1189 484 1326 504 munere
1343 476 1432 505 venit
1449 480 1509 505 etc.
1528 485 1631 514 usque
1649 476 1751 512 gratie
1765 477 1918 514 aptiores.
1936 477 2113 514 Cupientes
2131 477 2190 515 igi-

1190 531 1242 556 tur
1260 531 1295 556 ut
1316 527 1455 557 ecclesia
1474 532 1583 557 vestra
1604 528 1639 556 in
1655 528 1778 557 honore
1801 528 1894 557 beate
1917 529 2019 557 Marte
2040 530 2190 566 Virginis

1190 579 1339 608 dedicata
1368 580 1522 616 congruis
1553 579 1734 608 honoribus
1763 580 2006 618 frequentetur,
2037 582 2191 611 omnibus

1190 640 1265 661 vere
1281 631 1508 669 penitentibus
1529 635 1559 660 et
1579 632 1740 660 confessis
1763 632 1820 669 qui
1837 632 2008 661 ecclesiam
2030 633 2135 669 ipsam
2156 633 2191 662 in

1190 683 1429 713 festivitatibus
1459 683 1564 721 ipsius
1585 683 1725 720 gloriose
1747 683 1896 720 Virginis
1919 688 1949 713 01
1976 688 2046 713 octo
2076 684 2191 714 dicbus

1190 736 1338 773 proximo
1358 736 1521 765 secuturis
1546 735 1780 765 venerabiliter
1796 736 2013 772 visitaverint,
2033 737 2070 766 de
2086 737 2193 766 omni-

1191 788 1334 826 potentis
1355 788 1415 817 Dci
1436 788 1663 817 misericordia
1685 792 1715 817 et
1737 788 1907 817 beatorum
1929 789 2017 818 Petri
2045 793 2075 818 et
2099 788 2192 818 Pauli

1192 840 1414 878 apostolorum
1438 841 1508 879 ejus
1531 840 1724 869 auctoritate
1746 840 1872 875 confisi,
1889 849 1991 869 unuin
2015 850 2137 869 annum
2163 844 2193 870 et

1190 894 1249 923 XL
1265 893 1336 923 dies
1352 893 1391 922 de
1409 893 1557 932 injuncta
1577 893 1641 922 sibi
1662 892 1847 930 penitentia
1869 892 2126 922 misericorditer
2141 901 2193 922 re-

1191 946 1352 976 laxamus.
1365 946 1438 975 Dat.
1452 945 1602 983 Neapoli,
1614 946 1646 975 II
1656 954 1759 975 nonas
1768 945 1939 979 februarii,
1954 954 2038 974 anno
2050 944 2165 982 primo.
2178 956 2190 970 >1

1267 1123 1346 1151 1131

1230 1186 1336 1212 Statuit
1356 1190 1386 1211 ut
1404 1185 1573 1218 Templariis
1596 1183 1748 1218 Hispaniae
1771 1192 1819 1217 per
1842 1183 1961 1217 priorem
1983 1192 2079 1209 corum
2102 1183 2195 1209 11111111-

1194 1235 1289 1268 gentia
1305 1233 1478 1260 intendatur,
1498 1233 1581 1267 (Rau.
1598 1232 1640 1262 ²24,
1658 1240 1682 1258 c.
1702 1233 1760 1262 113,
1777 1232 1796 1257 f.
1819 1231 1869 1263 18.)

1747 1120 1861 1155 Naples,
1881 1121 1909 1147 12
1927 1121 2029 1146 sevi-ier
2049 1121 2121 1147 1255.

1236 1348 1248 1361 11
1271 1358 1304 1369 ..,
1328 1335 1471 1371 Magistro
1489 1339 1513 1362 et
1533 1334 1684 1370 fratribus
1702 1333 1806 1361 domus
1824 1333 1935 1360 militie
1953 1332 2065 1368 Templi
2087 1333 2118 1359 in
2136 1333 2194 1359 tri-

1194 1390 1245 1417 bus
1263 1389 1364 1425 reginis
1378 1388 1510 1424 Ispctnie.
1528 1385 1695 1416 Canonica
1714 1384 1946 1414 constitutione
1961 1388 2092 1413 cavetur
2108 1384 2194 1421 quod

1193 1440 1347 1470 monachi
1379 1443 1409 1469 et
1439 1438 1589 1468 canonici
1620 1437 1788 1475 regulares
1814 1445 2018 1475 quocumque
2041 1436 2134 1465 modo
2159 1444 2194 1466 se

1192 1492 1419 1532 percusserint
1438 1501 1503 1521 nou
1520 1491 1586 1520 sint
1605 1491 1644 1520 ad
1665 1489 1876 1527 apostolicam
1897 1489 2013 1518 Sedent
2030 1488 2191 1523 mittendi⁷

1194 1547 1252 1577 sed
1265 1545 1446 1576 secundum
1460 1544 1692 1573 discretionem
1705 1547 1735 1572 et
1748 1542 1986 1580 providentiam
2001 1541 2051 1570 sui
2066 1541 2194 1570 abbatis

1194 1599 1369 1637 discipline
1399 1597 1593 1627 subdantur.
1627 1595 1719 1632 Quod
1748 1595 1776 1624 si
1813 1594 1940 1623 abbatis
1970 1594 2124 1623 1115110110
2155 1593 2195 1622 ad

1194 1661 1308 1682 eorum
1324 1650 1557 1680 discretionem
1574 1658 1639 1678 non
1656 1648 1786 1682 sufficit,
1804 1647 2008 1685 providentia
2023 1650 2070 1675 est
2087 1646 2195 1675 dioce-

1195 1705 1269 1734 sani
1290 1703 1433 1742 episcopi
1456 1702 1642 1732 adhibeuda
1666 1700 1732 1730 nisi
1753 1709 1906 1729 excessus
1931 1699 2074 1728 difficilis
2095 1698 2196 1728 suerit

1195 1762 1225 1788 et
1242 1756 1386 1787 enormis
1398 1759 1529 1794 propter
1543 1763 1641 1793 quem
1654 1753 1770 1782 merito
1785 1752 1827 1782 sit
1841 1752 1881 1781 ad
1894 1753 2075 1781 Romanam
2090 1750 2195 1779 Eccle-

1195 1811 1279 1840 siam
1304 1817 1458 1839 recursus
1486 1807 1669 1837 habendus.
1700 1807 1767 1835 Nos
1793 1814 1868 1841 ergo
1896 1804 1935 1833 ad
1958 1813 2013 1833 vos
2039 1807 2195 1832 statutum

1193 1862 1385 1901 hujusmodi
1401 1861 1554 1890 duximus
1576 1859 1831 1892 extendendum,
1857 1857 2048 1886 auctoritate
2069 1859 2196 1892 aposto—

1193 1916 1257 1945 lica
1279 1919 1462 1945 statuentes
1481 1918 1516 1942 ut
1535 1913 1569 1942 in
1592 1912 1650 1941 tali
1672 1920 1765 1945 casu,
1784 1910 1850 1939 nisi
1872 1909 2004 1947 majoris
2025 1909 2065 1937 sit
2087 1907 2195 1945 provi-

1194 1968 1305 1998 dentia
1321 1966 1530 2005 requirenda,
1554 1974 1611 2003 per
1635 1964 1778 2002 priorem
1800 1966 1944 1991 vestrum
1964 1961 2018 1998 qui
2037 1960 2119 1989 sicut
2138 1968 2195 1988 au-

1194 2021 1337 2051 divimus
1367 2019 1540 2057 presbyter
1570 2026 1641 2047 esse
1671 2015 1854 2045 dinoscitur
1887 2014 2045 2043 fratribus
2078 2012 2194 2041 vestris

1193 2072 1412 2103 absolutionis
1439 2070 1638 2100 heneficium
1661 2068 1863 2097 intendatur.
1891 2065 2103 2096 Preseutiluus
2125 2068 2195 2102 post

1193 2125 1461 2165 quinquennium
1488 2127 1549 2153 etc.
1576 2123 1649 2151 Dat.
1675 2120 1829 2158 Neapoli,
1864 2120 1893 2148 11
1921 2119 1994 2147 idus
2020 2117 2191 2151 februarii,

1193 2188 1279 2209 anno
1294 2178 1411 2216 primo.
1432 2188 1444 2202 η

1267 2346 1350 2374 182
1744 2341 1860 2376 Naples,
1879 2342 1907 2367 17
1926 2340 2026 2366 sevricr
2049 2339 2122 2365 1255„

1233 2408 1397 2443 [Gualter0],
1413 2407 1630 2440 archiepiscopo
1646 2404 1796 2437 Januensi,
1810 2403 1932 2434 mandat,
1948 2407 1986 2435 ut,
1999 2403 2023 2427 si
2039 2401 2192 2434 capitulum

1194 2457 1420 2491 Albingauensis
1441 2455 1590 2487 ccclesiae,
1605 2454 1680 2488 quod
1698 2454 1724 2479 iu
1741 2454 1853 2478 diversa
1869 2451 1991 2477 divisum
2009 2450 2097 2478 111105,
2116 2448 2194 2474 vide-

1193 2506 1259 2532 licet
1269 2506 1383 2531 fratrem
1399 2504 1584 2530 Lanu-aucun)
1600 2502 1633 2527 de
1646 2501 1734 2534 Nigro
1751 2501 1784 2526 110
1800 2500 1898 2526 ordine
1915 2496 2192 2524 Min‹›1-t1111otNtc0-

1195 2557 1286 2581 losum
1303 2554 1338 2579 dc
1353 2552 1486 2587 Bulgaris
1501 2551 1670 2578 canonicum
1686 2550 1877 2578 dumiensem,
1896 2548 1922 2573 in
1940 2546 2081 2572 discordia
2097 2544 2191 2577 elegit,

1194 2604 1264 2630 infra
1283 2601 1338 2628 XV
1358 2602 1420 2627 11105
1439 2600 1578 2627 ecclesiae
1600 2597 1807 2632 Albinganensi
1831 2605 1883 2622 non
1903 2594 2055 2629 providerit
2075 2593 2108 2618 de
2128 2600 2192 2625 per-

1194 2659 1263 2678 sona
1277 2652 1377 2676 idonea
1393 2649 1529 2676 canonice
1546 2648 1573 2673 iu
1590 2647 1769 2682 episcopum,
1783 2644 1925 2679 praeficiat
1939 2642 2029 2668 eidem
2045 2647 2191 2675 personam

1194 2699 1330 2728 canonice
1351 2699 1379 2724 in
1403 2698 1564 2732 pontificem
1587 2704 1659 2730 quae
1684 2698 1760 2720 tanto
1777 2696 1915 2727 congruat
1934 2691 2023 2717 oneri.
2043 2690 2125 2722 (itm.
2142 2688 2190 2718 2¹4,

1195 2757 1220 2776 c.
1240 2749 1298 2779 144,
1317 2747 1335 2774 f.
1356 2747 1415 2779 iS¹';
1434 2745 1579 2772 Purrmsr
1598 2743 1702 2774 151394.)

1237 2862 1249 2875 κ
1284 2871 1315 2882 ..,
1345 2847 1569 2883 archiepiscopo
1595 2843 1754 2873 januensi.
1786 2838 2024 2877 Albiuganensi
2055 2835 2192 2865 ecclesia
