2498 3325
1010 207 1240 245 DEUXIEME
1261 206 1421 244 ANNEE.
2210 212 2268 240 455

246 285 264 311 Ι
271 284 359 312 458

208 347 240 373 ln
257 346 425 381 quaestione
442 347 515 371 inter
530 345 692 371 <Iohannem
713 345 747 370 de
767 344 939 378 Camezano,
957 345 1134 378 capellanum
1152 349 1180 370 et

757 282 869 313 Latran,
892 282 920 308 13
938 291 1013 307 mars
1032 281 1108 307 12543.

173 400 304 430 nepotem
321 403 417 427 suum,
433 398 461 420 et
477 398 650 420 conventum
664 395 829 419 monasterii
843 394 872 419 S.
886 395 1043 427 Augustini
1056 393 1180 419 Cantua-

170 446 277 471 riensis
299 448 374 476 ortu,
393 452 481 478 super
501 444 624 470 ecclesia
649 444 683 469 (le
707 443 848 474 Leuham,
867 445 1105 477 compositionem
1131 451 1180 477 per

173 495 343 528 magistrum
363 493 525 519 Johannem
549 493 583 519 de
605 493 633 518 S.
653 493 795 519 Germano
813 493 971 519 auditorem
990 493 1090 518 factam
1108 500 1180 517 con—

172 544 276 573 firmat,
291 543 530 577 compositionem
549 544 638 577 ipsam
654 542 767 575 (Asisii,
787 541 872 567 xllto
888 542 932 567 dic
945 542 1008 567 maii
1027 540 1179 571 MCCLIII)

172 595 202 617 et
231 592 341 617 litteras
367 594 528 616 conventus
556 594 757 623 procuratores
782 590 967 615 instituentes
988 588 1179 621 (Cantuariae.

174 640 247 666 XVI
269 640 404 666 kalendas
430 640 528 674 aprilis
554 638 690 667 MCCLll)
718 642 745 664 et
765 638 966 671 compositioni
992 637 1181 663 adhaerentes

174 687 365 721 (Cantuariae,
384 687 554 721 idibusjulii
573 686 723 716 MCCLIII)
739 686 901 713 inserendo.
922 685 1002 717 (11110.
1020 685 1064 717 ἳίι,
1083 685 1100 711 f.
1120 684 1180 716 196,

173 746 242 764 ann.
260 737 298 768 11,
316 745 341 763 6,
360 736 434 763 376.)

218 877 230 890 ι(
254 865 391 894 Johannz·
411 864 444 892 de
464 864 649 897 Camezano,
667 863 822 900 capellano
843 866 944 890 nostro
967 867 991 890 et
1010 861 1185 890 contradic-

176 922 281 947 tarum
301 922 478 945 nostrarum
494 916 642 944 auditori.
662 915 707 944 Ea
722 923 784 953 que
799 914 925 953 judicio
942 913 993 943 vel
1010 912 1185 943 concordia

175 969 400 1000 terminantur
418 968 492 1007 [etc]
508 977 614 1006 usque
633 977 639 996 ε
658 967 868 997 communiri.
888 967 973 996 Sane
991 970 1047 995 tua
1070 965 1184 1004 petitio

176 1023 273 1052 nobis
292 1022 439 1052 exhibita
457 1021 658 1055 continebat,
678 1020 775 1058 quod,
794 1029 868 1049 cum
885 1020 918 1049 in
937 1028 1037 1049 causa
1053 1028 1116 1057 que
1132 1019 1185 1047 in—

176 1081 227 1106 ter
243 1080 285 1110 te,
306 1084 343 1105 ex
359 1079 451 1113 parte
466 1083 544 1109 una,
564 1078 594 1104 et
613 1097 645 1109 ..,
664 1073 828 1107 abbatem,
847 1077 877 1102 et
900 1076 1099 1102 conventum
1119 1081 1185 1101 mo-

146 1122 150 1124 *
176 1128 318 1158 nasterii
332 1127 445 1158 Sancti
459 1126 640 1164 Augustini
655 1126 921 1161 Cantuariensis,
934 1125 1062 1155 ordinis
1079 1124 1185 1154 sancti

178 1180 363 1215 Benedicti,
384 1180 425 1209 ad
440 1181 624 1209 Romanam
641 1178 823 1209 Ecclesiam
843 1178 934 1208 nullo
952 1178 1061 1208 medio
1083 1177 1186 1216 perti-

179 1233 302 1267 nentis,
321 1242 358 1262 ex
383 1232 498 1267 altera,
519 1240 618 1269 super
641 1230 781 1261 ecclesia
804 1231 841 1260 de
861 1230 1021 1266 Leuham,
1041 1230 1186 1260 Cantua-

178 1286 302 1316 riensis
335 1285 492 1319 diocesis,
518 1283 720 1319 vertebatur,
749 1283 858 1313 felicis
889 1283 1128 1313 recordationis
1159 1284 1185 1313 Ι.

180 1348 278 1377 papa,
301 1338 516 1376 predecessor
538 1341 660 1371 noster,
681 1336 839 1366 dilectum
859 1336 965 1365 filium
990 1336 1187 1374 magistrum

178 1391 369 1422 ,iohannem
383 1391 421 1420 de
439 1391 558 1420 Sancto
574 1390 750 1424 Germano,
777 1389 1017 1419 subdiaconum
1040 1393 1071 1419 et
1093 1393 1188 1418 nota-

180 1444 267 1474 rium
283 1448 444 1477 nostrum,
463 1447 541 1472 tunc
560 1442 767 1481 capellanum
785 1451 894 1477 suum,
919 1442 1065 1472 dedisset
1084 1442 1189 1480 parti-

180 1498 244 1527 bus
271 1496 471 1531 auditorem,
498 1495 587 1525 idem
611 1495 818 1533 capellanus,
841 1495 880 1524 de
907 1498 962 1524 tuo
992 1499 1023 1524 et
1052 1495 1189 1524 adverse

180 1550 285 1589 partis
310 1552 561 1587 procuratorum
585 1556 725 1578 assensu
746 1557 782 1577 ac
811 1547 918 1585 ipsius
944 1547 1190 1586 predecessoris

180 1602 318 1642 speciali
340 1602 510 1636 mandato,
535 1601 712 1636 ordinavit,
731 1601 817 1640 quod
843 1604 878 1630 tu
901 1601 940 1630 de
964 1600 1061 1630 bonis
1083 1599 1190 1638 ipsius

181 1655 379 1686 monasterii
404 1654 517 1685 Sancti
545 1653 726 1692 Augustini
757 1654 882 1683 tamdiu
910 1653 1023 1683 decem
1055 1657 1086 1683 et
1119 1657 1191 1683 octo

181 1717 369 1738 marcarum
394 1708 572 1743 bonorum,
598 1716 757 1736 novorum
779 1710 810 1736 et
832 1706 990 1744 legalium
1014 1706 1192 1744 sterlingo-

182 1771 258 1792 rum
275 1760 440 1799 percipias
457 1769 602 1790 annuam
618 1759 830 1798 pensionem,
849 1768 947 1797 quam
966 1759 1067 1788 iidem
1090 1759 1192 1788 abbas

182 1819 214 1845 et
229 1818 411 1844 conventus
428 1813 489 1842 tibi
506 1812 556 1842 vel
572 1812 777 1850 procuratori
795 1816 861 1847 tuo,
878 1812 977 1841 certis
996 1811 1066 1841 loco
1083 1816 1114 1842 et
1130 1815 1192 1841 ter-

182 1868 290 1903 mino,
317 1866 444 1896 solvere
473 1869 665 1900 teneantur,
688 1865 791 1894 donec
814 1865 875 1893 tibi
898 1865 932 1893 in
956 1865 1193 1895 Cantuariensi

182 1920 355 1960 provincia
380 1920 418 1950 de
442 1919 582 1949 ecclesia
604 1918 656 1948 vel
678 1918 840 1948 beneficio
861 1918 1102 1954 ecclesiastico,
1126 1927 1193 1948 uno

182 1974 236 2004 vel
251 1973 415 2012 pluribus,
435 1972 538 2002 annui
554 1972 677 2002 valoris
694 1971 939 2010 quinquaginta
952 1980 1138 2001 marcarum
1154 1972 1194 2001 ad

184 2027 307 2062 minus,
332 2026 503 2065 provisum
523 2025 683 2061 extiterit,
709 2029 740 2055 et
762 2025 796 2054 in
821 2025 959 2063 pacifica
982 2025 1193 2063 possessione

184 2079 386 2119 provisionis
417 2079 523 2116 ipsius
553 2078 674 2114 fueris,
710 2082 741 2108 et
776 2078 905 2107 fructus
939 2078 1126 2115 perceperis
1156 2087 1194 2107 ex

184 2132 313 2163 eadem.
331 2132 437 2169 Super
456 2131 543 2160 dicta
562 2139 640 2160 vero
657 2130 813 2165 ecclesia,
836 2130 968 2160 eosdem
989 2130 1140 2160 abbatem
1163 2135 1194 2160 et

187 2189 386 2216 conventum
405 2193 462 2222 per
477 2184 678 2213 sententiam
695 2183 906 2213 diffinitivam
929 2193 947 2213 a
970 2188 1026 2213 tua
1044 2184 1194 2222 portione

186 2238 339 2273 absolvit,
353 2241 448 2276 prout
462 2237 496 2266 in
510 2237 733 2266 instrumento
749 2236 881 2275 publico
899 2237 1047 2266 consecto
1064 2237 1191 2273 exinde,

188 2291 334 2329 sigillato
353 2289 463 2327 sigillo
480 2289 586 2328 ipsius
606 2289 780 2327 capellani,
799 2289 931 2327 plenius
948 2289 1148 2319 continetur.

226 2345 295 2375 Nos
314 2344 438 2382 itaque,
457 2343 523 2372 tuis
541 2341 841 2380 supplicationibus
859 2342 1024 2377 inclinati,
1040 2342 1126 2381 quod
1143 2351 1194 2372 su-

187 2406 246 2436 per
263 2397 324 2426 hoc
341 2396 381 2426 ab
398 2396 510 2426 eodem
528 2394 697 2433 capellano
716 2395 839 2424 sactum
857 2399 916 2429 est,
936 2395 976 2424 ad
996 2395 1103 2425 instar
1121 2404 1195 2433 pre-

187 2449 373 2480 decessoris
391 2448 554 2488 ejusdem,
574 2451 682 2477 ratum
699 2451 730 2477 et
746 2451 876 2485 gratum
899 2447 1075 2482 habentes,
1094 2457 1130 2477 ac
1156 2447 1197 2477 ad

187 2503 281 2533 illius
292 2502 457 2540 exemplar
468 2501 670 2539 supplentes,
682 2500 721 2530 de
733 2500 939 2538 plenitudine
950 2501 1133 2539 potestatis,
1145 2501 1196 2533 de-

189 2556 314 2586 fectum
336 2555 393 2594 qui
409 2555 473 2583 suit
495 2554 529 2583 in
547 2553 619 2589 hoc,
641 2562 678 2583 ex
701 2561 739 2583 eo
758 2553 843 2591 quod
866 2553 945 2583 dicti
966 2558 1197 2591 procuratores

190 2608 231 2638 ad
255 2606 518 2645 componendum
540 2605 591 2635 vel
614 2605 810 2643 pensionem
830 2605 971 2635 dandam
996 2615 1055 2636 seu
1080 2615 1197 2635 conce-

192 2660 332 2691 dendam
342 2668 405 2689 non
414 2659 581 2689 habebant
593 2658 735 2697 speciale
744 2658 947 2693 mandatum,
959 2659 993 2688 id
1002 2658 1197 2688 auctoritate

190 2712 371 2751 apostolica
392 2712 626 2741 confirmamus
644 2715 674 2741 et
694 2711 859 2749 presentis
878 2711 992 2749 scripti
1014 2711 1198 2749 patrocinio

192 2766 449 2796 communimus.
475 2766 630 2795 Preterea
651 2773 725 2793 cum
750 2763 860 2794 dilecti
882 2764 943 2793 tilii
969 2787 1000 2799 ..,
1026 2764 1143 2799 ahhas,
1169 2768 1200 2794 et

190 2822 374 2848 conventus
390 2818 510 2856 prefati
526 2817 722 2847 monasterii
736 2817 1007 2854 compositionem
1025 2821 1055 2847 ct
1070 2817 1199 2847 ordina-

193 2871 319 2901 tionem
344 2870 535 2909 hujusmodi
564 2869 771 2908 postmodum
800 2869 1019 2907 ac‹·‹.=ptari11t,
1050 2870 1135 2899 sicut
1162 2879 1199 2899 ex

1262 280 1452 317 patentibus
1478 288 1592 309 eorum
1615 279 1736 309 litteris
1762 279 1955 317 collegimus
1981 279 2160 313 evidenter,
2193 280 2261 309 Nos

1262 332 1502 361 nicliilmninus
1519 332 1777 370 acceptationem
1794 332 1940 370 ipsorum
1956 332 2127 370 apostolici
2144 332 2268 362 favoris

1263 386 1449 414 munimine
1466 386 1670 415 roboramus.
1687 387 1831 415 Tenores
1852 385 2039 414 litterarum
2061 389 2125 414 tam
2147 385 2269 423 prefati

1262 439 1425 473 magistri.
1441 439 1518 468 dicti
1537 439 1779 476 predecessoris
1792 439 1942 476 vestigiis
1956 439 2150 472 inherendo,
2166 447 2266 476 quam

1263 492 1485 529 predictorum
1503 492 1630 521 abbatis
1645 498 1676 522 et
1695 496 1888 526 conventus,
1906 492 1944 521 de
1963 492 2061 521 verbo
2074 492 2114 520 ad
2131 491 2268 520 verbum

1262 544 1474 581 presentibus
1492 545 1595 574 inseri
1611 545 1783 579 facientes,
1798 553 1938 582 quorum
1955 544 2081 581 primus
2099 543 2174 573 talis
2194 547 2266 573 est:

1866 637 1981 669 Assise‚
2002 637 2031 663 13
2048 637 2101 663 mai
2121 637 2198 664 1‘253.

1307 710 1318 723 «
1345 699 1382 727 In
1403 698 1535 728 nomine
1554 699 1688 727 Domini
1708 699 1813 728 nostri
1829 699 1935 729 Jhesu
1955 699 2092 734 Christi,
2111 708 2197 729 anno
2214 701 2270 729 In-

1267 762 1279 776 »
1305 750 1508 780 carnationis
1528 751 1598 789 ejus
1616 751 1831 786 M⁰CC⁰LIII0,
1850 760 1963 781 mense
1981 752 2073 786 maii,
2095 753 2140 782 XI
2164 752 2272 781 indic-

1268 814 1280 828 »
1307 803 1406 832 tione.
1425 805 1516 833 Inter
1533 804 1704 833 dominum
1725 804 1914 834 Johannem
1937 805 1974 834 de
2000 805 2193 840 Camezano,
2213 805 2271 834 do-

1268 868 1280 881 »
1306 856 1389 884 mini
1430 865 1511 893 pape
1553 860 1704 894 nepotem
1746 860 1776 885 et
1812 856 2020 894 capellanum
2049 865 2086 885 ac
2123 857 2271 896 ejusdem

1268 921 1280 935 »
1306 908 1585 938 contradictarum
1602 909 1798 943 auditorem,
1817 918 1855 938 ex
1871 918 1938 938 una
1953 913 2056 947 parte,
2075 913 2106 939 et
2125 932 2157 944 ..,
2177 909 2274 938 abba-

1268 974 1280 988 »
1305 965 1380 996 tem,
1400 965 1430 991 et
1446 966 1645 991 conventum
1664 962 1776 991 Sancti
1799 961 1980 999 Augustini
2002 961 2267 997 Cantuariensis,

1268 1026 1281 1041 »
1307 1014 1434 1044 ordinis
1463 1014 1569 1044 sancti
1595 1014 1780 1050 Benedicti,
1809 1014 1849 1044 ad
1876 1015 2061 1044 Romanam
2090 1014 2274 1045 Ecclesiam

1268 1079 1281 1093 i)
1304 1066 1394 1096 nullo
1411 1067 1519 1096 medio
1539 1067 1748 1104 pertinentis,
1768 1076 1805 1096 ex
1823 1066 1937 1102 altera,
1959 1076 2057 1105 super
2078 1067 2218 1097 ecclesia
2234 1067 2273 1097 de

1269 1132 1282 1146 »
1307 1119 1467 1154 Leuham,
1485 1119 1738 1150 Cantuariensis
1756 1119 1908 1154 diocesis,
1927 1120 2067 1149 materia
2088 1120 2274 1158 questionis

1270 1185 1282 1199 »
1308 1173 1453 1207 suborta,
1476 1173 1630 1202 dominus
1649 1182 1733 1211 papa
1755 1173 1863 1205 nobis,
1882 1173 2040 1211 magistro
2061 1173 2208 1204 Johanni
2234 1173 2274 1203 de

1270 1237 1283 1252 »
1309 1226 1428 1255 Sancto
1445 1226 1621 1260 Germano,
1640 1225 1842 1255 subdiacono
1859 1229 1890 1255 et
1912 1226 2081 1264 capellano
2103 1235 2173 1261 suo,
2197 1235 2275 1255 cau-

1271 1290 1284 1305 »
1310 1287 1381 1308 sam
1402 1278 1509 1316 ipsam
1532 1277 1731 1308 audiendam
1755 1278 2075 1317 examinandamque
2094 1279 2272 1308 commisit.

1271 1343 1284 1358 »
1310 1331 1470 1368 Magister
1480 1340 1555 1361 vero
1565 1331 1756 1361 Bernartius
1771 1331 1809 1361 de
1826 1331 1924 1366 Pinu,
1942 1335 2134 1369 procurator
2148 1331 2274 1360 audito-

1271 1395 1285 1410 »
1310 1384 1357 1414 ris
1371 1383 1521 1422 predicti,
1535 1384 1700 1413 instanter
1717 1392 1735 1413 a
1747 1383 1843 1413 nobis
1858 1383 1955 1421 petiit
1965 1384 2000 1413 in
2015 1384 2146 1421 negotio
2156 1392 2278 1414 memo-

1272 1449 1285 1463 »
1310 1440 1381 1466 rato
1399 1436 1542 1474 procedi.

1314 1502 1326 1516 n
1352 1491 1396 1520 Ex
1415 1490 1552 1519 adverso
1573 1493 1693 1525 autem,
1717 1490 1820 1519 fratre
1839 1491 1989 1527 Roggero
2012 1490 2050 1519 de
2073 1489 2279 1520 Shotindone

1274 1555 1287 1570 »
1313 1547 1344 1573 et
1357 1544 1459 1573 fratre
1475 1543 1581 1572 Adam
1596 1543 1635 1573 de
1653 1543 1772 1573 Sancto
1794 1542 1934 1578 Albano,
1952 1542 2125 1573 monachis
2150 1547 2181 1572 et
2203 1552 2278 1581 pro-

1275 1609 1288 1623 »
1313 1596 1522 1626 curatoribus
1551 1596 1699 1635 ejusdem
1723 1595 1919 1626 monasterii
1947 1596 2060 1626 Sancti
2083 1596 2277 1634 Augustini,

1275 1661 1288 1676 >³
1313 1649 1349 1678 in
1366 1653 1479 1678 nostra
1494 1648 1663 1686 presentia
1677 1648 1879 1684 constitutis,
1895 1648 2083 1678 audivimus
2100 1649 2281 1679 summarie

1276 1714 1289 1728 »
1315 1711 1378 1741 que
1398 1702 1477 1731 hinc
1495 1701 1572 1731 inde
1586 1701 1754 1739 proposita
1773 1701 1953 1736 extiterint,
1973 1701 2031 1731 sed
2047 1705 2224 1740 antequam
2241 1702 2282 1731 ad

1277 1766 1283 1781 ›
1311 1754 1430 1793 judicii
1445 1754 1619 1792 strepitum
1636 1754 1818 1789 veniretur,
1837 1753 1878 1783 ad
1897 1753 2021 1783 bonum
2038 1754 2130 1792 pacis
2151 1758 2183 1784 et
2207 1763 2282 1784 con-

1315 1807 1425 1836 cordie
1443 1806 1705 1844 interposuimus
1727 1809 1838 1844 partes
1862 1809 2004 1836 nostras.
2028 1807 2162 1837 Eisdem
2179 1807 2283 1845 igitur

1315 1860 1465 1899 partibus
1478 1859 1768 1898 acquiescentibus
1781 1859 1904 1889 nostris
1916 1860 2119 1890 salutaribus
2133 1861 2281 1896 monitis,

1315 1922 1373 1952 pro
1398 1913 1562 1943 evitandis
1584 1912 1755 1942 laboribus
1776 1916 1807 1942 et
1826 1912 1979 1950 expensis
2003 1922 2065 1951 que
2089 1917 2224 1951 possent
2245 1923 2283 1944 ex

1312 1966 1530 2006 judicialibus
1553 1966 1748 2004 strepitibus
1771 1966 1919 2001 evenire,
1948 1966 1988 1996 ad
2011 1967 2285 2004 compositionem

1278 2033 1291 2047 »
1316 2024 1347 2050 et
1366 2020 1609 2049 ordinationem
1626 2019 1828 2058 hujusmodi,
1854 2019 1950 2049 nobis
1973 2019 2209 2055 mediantibus,
2235 2023 2285 2050 est

1278 2086 1290 2100 »
1316 2074 1493 2103 deventum
1511 2082 1517 2101 z
1535 2072 1690 2102 videlicet
1706 2072 1793 2110 quod
1807 2072 1948 2110 predicti
1967 2077 2197 2110 procuratores
2218 2081 2283 2102 mo-

1278 2139 1290 2153 »
1316 2126 1416 2156 nachi
1438 2134 1537 2163 super
1559 2125 1656 2155 bonis
1680 2129 1711 2155 et
1730 2125 1768 2155 de
1792 2125 1889 2154 bonis
1913 2125 2109 2155 monasterii
2130 2125 2286 2163 prelibati

1277 2191 1290 2206 »
1315 2182 1562 2212 concesserunt,
1577 2177 1807 2212 instituerunt,
1821 2177 1982 2207 dederunt
1999 2182 2029 2207 et
2046 2178 2286 2208 ordinaverunt

1277 2244 1290 2259 ³>
1316 2232 1423 2262 eidem
1452 2231 1584 2260 domino
1615 2232 1663 2265 J.,
1703 2230 1830 2260 domini
1863 2239 1945 2268 pape
1980 2231 2091 2268 nepoti
2121 2231 2285 2269 presenti,

1277 2297 1290 2311 »
1316 2294 1445 2315 exnunc
1462 2293 1607 2313 annuam
1623 2283 1818 2321 pensionem
1834 2283 1948 2313 decem
1963 2287 1994 2313 et
2010 2287 2081 2313 octo
2100 2292 2288 2313 marcarum

1277 2350 1290 2364 »
1314 2338 1477 2367 bonorum
1493 2341 1524 2366 et
1541 2345 1701 2366 novorum
1718 2340 1750 2366 et
1773 2335 1931 2373 legalium
1954 2335 2207 2374 sterlingorum,
2227 2341 2287 2367 tre-

1281 2403 1293 2417 »
1319 2391 1425 2420 decim
1445 2390 1546 2420 soldis
1564 2393 1595 2420 et
1613 2393 1755 2428 quatuor
1770 2389 1918 2419 denariis
1939 2397 1997 2427 pro
2013 2397 2124 2418 marca
2141 2389 2288 2428 qualibet

1281 2456 1293 2470 »
1319 2442 1561 2481 computandis,
1576 2441 1768 2472 solvendam
1785 2441 1851 2471 sibi
1867 2441 1918 2471 vel
1935 2450 1994 2471 suo
2012 2442 2128 2471 nuntio
2145 2450 2204 2472 seu
2217 2451 2288 2480 pro-

1281 2508 1294 2523 »
1319 2496 1464 2526 curatori
1496 2495 1581 2534 apud
1609 2494 1797 2524 Londonias
1825 2494 1860 2523 in
1886 2494 1981 2524 domo
2010 2494 2131 2524 militie
2161 2494 2289 2533 Templi

1282 2562 1294 2576 »
1321 2549 1408 2584 novi,
1427 2548 1461 2577 in
1479 2548 1562 2578 festo
1579 2547 1685 2578 sancti
1703 2547 1887 2583 Michaelis,
1903 2547 1954 2577 vel
1969 2547 1997 2576 si
2013 2547 2136 2577 ibidem
2152 2547 2240 2577 idem
2256 2548 2285 2578 J.

1284 2615 1295 2629 »
1320 2602 1371 2632 vel
1386 2602 1456 2640 ejus
1474 2601 1613 2630 nuntius
1633 2610 1692 2630 seu
1709 2604 1901 2638 procurator
1918 2600 2074 2629 inventus
2094 2608 2157 2629 non
2175 2600 2288 2637 fuerit,

1284 2668 1295 2682 »
1322 2655 1447 2686 eisdem
1464 2654 1533 2684 1060
1554 2658 1585 2684 et
1603 2654 1757 2689 termino,
1777 2653 1910 2683 nomine
1927 2657 1957 2683 et
1974 2653 2045 2682 vice
2068 2653 2173 2691 ipsius
2195 2653 2290 2682 audi-

1284 2721 1296 2736 »
1324 2709 1403 2738 toris
1436 2708 1663 2745 deponendam
1693 2707 1754 2736 sub
1785 2706 1976 2736 testimonio
2009 2706 2209 2735 thesaurarii
2239 2705 2292 2736 vel

1285 2774 1297 2788 »
1322 2761 1485 2795 custodis,
1506 2764 1536 2790 et
1562 2769 1663 2798 penes
1692 2758 1938 2789 thesaurarium
1962 2763 2017 2788 aut
2041 2758 2209 2787 custodem
2233 2758 2290 2788 do-

1285 2826 1298 2841 »
1324 2824 1397 2843 mus
1424 2813 1582 2851 predicte.
1608 2812 1642 2842 si
1665 2821 1742 2842 vero
1768 2811 1908 2850 predicti
1932 2811 2032 2840 abbas
2058 2815 2088 2840 et
2109 2814 2290 2841 conventus

1286 2879 1298 2893 »
1324 2867 1443 2895 dictam
1463 2865 1668 2904 pensionem,
1690 2864 1786 2894 dictis
1802 2863 1873 2893 loco
1890 2867 1921 2893 et
1937 2863 2089 2898 termino,
2108 2872 2173 2892 non
2190 2863 2293 2893 solve-

1277 1819 1283 1833 )

1277 1872 1284 1887 )

1277 1925 1283 1940 )

1283 1926 1290 1940 υ

1278 1979 1284 1994 >
