2498 3325
188 238 246 268 248
914 234 1154 266 REGISTRES
1175 232 1482 263 D'ALEXANDRE
1506 233 1561 262 IV.

259 303 346 332 822

187 403 189 405 v
225 364 377 392 Communi
393 364 528 400 capuano
544 365 676 392 concedit
691 365 868 400 generalium
885 364 1106 391 celebrationem
1124 371 1197 389 nun-

189 414 321 441 dinarum
334 422 348 440 a
360 413 572 448 kalendisjunii
584 421 676 448 usque
687 413 722 440 ad
734 413 792 440 XV
804 416 960 448 sequentes
972 412 1043 438 dies.
1057 411 1140 444 (Rae.
1152 411 1196 442 24,

190 471 215 490 c.
234 462 296 496 652,
313 463 332 488 s.
349 463 418 495 (Μ’.)

716 303 842 338 Anagni‚
863 303 898 329 l‘r
913 302 1030 329 octobre
1048 301 1124 328 1255.

233 589 246 603 κ
271 599 304 611 ..,
324 577 484 614 potestati,
511 577 638 606 consitio
661 581 686 606 et
708 577 867 606 communi
888 576 1052 613 Capuanis.
1080 576 1199 605 Nostre

190 629 312 658 mentis
334 628 439 658 oculis
461 628 536 658 illas
561 629 753 668 frequenter
768 632 998 668 presentamus
1015 628 1198 666 angustias,

192 690 274 720 quas
290 690 357 716 vos,
377 680 455 710 olim
471 680 586 710 multis
606 681 766 710 cumulati
781 681 908 711 divitiis
929 685 960 711 et
976 681 1101 710 assueti
1117 680 1200 710 deli-

192 733 258 768 tiis,
284 742 389 772 usque
411 733 452 763 ad
467 737 647 763 extremam
666 733 841 772 penuriam
858 738 889 764 et
906 733 1078 763 incursum
1101 732 1200 763 ctiam

192 787 308 816 mortis
336 786 445 817 orride
468 796 526 825 pro
553 787 697 824 gerenda
723 786 811 816 circa
839 790 988 817 sanctam
1017 787 1201 816 Romanam

193 839 376 870 Ecclesiam
392 844 531 869 matrem
547 844 691 869 vestram
711 839 855 878 puritate
877 839 1061 869 devotionis
1078 842 1108 868 et
1125 838 1202 868 fidei

192 891 389 930 pertulistis.
418 892 464 922 Ex
491 891 682 931 hujusmodi
707 892 842 931 quidem
869 901 981 922 amara
1012 891 1202 921 considera-

194 945 283 974 tione
302 944 458 982 procedit,
477 944 563 983 quod
578 944 716 982 dignum
733 949 764 974 et
779 944 997 982 purissimum
1018 953 1091 973 esse
1110 953 1202 982 pers-

187 997 347 1036 ·picimus,
365 1001 400 1026 ut
418 1006 474 1026 vos
494 996 662 1027 affluentia
678 997 864 1027 dulcedinis
881 997 1131 1035 perfundamus,
1145 995 1203 1026 illa

195 1050 387 1088 complendo
401 1050 439 1079 de
456 1049 558 1085 sacili,
575 1058 634 1088 per
649 1058 713 1088 que
726 1050 862 1088 possitis
882 1050 916 1079 in
930 1049 1108 1088 prosperis,
1125 1058 1202 1078 anc-

194 1106 265 1132 tore
289 1102 441 1136 Domino,
471 1102 655 1132 fecundari.
684 1103 752 1132 Nos
780 1103 903 1141 itaque,
930 1102 1050 1132 vestris
1076 1101 1203 1131 devotis

195 1155 348 1194 precibus
375 1158 577 1190 annuentes,
603 1154 816 1184 universitati
841 1159 965 1189 vestre,
997 1154 1035 1184 de
1062 1155 1203 1183 fratrum

195 1212 384 1237 nostrorum
409 1207 566 1242 consilio,
592 1207 797 1244 presentium
828 1207 1023 1237 auctoritate
1052 1206 1204 1237 concedi-

194 1268 286 1295 mus,
304 1263 357 1295 ut,
377 1268 395 1289 a
409 1259 561 1289 kalendis
573 1259 663 1298 J'unii
678 1268 784 1298 usque
805 1259 845 1289 ad
861 1259 922 1289 XV
941 1264 1118 1298 sequentes
1133 1259 1204 1290 dies

195 1312 284 1342 infra
309 1321 390 1350 quos
417 1311 617 1342 cathedralis
645 1311 802 1350 Capuana
825 1311 965 1342 ecclesia
990 1312 1113 1342 nostris
1140 1312 1205 1341 fuit

195 1365 350 1395 manibus
380 1364 421 1394 ad
447 1364 607 1394 honorem
636 1364 725 1394 beati
750 1364 1018 1402 prothomartiris
1044 1364 1205 1403 Stephani

196 1421 401 1452 consecrata,
420 1417 591 1454 generales
608 1417 775 1447 nundinas
789 1417 880 1447 intus
896 1417 931 1446 in
946 1417 1079 1447 civitate
1096 1422 1205 1448 vestra

195 1470 248 1500 vel
267 1470 401 1504 deforis,
420 1474 516 1508 prout
534 1469 654 1500 melius
671 1474 702 1499 et
720 1470 924 1500 commodius
942 1470 1035 1500 vobis
1057 1479 1130 1500 esse
1154 1470 1205 1499 vi-

198 1523 344 1559 debitur,
372 1523 539 1553 celebrare
567 1523 665 1553 annis
695 1523 838 1560 singulis
864 1527 1022 1561 perpetuo
1049 1523 1203 1558 valeatis,

197 1576 289 1606 salva
313 1575 408 1606 Sedis
435 1575 612 1613 apostolice
642 1576 846 1605 auctoritate.
879 1575 973 1606 Nulli
1002 1580 1062 1606 etc.
1094 1581 1206 1606 nostre

197 1628 423 1659 concessionis
439 1633 500 1658 etc.
514 1629 588 1658 Dat.
602 1629 766 1666 Anagnie,
782 1628 933 1659 kalendis
949 1629 1105 1661 octobris.
1119 1638 1206 1659 anno

196 1682 312 1720 primo.
334 1694 348 1708 »

270 1880 358 1908 823

238 1940 425 1968 Universitati
446 1942 650 1974 magistrorum
671 1945 699 1968 et
716 1942 869 1968 scolarium
887 1942 1146 1968 Salamantiuorum
1163 1943 1207 1969 in-

201 1989 315 2023 dulget,
336 1994 365 2016 ut
384 1990 488 2024 aliquis
508 1998 622 2022 eorum,
641 1991 772 2016 examine
790 1991 978 2024 praecedente
996 1992 1128 2017 inventus
1146 1992 1207 2017 ido-

203 2047 276 2064 neus
289 2038 322 2064 ad
335 2038 503 2072 regendum,
517 2039 544 2064 in
561 2038 689 2073 quolibet
704 2039 758 2065 alio
774 2039 880 2070 studio,
898 2038 1054 2065 Parisiensi
1070 2044 1096 2066 ct
1114 2039 1208 2066 Bono-

203 2087 294 2113 niensi
321 2087 469 2114 dumtaxat
493 2088 632 2121 exceptis,
658 2096 757 2121 regere
783 2088 873 2113 valcat
900 2088 962 2114 sine
987 2088 1042 2114 alio
1067 2089 1208 2116 examine.

201 2135 284 2168 (ΚΗ).
306 2136 350 2168 Ἡ,
368 2144 393 2162 c.
412 2136 478 2166 053,
496 2136 514 2162 s.
535 2136 597 2164 97¹¹:
616 2135 740 2162 Danu-'LE
757 2140 785 2162 et
804 2135 974 2170 Cunnum,
996 2137 1209 2164 Char-tulartum

202 2186 393 2210 universitatis
410 2185 584 2215 Parisz‘enscs,
601 2188 622 2211 t.
638 2184 661 2218 Ι,
679 2191 710 2210 n⁰
724 2184 797 2217 ²255.)

723 1880 849 1914 Anagni,
869 1881 906 1906 1²¹·
921 1880 1037 1907 octobre
1058 1881 1135 1907 1255.

246 2312 257 2325 «
282 2300 481 2328 &niveo-sitan
503 2300 724 2336 magistrorum
740 2305 765 2328 et
785 2301 953 2329 scolarium
975 2301 1210 2331 Salamantino-

202 2361 286 2380 rum.
309 2351 454 2389 Dignum
475 2351 676 2381 arbitramur
700 2356 730 2382 et
752 2361 946 2390 congruum,
968 2353 1054 2392 quod
1072 2353 1132 2390 hii,
1153 2355 1210 2393 qui

205 2412 320 2442 agrum
334 2403 436 2433 studii
450 2404 626 2434 cotidianis
639 2404 839 2434 lectionibus
856 2405 1009 2435 excolunt
1026 2410 1061 2436 ut
1079 2406 1210 2437 valeant

204 2456 373 2495 percipere
392 2456 531 2486 scientie
548 2457 772 2494 margaritam,
791 2458 825 2486 in
844 2467 901 2488 sue
919 2459 1137 2496 petitionibus
1157 2459 1210 2489 in-

203 2508 336 2539 venisse
353 2517 412 2538 nos
431 2508 595 2546 gaudeant
614 2509 814 2539 favorabiles
831 2514 861 2540 et
877 2510 1050 2548 benignos,
1068 2516 1103 2541 ut
1120 2515 1210 2542 tanto

205 2570 318 2591 eorum
335 2561 481 2590 studium
499 2565 689 2591 exerceatur
702 2561 841 2592 liberius
856 2567 978 2601 quanto
994 2564 1106 2594 favore
1120 2573 1211 2603 apos-

205 2613 303 2643 tolico
323 2622 357 2642 se
377 2613 543 2642 senserint
563 2614 794 2644 communitos.
820 2615 902 2645 Cum
924 2616 1038 2654 igitur,
1065 2617 1150 2646 sicut
1173 2626 1210 2646 ex

206 2669 318 2695 tenore
346 2669 454 2695 vestre
482 2666 654 2703 petitionis
681 2667 879 2704 accepimus,
908 2668 1078 2706 contingat
1107 2668 1212 2698 inter-

206 2718 284 2748 dum
311 2718 397 2756 quod
422 2717 471 2746 hii
498 2718 566 2756 qui,
598 2718 700 2748 semel
726 2719 905 2749 examinati
929 2724 959 2749 et
984 2721 1154 2759 approbati
1176 2721 1211 2750 in

207 2770 436 2800 Salamantino
466 2770 586 2805 studio,
618 2771 651 2800 in
677 2780 885 2810 quacumque
914 2772 1070 2802 facultate
1095 2782 1212 2811 quam-

207 2832 306 2862 quam
332 2823 461 2853 inventi
488 2824 555 2853 sint
580 2823 692 2859 idonei
719 2824 759 2853 ad
785 2825 984 2862 regendum,
1016 2825 1081 2855 nisi
1110 2826 1212 2856 itera-

207 2879 276 2905 tum
293 2884 429 2906 examen
450 2876 484 2904 in
506 2876 619 2906 eadem
640 2876 796 2906 facultate
817 2877 973 2913 subeant,
997 2877 1077 2907 alibi
1097 2887 1211 2916 regere

1280 298 1418 327 minime
1444 298 1698 336 permittantur,
1725 302 1762 328 ut
1793 306 1833 328 ne
1861 297 1982 327 totiens
2016 305 2153 327 examen
2175 297 2288 328 subire

1281 354 1427 389 oporteat
1457 359 1523 385 eos,
1552 350 1706 389 quotiens
1733 350 1814 380 alibi
1847 359 1962 388 regere
1990 349 2080 388 ipsos
2112 350 2286 388 contingit,

1281 402 1446 441 provideri
1467 403 1572 442 quieti
1589 407 1696 433 vestre
1713 412 1812 441 super
1827 403 1888 433 hoc
1908 402 1946 432 de
1969 402 2175 440 benignitate
2192 410 2288 440 apos-

1282 455 1380 485 tolica
1404 455 1560 494 petiistis.
1586 456 1654 486 Nos
1670 455 1792 493 igitur.
1817 454 1983 485 carissimi
2008 455 2042 484 in
2067 454 2200 485 Christo
2226 453 2288 484 filii

1282 509 1387 539 nostri
1406 532 1438 543 ..,
1457 508 1545 546 regis
1561 508 1704 539 Castelle
1721 517 1757 538 ac
1773 508 1929 546 Legionis
1945 507 2098 541 illustris,
2117 515 2153 536 ac
2169 506 2290 536 vestris

1282 561 1582 600 supplicationibus
1598 560 1763 596 inclinati,
1781 565 1826 595 ut,
1844 564 2018 598 postquam
2030 559 2152 598 aliquis
2165 559 2290 597 magis-

1283 618 1408 643 trorum
1433 613 1484 643 vcl
1507 613 1685 643 scolarium
1707 613 1742 642 in
1767 612 1996 643 salamantino
2018 611 2127 642 studio
2149 612 2184 641 in
2207 619 2290 650 qua-

1283 675 1424 705 cumque
1441 666 1598 696 facultate
1619 666 1769 696 examine
1788 665 1938 703 legitimo
1957 664 2152 704 precedente
2171 665 2289 694 inven-

1284 724 1336 749 tus
1359 719 1459 749 fucrit
1482 719 1621 749 idoneus
1641 718 1681 748 ad
1704 718 1896 756 regendum,
1918 718 1953 747 in
1975 716 2123 756 quolibet
2143 715 2290 755 generali

1284 772 1404 807 studio,
1421 771 1605 802 Parisiensi
1623 775 1654 801 et
1670 770 1875 800 Bononiensi
1893 770 2061 800 dumtaxat
2077 768 2237 807 exceptis,
2254 768 2290 798 in

1284 824 1441 855 facultate
1457 825 1529 863 ipsa
1544 833 1602 862 pro
1613 832 1679 862 qua
1694 823 1741 853 ibi
1758 822 1860 854 semel
1876 831 2012 853 examen
2029 821 2133 852 subiit
2144 821 2217 852 sine
2227 821 2292 852 ite-

1283 882 1354 908 rato
1373 877 1523 908 examine
1540 885 1577 906 ac
1595 876 1736 916 alicujus
1757 875 2016 906 contradictione
2036 883 2150 912 regere
2170 872 2289 908 valeat,

1284 930 1378 961 vobis
1400 934 1431 960 et
1456 929 1575 959 vestris
1596 920 1851 959 successoribus
1869 927 2064 957 auctoritate
2086 925 2292 965 presentium

1284 982 1507 1020 indulgemus.
1536 981 1629 1012 Nulli
1654 985 1714 1011 etc.
1739 984 1850 1011 nostre
1875 979 2101 1010 concessionis
2128 983 2187 1010 etc.
2215 979 2290 1008 Dat.

1284 1035 1447 1073 Anagnie,
1467 1034 1619 1064 kalendis
1635 1033 1790 1069 octobris,
1809 1042 1895 1063 anno
1912 1032 2028 1071 primo.
2048 1044 2061 1059 n

1357 1226 1448 1255 824

1322 1287 1517 1322 Infrascriptis
1533 1286 1671 1320 indulget,
1687 1290 1716 1312 ut
1733 1286 1844 1320 possint
1859 1285 1891 1311 ad
1909 1284 2032 1311 invicem
2049 1284 2296 1311 matrimonialiter

1286 1337 1428 1371 copulari,
1447 1344 1501 1362 non
1519 1336 1650 1362 obstante
1667 1335 1742 1369 quod
1758 1335 1828 1361 alter
1843 1334 1984 1368 reliquum
2000 1336 2100 1368 quarto
2116 1333 2296 1368 consangui-

1288 1385 1384 1411 nitatis
1401 1384 1492 1419 gradu
1506 1384 1637 1418 attingat.
1656 1383 1737 1413 (Rae.
1759 1382 1807 1414 24,
1827 1391 1853 1410 c.
1873 1382 1934 1413 654,
1952 1383 1970 1410 f.
1987 1382 2054 1414 94¹.)

1771 1223 1895 1257 Anagni,
1915 1223 1948 1250 30
1963 1222 2126 1257 septembre
2144 1221 2222 1249 1255.

1330 1507 1342 1521 t(
1360 1494 1460 1523 Nobili
1477 1494 1544 1522 viro
1561 1493 1620 1522 Ade
1637 1492 1671 1521 de
1685 1492 1825 1527 Gur-dun,
1840 1492 1948 1523 militi,
1968 1496 1995 1520 et
2010 1491 2115 1520 dilecte
2130 1491 2165 1520 in
2176 1491 2296 1521 Christo

1286 1548 1350 1585 filie
1368 1548 1465 1577 nobili
1480 1547 1608 1575 mulieri
1624 1546 1798 1576 Constantie
1810 1545 1844 1574 de
1856 1545 1947 1574 Ponte
1961 1545 2059 1582 lonyo,
2077 1549 2147 1573 nate
2158 1545 2297 1574 Iohanni

1289 1602 1322 1630 de
1342 1602 1473 1634 Vernuz,
1497 1599 1712 1628 us’intoniensis
1728 1598 1863 1628 diocesis.
1880 1597 2023 1628 Romani
2038 1596 2205 1635 pontificis
2220 1604 2296 1634 pre-

1288 1653 1412 1683 cellens
1428 1670 1476 1680 —.
1500 1652 1573 1681 Dat.
1596 1651 1764 1688 Anagnie,
1784 1651 1816 1680 ΙΙ
1838 1649 1998 1680 kalendas
2023 1648 2184 1684 octobris,
2209 1656 2297 1678 anno

1288 1706 1406 1745 primo.
1427 1717 1440 1732 »

1359 1892 1450 1920 825
1774 1880 1776 1883 ¹
1816 1889 1941 1923 Anagni,
1962 1889 1998 1914 ier
2012 1888 2128 1915 octobre
2146 1888 2224 1916 1255.

1326 1953 1538 1980 Archidiacono
1562 1951 1650 1978 Vallis
1673 1951 1786 1977 Positae
1809 1951 1838 1976 in
1861 1950 1984 1977 ecclesia
2004 1949 2148 1984 But-gensi
2169 1949 2295 1982 mandat,

1290 2003 1426 2037 quatinus
1451 2002 1485 2027 de
1507 2000 1676 2027 canonicatu
1699 2000 1838 2026 ecclesiae
1863 1998 2054 2033 Legionensis
2075 1998 2172 2024 Marco
2198 1998 2297 2025 Domi-

1291 2051 1357 2081 niei,
1374 2051 1478 2076 clerieo
1495 2049 1678 2083 Legionensi‚
1696 2048 1851 2083 provideat,
1864 2049 1979 2082 cuijam
1992 2047 2112 2081 Egidius
2121 2055 2163 2074 ss.
2175 2046 2298 2074 Cosmae

1291 2103 1318 2126 et
1335 2099 1465 2126 Datniani
1481 2099 1619 2125 diaconus
1634 2097 1786 2124 cardinalis
1799 2105 1849 2132 per
1864 2097 1973 2122 litteras
1990 2096 2101 2123 Perusii
2119 2096 2147 2122 X
2162 2096 2298 2123 kalendas

1292 2149 1384 2175 martii
1406 2146 1547 2173 MCCLlll
1569 2147 1648 2172 datas
1669 2146 1868 2172 canonicatum
1889 2145 1983 2179 ipsum
2004 2145 2135 2176 contulit,
2156 2144 2299 2172 Martinus

1291 2203 1386 2225 autem
1401 2196 1554 2228 Jonannis,
1571 2195 1822 2230 Compostellanus
1835 2194 2002 2225 canonicus,
2016 2193 2144 2228 diripuit.
2158 2193 2239 2224 (Rae.
2252 2192 2296 2224 24,

1292 2255 1317 2273 e.
1334 2247 1396 2279 655,
1412 2246 1430 2272 s.
1448 2246 1515 2275 97v.)

1334 2367 1346 2381 «
1367 2377 1399 2389 ..,
1417 2353 1636 2383 archidiacono
1658 2353 1749 2381 Vallis
1766 2352 1859 2381 Postte
1880 2352 1912 2380 in
1928 2352 2050 2380 ecclesia
2073 2351 2234 2388 Buryensi.
2258 2350 2298 2380 In

1292 2411 1405 2437 nostra
1421 2405 1621 2436 constitutus
1638 2404 1807 2442 presentia
1824 2403 1964 2434 dilectus
1980 2402 2070 2432 filius
2088 2403 2219 2432 Marcus
2236 2402 2298 2432 Do-

1292 2458 1419 2494 minici,
1432 2457 1572 2488 clericus
1584 2456 1813 2494 Legionensis,
1827 2455 1922 2485 nobis
1935 2455 2095 2493 exposuit,
2111 2453 2208 2493 quod,
2222 2461 2298 2484 cum

1291 2511 1400 2541 felicis
1420 2509 1659 2540 recordationis
1676 2510 1701 2538 Ι.
1719 2517 1816 2546 papa,
1835 2507 2048 2546 predecessor
2063 2511 2191 2542 noster,
2211 2506 2295 2536 bone

1292 2562 1450 2593 memorie
1480 2563 1532 2597 E„
1563 2565 1753 2591 sanctorum
1782 2560 1900 2591 Cosme
1924 2564 1955 2590 et
1977 2559 2133 2589 Damiani
2158 2558 2296 2588 diacono

1292 2614 1464 2650 cardinali,
1483 2614 1557 2644 viva
1575 2622 1652 2644 voce
1668 2613 1872 2647 mandasset,
1897 2616 1933 2642 ut
1952 2612 2038 2641 dicto
2061 2612 2105 2641 M.
2121 2611 2157 2640 in
2180 2610 2299 2648 Legio-

1292 2667 1390 2697 nensi
1405 2666 1545 2697 ecclesia
1563 2666 1601 2696 de
1618 2665 1758 2702 canonia
1776 2673 1850 2694 cum
1865 2663 2032 2702 prebenda
2047 2667 2078 2693 et
2097 2672 2171 2693 cum
2189 2662 2298 2702 pleni-

1292 2719 1501 2758 tudinejuris
1515 2718 1666 2748 canonici
1681 2717 1878 2756 provideret,
1894 2717 1982 2746 idem
1993 2715 2172 2746 cardinalis
2181 2723 2298 2745 vacan-

1292 2776 1358 2802 tem
1382 2772 1417 2801 in
1441 2771 1581 2801 ecclesia
1600 2770 1673 2808 ipsa
1692 2770 1894 2808 prebendam
1915 2778 1973 2807 per
1993 2772 2132 2798 mortem
2156 2767 2294 2806 Aprilis,

1293 2825 1431 2855 ecclesie
1451 2824 1596 2862 predicte
1614 2822 1854 2857 archidiaconi,
1878 2822 1964 2852 dicto
1985 2822 2028 2851 M.
2050 2819 2190 2850 contulit
2204 2828 2298 2850 eum-

1293 2886 1357 2916 que
1374 2878 1412 2907 de
1429 2877 1499 2915 ipsa
1515 2885 1573 2914 per
1591 2884 1689 2905 suum
1705 2874 1866 2905 annulum
1881 2873 2064 2909 investivit,
2083 2876 2179 2911 prout
2194 2872 2229 2902 in
2245 2871 2297 2910 ip-
