2498 3325
0 2757 6 3160 w—-v—v—-v———-
0 2334 9 2743 ἡγῇ-ὴ
0 2264 4 2300 —v
0 2214 2 2240 «ἡ

1017 198 1249 236 DEUXIEME
1269 197 1430 235 ANNEE.
2216 203 2273 234 431

174 275 337 302 committat
360 271 621 299 administrandum
644 270 822 305 patriarchae
845 270 1003 302 Gradensi,
1025 272 1112 305 cujus
1134 280 1184 306 pa-

176 324 351 351 triarchatus
372 324 531 356 proventus
553 319 686 354 dignitati
709 320 775 353 eJus
798 327 854 345 non
874 321 999 353 possunt
1015 320 1181 346 sustentari.

179 373 262 406 (Rau.
277 372 321 403 24,
338 372 358 398 f.
376 370 437 403 182,
453 379 520 397 ann.
540 369 579 402 II,
597 378 622 397 c.
640 369 711 401 331.)

219 486 232 500 «
253 496 285 508 .,,
303 473 436 510 episcopo
451 471 657 500 Ferrariensi.
681 469 778 500 Circa
793 469 1064 499 reformationem
1080 469 1184 499 eecle-

176 526 303 556 siarum
316 543 366 553 —.
383 525 457 554 Dat.
475 524 640 562 Anagnie,
654 524 684 553 V
699 523 774 553 idus
787 523 876 562 julii,
893 531 979 552 anno
996 522 1150 552 secundo.
1170 534 1182 549 n

251 697 369 725 1413

213 758 375 793 Episcopos
391 762 419 784 et
435 758 577 792 praelatos
593 757 803 792 patriarchatus
819 757 979 783 Gradensis
999 757 1137 788 hortatur,
1156 760 1186 782 ut

178 807 368 842 patriarcham
384 806 574 838 Gradensem,
591 814 657 832 cum
673 805 708 832 ad
726 814 776 832 eos
793 806 961 836 accesserit,
977 805 1073 831 debita
1089 805 1185 840 ipsum

177 855 395 882 honorificentia
417 857 642 888 prosequentes,
664 853 917 887 processionaliter
939 857 968 879 et
989 853 1187 888 sollempniter

178 904 306 938 recipere
320 903 468 934 studeant,
481 903 566 937 juxta
581 901 822 928 consuetudinem
838 902 984 936 antiquam
1001 901 1187 936 approbatam

179 955 207 978 et
223 953 364 978 hactenus
386 951 414 977 in
437 950 544 977 talibus
565 950 758 977 observatam.
782 949 864 982 (Rea.
880 950 925 981 24,
942 950 961 976 f.
984 949 1029 976 182
1041 970 1047 980 ,
1065 958 1131 975 ann.
1148 948 1185 980 ΙΙ,

176 1009 203 1027 c.
219 1000 293 1032 332.)

734 695 860 729 Anagni,
879 695 908 720 11
923 694 1017 728 juillet
1035 694 1113 721 1256.

220 1115 232 1129 «
255 1125 285 1138 ..,
306 1103 450 1139 episcopis
466 1107 491 1130 ct
504 1102 633 1139 prelatis
649 1102 847 1130 ecclesiartmn
861 1101 1097 1139 patriarchatus
1111 1100 1188 1129 Gra-

179 1157 290 1186 densis.
309 1156 391 1186 Cum
408 1155 443 1184 in
463 1155 603 1185 eeclesia
620 1172 668 1183 —.
689 1155 762 1184 Dat.
781 1154 943 1192 Anagnie,
961 1155 991 1184 V
1007 1154 1082 1183 idus
1096 1153 1185 1192 julii,

178 1218 266 1239 anno
284 1208 437 1239 secundo.
461 1221 473 1234 »

255 1375 371 1402 1414
738 1372 863 1405 Anagni,
882 1371 1021 1406 10juillet
1039 1371 1115 1398 1256.

215 1436 338 1470 Angelo,
351 1435 528 1470 patriarchae
541 1434 693 1464 Gradensi,
704 1434 845 1468 indulget,
858 1433 934 1468 quod
946 1433 975 1460 in
988 1434 1187 1460 mansionibus

180 1485 389 1520 patriarchatus
409 1484 484 1518 apud
507 1483 644 1509 Venetias
668 1483 771 1509 morari
793 1483 894 1510 valeat.
916 1482 999 1516 (Rae.
1021 1482 1070 1511 ⁶24,
1088 1483 1108 1510 f.
1127 1482 1187 1514 182,

179 1543 246 1561 ann.
263 1533 305 1567 ΙΙ,
323 1541 348 1560 c.
366 1533 440 1565 333.)

221 1648 233 1661 α
257 1636 302 1671 A„
327 1635 506 1672 patriarche
529 1634 688 1662 (badensi.
720 1633 817 1667 Cum,
843 1633 929 1662 sicut
953 1640 989 1661 ex
1014 1636 1106 1670 parte
1135 1637 1189 1662 tua

181 1688 328 1719 exhibita
349 1687 444 1716 nobis
461 1686 576 1724 petitio
595 1685 799 1720 continebat,
820 1689 885 1714 tam
904 1689 939 1714 tu
956 1694 1055 1723 quam
1072 1685 1190 1723 prede-

181 1749 330 1771 cessores
349 1740 397 1769 tui
421 1739 507 1777 apud
527 1738 686 1768 Venetias
708 1738 743 1767 in
764 1737 1014 1773 mansionibus,
1040 1746 1122 1775 quas
1141 1737 1189 1767 ibi

179 1793 360 1824 Gradensis
393 1791 533 1822 ecclesia
565 1791 710 1825 obtinet,
751 1789 907 1819 continue
945 1790 1188 1819 consueveritis

179 1845 387 1876 commorari.
402 1854 472 1879 nos,
489 1843 674 1873 devotionis
689 1848 742 1872 tue
755 1843 908 1880 precihus
922 1842 1087 1877 inclinati,
1103 1843 1190 1881 quod

180 1899 215 1928 in
232 1898 358 1928 eisdem
378 1896 610 1926 mansionibus
629 1895 751 1925 morari
771 1895 880 1925 valeas
900 1895 993 1934 juxta
1011 1900 1189 1925 consuetu-

181 1953 291 1982 dinem
313 1951 587 1989 suprascriptam,
613 1949 808 1979 auctoritato
827 1949 888 1978 tibi
911 1949 1117 1986 presentium
1137 1950 1189 1978 in-

181 2005 367 2043 dulgemus.
402 2003 496 2034 Nulli
528 2007 586 2032 etc.
621 2007 732 2032 nostre
765 2002 991 2032 concessionis
1023 2006 1081 2032 etc.
1115 2003 1188 2032 Dat.

180 2058 344 2095 Anagnie,
362 2058 407 2087 VI
421 2057 496 2086 idus
509 2056 598 2095 julii,
616 2064 702 2085 anno
720 2055 876 2085 secundo.
897 2067 908 2080 >2

257 2224 371 2251 1415
737 2221 863 2254 Anagni,
883 2220 911 2246 14
927 2221 1023 2254 juillet
1041 2221 1118 2247 1256.

219 2285 342 2319 Angelo,
361 2283 521 2318 patrim'cha
536 2282 688 2313 Gradensi,
708 2286 830 2316 petente,
846 2282 999 2308 ecclesiam
1013 2282 1190 2308 (ἐι-3116115611]

183 2335 237 2361 sub
254 2334 328 2360 beati
346 2333 422 2359 Petri
439 2336 466 2358 et
483 2340 535 2358 sua
557 2332 736 2366 protectione
757 2331 890 2366 suscipit.
909 2330 1132 2357 Constitutionis
1149 2335 1191 2357 te-

184 2390 282 2409 norem
299 2389 431 2412 servans,
448 2388 534 2415 quam
551 2379 608 2406 Leo
625 2379 668 2405 lx
687 2388 758 2413 papa
774 2379 898 2405 sancivit
921 2383 949 2404 et
969 2378 1099 2413 synodali
1112 2379 1193 2413 jndi-

182 2432 229 2458 cio
244 2431 439 2459 confirmavit,
457 2429 534 2455 dicto
555 2428 732 2462 patriarchae
754 2428 878 2461 ejusque
901 2428 1124 2454 successoribus
1145 2436 1193 2462 pa-

184 2480 365 2507 triarchalem
396 2477 530 2505 concedit
557 2477 726 2512 dignitatem
758 2480 786 2502 et
813 2477 1011 2510 magisterium
1035 2476 1193 2503 Gradensis

184 2529 325 2556 ecclesiae
342 2527 501 2562 gerendum
520 2526 686 2557 confirmat,
705 2526 913 2560 episcopalium
935 2529 1080 2560 praeterea
1096 2526 1195 2551 cathe-

183 2577 300 2604 drarum
324 2577 424 2606 urbes,
449 2575 476 2602 id
501 2579 546 2601 est
571 2574 743 2606 Castellum,
768 2573 944 2606 Torcellum,
971 2573 1192 2606 Matamaurum,

184 2625 368 2661 Caprulium,
385 2624 537 2651 Civitatem
561 2631 681 2655 novam,
702 2622 853 2656 Equilum,
878 2621 1013 2656 chlatn,
1034 2622 1144 2648 Arhem
1167 2626 1196 2649 et

185 2674 324 2701 Auserim
346 2676 520 2699 memoratae
543 2671 687 2698 Gradensi
710 2671 851 2697 ecclesiae
874 2674 1020 2705 tamquam
1042 2679 1112 2697 suae
1134 2678 1195 2696 mc-

185 2723 289 2757 tropoli
305 2722 454 2756 sthectas
470 2728 535 2747 esse
557 2720 696 2746 decernit.
720 2718 814 2746 Usum
833 2719 916 2754 pallei
939 2719 966 2745 in
988 2719 1196 2746 festivitatibus

185 2771 360 2803 nominatis,
382 2770 540 2805 prioratum
563 2776 652 2803 super
671 2767 854 2794 ‚jadertinum
870 2767 1152 2802 archiepiscopatum
1169 2770 1198 2794 et

186 2819 374 2854 episcopatus
389 2818 493 2853 ipsius,
512 2816 657 2843 licentiam
671 2815 826 2851 episcopos
841 2815 991 2842 ordinandi
1007 2816 1035 2842 in
1053 2815 1196 2842 Constan-
1240 2810 1243 2812 ”

186 2867 376 2903 tinopolitano
390 2866 520 2902 imperio,
530 2865 680 2892 dumtaxat
691 2865 718 2891 in
731 2865 804 2892 locis
818 2865 846 2892 in
863 2865 970 2900 quibus
983 2864 1087 2892 Veneti
1100 2865 1197 2900 plures

1265 270 1370 297 habent
1386 270 1535 301 ecclesias,
1553 269 1695 297 concedit.
1714 270 1796 303 (Rae.
1814 270 1862 303 24,
1880 271 1899 296 f.
1924 271 1997 303 1823
2014 280 2080 298 ann.
2098 272 2140 303 II,
2158 281 2183 299 c.
2202 273 2270 304 334;

1267 318 1413 346 Porrfflsr
1431 318 1547 351 16481.)

1308 425 1321 439 «
1353 414 1533 443 Patrem-che
1562 414 1710 443 Gradensi
1735 415 1857 452 ejusque
1885 417 2104 445 successoribus
2130 419 2276 447 canonice

1265 466 1484 495 substituendis
1497 467 1530 495 in
1539 471 1732 504 perpetuum.
1745 467 1932 505 Apostolice
1944 468 2089 498 officium
2102 469 2276 507 dignitatis

1266 536 1314 547 —.
1333 520 1405 548 Dat.
1423 519 1586 556 Anagnie,
1600 529 1659 558 per
1673 529 1809 550 manum
1825 521 1977 559 magistri
1991 523 2147 554 Rollandi
2163 531 2277 558 sancte

1267 571 1416 601 Romane
1438 571 1586 602 Ecclesie
1604 573 1886 609 vicecancellarii,
1906 575 1939 605 II
1956 575 2032 606 idus
2054 576 2147 615 julii,
2168 578 2278 609 indic-

1266 624 1356 654 tione
1371 625 1484 660 XIIII,
1503 625 1745 656 incarnationis
1769 626 1933 657 dominice
1956 637 2043 658 anno
2064 630 2275 668 M0CC0LV10,

1267 676 1584 713 pontificatus‘vero
1614 678 1740 708 domini
1771 679 1951 710 Alexandri
1981 691 2063 720 pape
2091 684 2159 714 IIII
2189 694 2277 716 anno

1269 730 1425 759 secundo.
1444 742 1456 755 »

1340 887 1464 916 1416

1306 947 1407 982 Usque
1421 948 1456 974 ad
1470 949 1544 975 duos
1560 957 1652 976 annos
1667 950 1761 977 adhuc
1775 957 1912 987 prorogat
1927 954 2136 989 indulgentiam
2149 959 2182 984 ab
2194 958 2280 986 Inno-

1271 996 1366 1021 centio
1383 1004 1455 1030 papa
1474 996 1516 1022 IV
1533 1005 1703 1024 concessam
1719 999 1857 1034 episcopo
1876 1001 2082 1036 Argentinensi
2100 1007 2278 1041 percipiendi

1269 1043 1382 1070 fructus
1397 1044 1605 1072 beneficiorum
1626 1048 1789 1074 vacantium
1809 1049 1836 1075 in
1861 1049 1981 1077 diocesi.
1998 1051 2081 1084 (Rea.
2100 1053 2148 1086 24,
2167 1055 2185 1080 f.
2206 1056 2278 1088 iser,

1269 1100 1337 1118 ann.
1355 1092 1397 1123 II,
1416 1101 1440 1119 c.
1459 1094 1533 1126 336.)

1822 891 1952 926 Anagni,
1971 893 1999 919 11
2015 895 2111 928 juillet
2130 896 2206 923 1256.

1312 1199 1325 1213 α
1354 1189 1498 1226 Episcopo
1526 1190 1754 1227 Argentinensi.
1783 1193 1904 1223 Petilio
1932 1199 1987 1224 tua
2013 1197 2108 1227 nobis
2134 1198 2283 1229 exhibita

1270 1241 1472 1276 continebat.
1487 1242 1575 1280 quod
1585 1243 1694 1273 felicis
1706 1246 1945 1277 recordationis
1956 1249 2171 1281 Innocentius
2186 1261 2280 1290 papa,

1269 1294 1483 1331 predecessor
1508 1300 1631 1331 noster,
1657 1297 1866 1328 devotionem
1890 1303 1980 1329 tuam
2004 1306 2032 1330 et
2061 1303 2199 1334 ecclesie
2229 1309 2283 1335 tue

1270 1347 1514 1383 necessitatem,
1532 1358 1642 1387 quam.
1657 1355 1809 1388 pretextu
1825 1354 2033 1390 negotiorum
2051 1357 2216 1393 generalis
2233 1367 2282 1388 ec-

1270 1399 1386 1435 clesie,
1405 1409 1462 1438 per
1481 1410 1558 1431 suos
1577 1401 1733 1433 inimicos
1758 1404 1961 1442 incurrerat,
1981 1407 2158 1445 diligenter
2175 1415 2284 1441 atten-

1270 1452 1369 1487 dens,
1392 1453 1451 1482 tibi
1470 1463 1529 1491 pro
1548 1455 1760 1493 expediendis
1780 1458 1894 1488 multis
1914 1460 2053 1491 ecclesie
2072 1465 2126 1492 tue
2146 1463 2279 1499 debitis,

1270 1506 1392 1544 quibus
1413 1507 1558 1544 graviter
1571 1509 1794 1546 premebatur,
1813 1520 1871 1549 per
1889 1521 1966 1542 suas
1986 1513 2131 1551 litteras,
2149 1521 2185 1546 ut
2204 1527 2281 1555 pro-

1269 1559 1376 1597 ponis,
1392 1560 1544 1596 indulsit,
1562 1566 1598 1590 ut
1614 1562 1742 1592 fructus
1758 1564 2014 1602 prelaturarum,
2033 1568 2233 1606 dignitatum
2250 1576 2282 1601 et

1271 1611 1412 1641 aliorum
1430 1613 1667 1645 beneficiorum
1688 1616 1990 1648 ecclesiasticorum
2010 1621 2044 1649 in
2067 1626 2122 1651 tua
2147 1624 2282 1655 civitate

1270 1668 1301 1694 et
1320 1665 1444 1695 diocesi
1468 1667 1658 1696 vacantium
1681 1678 1795 1706 posses
1813 1679 1919 1709 usque
1942 1673 1982 1701 ad
2007 1678 2133 1704 certum
2152 1680 2281 1715 tempus

1269 1727 1439 1756 permpere
1454 1719 1526 1749 sine
1540 1722 1803 1752 contradictione
1817 1724 2024 1763 cujusquam.
2042 1727 2115 1763 Sed,
2128 1738 2202 1758 cum
2213 1731 2283 1769 jam

1270 1775 1399 1809 tempus
1419 1772 1611 1810 hujusmodi
1635 1775 1677 1803 sit
1702 1775 1850 1813 elapsum
1873 1781 1904 1807 et
1925 1779 2065 1809 ecclesia
2082 1785 2137 1811 tua
2155 1792 2192 1812 ex
2208 1794 2283 1822 pre-

1270 1824 1373 1853 missa
1397 1833 1497 1854 causa
1521 1827 1613 1863 gravi
1638 1833 1808 1865 prematur
1830 1829 1935 1860 adhuc
1960 1840 2059 1862 onere
2083 1834 2280 1873 debitorum,

1271 1876 1466 1914 supplicasti
1483 1887 1582 1916 super
1597 1879 1664 1909 hiis
1682 1880 1788 1910 1111161
1804 1882 1943 1913 ecclesie
1961 1888 2014 1914 tue
2030 1895 2088 1923 per
2105 1889 2283 1925 apostolice

1272 1929 1367 1959 Sedis
1395 1930 1638 1967 providentiam
1665 1932 1791 1962 salubri
1824 1936 1970 1966 remedio
2001 1938 2182 1969 subveniri.
2214 1943 2283 1973 Nos

1272 1982 1394 2020 itaque,
1424 1983 1489 2013 tuis
1514 1985 1669 2022 precibus
1696 1987 1861 2023 inclinati,
1886 1989 2034 2027 ejusdem
2063 1993 2201 2024 ecclesie
2229 2001 2284 2026 tue

1273 2035 1513 2066 nichilominus
1531 2039 1729 2068 necessitate
1744 2045 1892 2077 pensata,
1908 2051 1966 2079 pro
1980 2047 2213 2077 exoneratione
2228 2049 2285 2079 de-

1272 2089 1416 2118 bitorum
1432 2089 1623 2129 hujusmodi
1635 2092 1779 2130 predicte
1793 2096 2018 2126 concessionis
2032 2100 2285 2140 gi-atiztni.juxta

1272 2146 1422 2171 tenorem
1447 2142 1634 2173 litterarum
1659 2145 1904 2182 predecessoris
1928 2149 2091 2187 ejusdem,
2115 2162 2220 2192 usque
2244 2155 2286 2184 ad

1274 2194 1355 2223 duos
1383 2204 1487 2225 annos
1513 2196 1636 2232 adhuc,
1662 2206 1680 2227 a
1705 2198 1757 2228 die
1786 2208 1849 2237 quo
1877 2200 2006 2232 litteras
2032 2203 2091 2233 lias
2119 2209 2285 2245 receperis

1274 2248 1522 2285 computandos,
1538 2251 1734 2281 auctoritate
1748 2254 1954 2290 presentium
1968 2265 2194 2295 prorogamus.
2210 2262 2283 2291 Dat.

1274 2301 1437 2337 Anagnia,
1458 2303 1487 2332 V
1502 2302 1577 2332 idus
1591 2303 1680 2342 julii,
1699 2314 1785 2335 anno
1803 2308 1959 2338 secundo.
1982 2322 1994 2335 1)

1352 2459 1466 2487 141Ιῖ
1879 2465 2007 2500 Anagni,
2025 2469 2116 2502 9]11111
2138 2471 2213 2498 1256.

1313 2521 1420 2547 Abbati
1436 2521 1622 2555 Mosiacensi,
1639 2523 1826 2551 caturcensis
1841 2526 1983 2559 diocesis,
2002 2531 2131 2564 mandat,
2149 2533 2287 2566 quatinus

1278 2574 1393 2595 revocet
1409 2570 1519 2597 litteras
1536 2572 1629 2606 ipsius
1645 2573 1829 2601 absolventes
1844 2576 1878 2601 ab
1895 2577 2061 2604 obedientia
2078 2580 2215 2613 Geraldo,
2233 2583 2287 2608 ab-

1278 2617 1334 2643 bati
1358 2620 1525 2646 monasterii
1550 2620 1736 2655 Sat-latensis,
1762 2623 1908 2657 praestita,
1937 2627 2094 2654 monachos
2119 2630 2287 2657 monasterii

1278 2666 1463 2698 Sarlatensis,
1482 2671 1596 2702 petente
1609 2668 1701 2701 Helia,
1714 2671 1764 2705 qui
1776 2672 1801 2705 ej
1809 2672 1908 2698 usdem
1921 2676 2088 2702 monasterii
2104 2677 2236 2704 abbatem
2253 2687 2287 2706 se

1277 2715 1436 2742 asserebat.
1453 2715 1538 2747 (Rae.
1555 2715 1602 2748 ⁶24,
1621 2717 1640 2744 s.
1659 2718 1725 2750 183,
1741 2727 1810 2745 ann.
1826 2719 1865 2753 II,
1883 2730 1909 2747 c.
1927 2722 2000 2755 338.)

1320 2820 1333 2835 «
1354 2831 1386 2843 ..,
1405 2809 1508 2838 abbati
1523 2811 1715 2848 Mosiacensi‚
1737 2814 1930 2844 Calui-censis
1946 2816 2080 2847 diocesis.
2105 2820 2172 2849 Sua
2190 2821 2287 2852 nobis

1279 2860 1419 2891 dilectus
1438 2861 1528 2893 filius
1545 2864 1723 2902 Geraldus,
1743 2866 1843 2897 abbas
1860 2871 2054 2901 monasterii
2072 2872 2285 2913 sarlatensis,
