2441 3330
187 200 222 229 92

188 276 200 290 ))

187 329 199 343 ))

187 382 199 395 >t

187 435 199 449 ))

186 488 198 501 ))

186 541 198 554 ))

187 593 198 606 ))

186 647 198 661 ))

185 700 197 714 )›

185 805 196 818 )i

184 856 195 870 l)

185 912 196 924 )t

183 964 195 977 )Λ

184 1016 195 1029 N

913 198 1152 229 REGISTRES
1174 198 1481 230 D'ALEXANDRE
1504 201 1561 231 IV.

227 264 370 302 predicte
393 267 424 293 et
446 264 645 302 quibusdam
668 263 744 293 aliis
767 264 918 295 articulis
934 265 968 294 in
986 264 1098 294 libello
1118 274 1196 295 con-

227 317 336 352 tentis,
358 321 428 346 orta
446 317 564 347 suisset
581 317 719 347 materia
740 318 943 356 questionis,
963 318 1070 349 felicis
1087 328 1196 349 recor-

225 370 369 399 dationis
387 371 411 400 I.
430 379 510 408 papa
535 379 593 399 nos
615 370 808 407 magistrum
832 372 1036 401 Rostandum
1053 372 1196 411 capella-

227 432 304 452 num
335 432 432 452 suuni
463 423 551 452 dedit
583 423 732 461 partibus
760 424 959 455 auditorem.
991 434 1099 454 coram
1131 435 1194 464 quo

224 476 367 505 Jacobus
395 476 434 505 de
461 476 575 506 Aretio
602 481 793 514 procurator
817 477 978 507 (lictorum
1006 478 1135 508 abbatis
1164 482 1195 508 et

223 532 405 558 conventus
422 528 684 559 Vallisumbrose
701 534 813 559 contra
825 530 989 568 predictos
1005 530 1195 568 episcopum

225 586 253 611 et
274 581 442 611 dominum
462 581 633 611 Albertum
654 591 690 612 ac
711 582 897 612 Guidouem
920 583 1116 613 canonicum
1133 584 1194 613 Fo-

225 634 437 664 rolivienscm
452 638 697 672 procuratorem
714 635 909 671 eorundem,
927 635 1058 666 libellos
1075 636 1192 666 obtulit

224 688 257 717 iu
276 687 338 717 hac
357 688 461 717 fornia
481 697 487 716 :

225 753 235 762 1·
272 739 390 769 Coram
428 739 520 769 vobis
558 740 691 770 domino
729 741 912 777 Rostando,
954 742 1079 772 domini
1111 753 1193 782 pape

223 792 404 830 rapellano,
427 793 577 831 partibus
599 793 749 824 auditore
769 802 936 830 concess-0,
960 795 1039 825 dicit
1062 799 1093 825 et
1119 806 1193 834 pro-
1224 818 1227 821 1

223 845 332 883 posuit
348 845 492 875 Jacobus
515 846 553 876 de
570 846 684 876 Aretio
706 853 898 885 procurator
916 848 1046 878 abbatis
1065 853 1095 879 et
1114 859 1192 879 con-

222 902 340 929 ventus
370 899 565 929 monasterii
601 900 639 930 (16
667 900 918 931 Valleumbrosa
950 906 1063 932 contra
1092 912 1191 933 vene-

223 951 361 981 rabilem
397 956 523 990 patrem
558 953 748 992 episcopum
784 954 1044 985 Foroliviensem
1078 956 1191 987 dicens

221 1004 306 1043 quod
329 1014 404 1034 cum
428 1006 666 1035 monasterium
690 1006 728 1036 de
755 1006 916 1037 Flumano
938 1013 1050 1038 sancte
1074 1010 1189 1045 Marie,

184 1070 196 1081 »
223 1057 370 1094 ejusdcm
393 1057 535 1092 ordinis,
559 1058 661 1088 situm
684 1059 726 1088 sit
748 1060 782 1088 in
805 1060 929 1090 diocesi
949 1061 1087 1099 predicti
1105 1063 1192 1101 epis-

183 1122 195 1135 ))

183 1174 195 1188 >7

182 1228 194 1241 )Ι

182 1281 194 1295 »

181 1334 193 1347 ))

181 1387 193 1401 >)

181 1440 193 1454 ›>

181 1494 193 1507 ))

180 1546 192 1560 n

180 1599 193 1613 ι)

180 1651 192 1665 n

179 1704 192 1717 ))

179 1755 192 1770 »

180 1809 192 1822 1)

179 1862 192 1876 »

178 1914 191 1929 »

178 1968 191 1981 ))

177 2020 190 2035 »

177 2074 190 2087 ))

178 2128 190 2140 »

177 2179 190 2193 »

177 2232 189 2246 z>

177 2286 189 2299 ))

177 2339 189 2352 ))

176 2390 188 2404 i)

176 2442 189 2457 ι)

157 2483 161 2486 ’
176 2494 189 2508 )>

176 2548 188 2562 ))

176 2600 188 2614 ))

176 2652 188 2666 ))

176 2704 188 2718 )>

175 2756 188 2771 η

175 2809 187 2823 »

174 2862 187 2876 ))

221 1109 304 1147 copi,
323 1110 409 1148 quod
427 1111 665 1141 monasterium
682 1112 722 1141 ad
736 1112 860 1143 dictum
877 1113 1029 1143 abbatem
1046 1116 1192 1153 pertinc-

221 1162 273 1191 l›at
292 1162 499 1198 immediate,
518 1168 684 1202 tamquam
707 1165 854 1203 ejusdem
872 1167 999 1196 ordinis
1016 1177 1075 1197 suo
1092 1169 1191 1206 capiti

221 1220 248 1243 vt
270 1220 356 1244 essct
373 1216 406 1244 in
424 1217 633 1253 possessione
657 1217 804 1255 ejusdem
824 1218 874 1247 vel
896 1220 990 1257 quasi
1012 1220 1082 1258 ipse
1104 1222 1191 1259 cpis-

220 1278 319 1306 copus
342 1278 405 1298 una
426 1278 499 1298 cuin
519 1270 652 1299 domino
672 1270 806 1300 Alberto
828 1272 988 1301 monacho
1008 1273 1191 1303 Vallisum-

220 1322 314 1351 brose
345 1322 487 1353 ordinis.
515 1323 572 1361 qui
598 1324 732 1359 gerebat
757 1334 791 1353 se
814 1334 872 1363 pro
898 1325 1015 1355 abbate
1043 1327 1189 1365 ejusdem

220 1379 331 1405 sancte
349 1375 452 1405 Mai-ie
472 1376 510 1405 dc
528 1375 704 1406 Flumauo.
723 1377 794 1415 ipso
817 1377 934 1408 abbate
950 1378 1143 1418 irrequisito
1160 1385 1191 1410 et

219 1432 383 1458 conventu
406 1429 555 1467 ejusdem
573 1429 854 1466 Vallisumbrose,
879 1431 1002 1461 dictum
1022 1433 1190 1463 Montiste-

219 1482 304 1511 rium
323 1486 435 1512 sancte
458 1483 562 1512 Marie
584 1483 752 1512 transtulit
768 1484 801 1512 in
819 1484 945 1522 capella
965 1486 1069 1515 sancti
1087 1488 1190 1516 Anto-

220 1534 267 1563 nii
288 1534 435 1573 ejusdeiu
459 1535 604 1565 civitatis
625 1535 862 1567 Foroliviensis
883 1537 922 1567 de
946 1538 1031 1568 facto
1054 1548 1127 1568 cum
1151 1540 1189 1569 de

215 1587 288 1624 jure
307 1596 371 1617 uon
394 1591 522 1625 posset,
544 1592 574 1618 et
597 1588 776 1618 monachos
798 1593 828 1618 et
847 1598 1023 1620 conversos
1041 1591 1189 1630 ejusdem

219 1640 412 1669 monasterii
433 1645 545 1669 sancte
562 1641 666 1670 Mai-ie
687 1641 725 1670 de
744 1641 830 1671 dicto
845 1643 1048 1672 monasterio
1066 1645 1189 1683 expulit

219 1691 281 1724 (sia-l
300 1695 331 1721 et
348 1692 465 1730 expelli
483 1693 561 1722 fecit
580 1697 611 1722 et
628 1692 747 1731 expelli
762 1695 950 1731 procuravit
966 1700 996 1725 et
1017 1697 1117 1726 etiam
1134 1706 1188 1727 eos

217 1744 350 1773 banniri
372 1744 450 1774 fecit
466 1754 524 1782 pcr
542 1745 737 1783 potestatem
755 1746 903 1784 ejusdem
924 1748 1069 1778 civitatis
1086 1755 1117 1779 ct
1133 1743 1188 1779 exss

219 1796 296 1835 pelli
310 1798 495 1835 procuravit
515 1807 571 1836 per
587 1799 767 1836 potentiam
785 1799 954 1835 laicalem,
975 1806 1005 1831 et
1022 1811 1077 1831 eos
1092 1807 1122 1832 et
1138 1803 1188 1832 vi-

217 1849 342 1879 carium
373 1859 470 1888 quem
502 1850 603 1880 abbas
628 1856 781 1889 posuerat
809 1852 843 1881 in
874 1853 959 1883 dicto
987 1856 1188 1885 monasterio

217 1903 289 1932 sine
312 1903 502 1932 rationabili
522 1912 621 1933 causa
642 1908 673 1933 et
696 1905 961 1936 excomunicatos
982 1907 1184 1943 denuntiari,

216 1965 279 1994 que
298 1956 410 1986 omnia
427 1956 501 1985 fecit
518 1957 552 1986 in
573 1966 670 1994 grave
687 1957 864 1996 dampnum
887 1959 994 1997 ipsius
1011 1960 1140 1991 abbatis
1156 1966 1185 1991 ct

215 2013 397 2039 conventus
415 2009 676 2039 Vallisumbrose
703 2015 733 2040 et
752 2019 818 2041 non
839 2012 1003 2042 modicam
1027 2013 1186 2052 injuriam

216 2066 244 2091 et
261 2062 294 2090 in
309 2061 493 2100 periculum
511 2062 621 2110 anime
633 2072 691 2092 sue
703 2067 734 2093 et
748 2064 941 2094 scandalum
953 2065 1184 2104 plurimorum.

217 2115 312 2145 Unde
331 2115 411 2152 petit
428 2115 561 2145 nomine
578 2115 726 2154 ejusdem
739 2116 869 2147 abbatis
885 2118 1066 2156 predictam
1083 2124 1186 2151 trans-

215 2167 372 2197 lationem
390 2168 583 2197 monasterii
601 2173 713 2198 sancte
730 2169 834 2199 Marie
851 2171 1009 2209 quatinus
1025 2173 1187 2210 processit

215 2220 252 2249 de
274 2222 360 2250 sacto
381 2229 455 2250 cum
478 2221 516 2251 de
536 2221 608 2259 jure
634 2230 697 2250 non
721 2226 831 2259 posset
850 2224 975 2253 cassari
1001 2229 1031 2254 et
1058 2225 1185 2255 irritari

213 2283 347 2303 causam
375 2278 405 2303 et
428 2274 557 2303 irritam
581 2275 790 2312 pronuntiari
816 2280 846 2304 et
869 2276 1092 2308 nullius-esse
1115 2288 1185 2308 mo-

216 2326 317 2355 menti
340 2335 399 2355 nec
421 2326 523 2355 ullius
546 2326 680 2356 valoris.
711 2327 797 2356 Petit
823 2328 923 2358 etiam
948 2333 983 2358 ut
1005 2331 1184 2361 monachos

215 2378 362 2417 ejusdem
379 2379 573 2409 monasterii
590 2383 620 2409 et
636 2388 812 2410 conversos
827 2381 862 2410 in
879 2381 964 2412 dicto
983 2384 1184 2415 monasterio

215 2440 408 2468 permanere
425 2432 459 2460 in
478 2440 556 2469 pace
573 2436 603 2461 et
620 2432 653 2460 in
671 2433 782 2471 quiete
798 2442 887 2463 more
904 2434 1001 2465 solito
1015 2436 1185 2473 permittat

215 2487 243 2512 ct
261 2487 295 2512 ut
310 2483 431 2513 dictam
448 2484 648 2513 sententiam
662 2485 978 2516 excomunitationis
996 2487 1119 2518 relaxet
1133 2489 1184 2519 vel

214 2545 286 2565 eam
308 2536 432 2565 cassari
456 2540 487 2566 et
510 2536 636 2566 irritari
657 2541 687 2566 et
706 2537 831 2567 nullius
850 2547 922 2568 esse
944 2541 1102 2570 momenti
1125 2550 1185 2572 nec

212 2588 334 2618 valoris
361 2589 588 2626 pronuntiari,
616 2594 645 2619 et
669 2589 707 2619 de
730 2590 816 2619 dicto
842 2590 951 2621 banno
976 2601 1031 2622 eos
1056 2593 1184 2623 extrahi

213 2640 324 2670 saciat.
363 2640 448 2670 Petit
483 2641 581 2670 etiam
621 2642 750 2671 nomine
785 2643 931 2682 ejusdem
969 2645 1098 2676 abbatis
1129 2655 1184 2684 pro

214 2692 366 2730 dampnis
386 2697 417 2722 et-
435 2692 571 2731 injuriis
588 2693 651 2723 sibi
669 2694 772 2724 illatis
788 2695 879 2726 mille
897 2705 1024 2727 marcas
1041 2699 1181 2735 argenti,

214 2745 251 2774 de
283 2745 405 2783 quibus
435 2746 590 2786 omnibus
616 2747 698 2784 petit
724 2756 782 2785 per
807 2757 881 2781 vos,
910 2749 1042 2780 domine
1065 2751 1181 2789 judex,

214 2797 410 2828 auctoritate
437 2798 616 2836 apostolica
646 2798 793 2837 legitime
823 2801 1058 2840 condempnari
1086 2808 1116 2833 et
1143 2804 1184 2833 ad

213 2850 476 2881 satisfactionem
490 2851 653 2890 compelli.

1281 328 1293 343 ))

1280 381 1293 395 J)

1280 433 1293 448 Υ)

1279 486 1292 501 1)

1279 540 1292 555 1)

1279 593 1292 608 ))

1279 646 1292 662 7)

1279 700 1291 714 ))

1279 753 1291 767 ))

1278 806 1290 821 ))

1278 860 1290 874 n

1277 913 1290 927 ))

1277 965 1290 980 ))

1277 1018 1290 1033 )>

1277 1072 1290 1086 ))

1276 1125 1289 1140 ))

1276 1178 1289 1192 ))

1276 1231 1289 1245 1)

1276 1283 1289 1298 ))

1321 277 1334 290 »
1360 265 1443 295 Item
1465 265 1552 296 alius
1574 266 1709 298 libellus
1731 277 1738 296 :
1765 268 1845 298 dicit
1866 273 1897 299 et
1915 269 2067 308 proponit
2083 270 2228 301 ,Iacobus
2248 270 2289 302 (16

1318 317 1441 347 Aricio.
1466 324 1659 357 procurator
1677 320 1807 351 abbatis
1831 325 1862 351 et
1882 326 2065 352 conventus
2090 322 2129 353 de
2153 331 2289 354 monas-

1319 369 1401 400 terio
1441 371 1706 403 Vallisumbrose
1749 377 1863 403 contra
1908 373 2079 404 dominum
2113 374 2289 406 Alhert-um

1317 423 1515 453 monachum
1533 424 1679 463 ejusdem
1696 425 1842 461 ordinis,
1860 426 1993 462 dicens,
2014 427 2102 466 quod
2118 436 2194 458 cum
2213 436 2289 466 pre-

1317 475 1424 506 dictus
1447 476 1601 507 (lominus
1620 478 1776 509 Albertus
1799 483 1927 516 gereret
1945 489 1980 510 se
2002 489 2060 518 pro
2082 480 2200 510 abbate
2218 489 2289 511 mo-

1317 529 1456 559 nasterii
1476 534 1589 561 sancte
1603 531 1706 561 Marie
1723 531 1761 561 de
1778 531 1949 567 Flumano,
1967 532 2206 563 Foroliviensis
2221 532 2289 563 dio-

1317 582 1417 617 cesis,
1453 583 1581 613 ordinis
1615 584 1896 620 Vallisumbrose,
1935 590 1964 615 et
2002 585 2143 626 subjecti
2179 586 2290 617 eidem

1316 636 1511 666 monasterii
1527 641 1693 676 tamquam
1710 638 1894 668 membrum
1908 648 1968 669 suo
1984 639 2096 678 capiti,
2114 639 2222 670 dictus
2235 639 2289 670 do-

1317 689 1428 719 minus
1444 689 1601 720 Albertus
1620 690 1743 720 dictum
1762 691 2004 721 monasterium
2019 701 2084 721 una
2105 701 2180 722 cum
2192 700 2290 723 vene-

1316 741 1414 771 rabili
1433 746 1525 780 patre
1542 742 1694 781 episcopo
1710 743 1817 782 ipsius
1834 743 1980 774 civitatis
1994 744 2028 774 in
2045 744 2171 783 capella
2181 744 2291 776 sancti

1315 795 1453 825 Antonii
1470 795 1617 826 civitatis
1634 796 1783 836 ejusdem
1797 806 1830 827 se
1851 797 2019 827 transtulit
2035 802 2065 828 et
2082 797 2206 828 dictum
2218 807 2290 829 mo-

1316 849 1500 879 nasterium
1524 858 1598 879 cum
1621 855 1785 880 conventu
1808 855 1836 881 et
1857 851 1990 890 juribus
2015 852 2086 882 suis
2108 852 2289 883 transferre

1314 902 1503 940 procuravit
1526 906 1556 933 et
1581 903 1620 933 de
1648 903 1734 933 facto
1761 904 1931 933 transtulit
1956 913 2029 934 cum
2057 904 2095 934 de
2119 905 2194 944 jure
2221 913 2288 935 non

1314 958 1425 992 posset
1450 954 1537 984 dicto
1564 954 1682 985 abbate
1707 960 1737 985 et
1763 960 1926 985 conventu
1951 956 2151 987 inconsultis
2177 961 2209 987 et
2238 956 2288 988 eis

1315 1007 1548 1045 ignorantibus
1565 1011 1597 1037 et
1612 1007 1747 1038 invitis:
1766 1013 1794 1037 et
1809 1009 1967 1047 quasdam
1985 1018 2037 1038 res
2051 1009 2191 1040 mobiles
2202 1009 2296 1049 ejus--

1315 1059 1387 1089 dem
1413 1060 1609 1091 monasterii
1638 1060 1676 1091 de
1704 1061 1791 1091 dicto
1819 1062 2020 1091 monasterio
2047 1062 2228 1100 asportavit
2254 1066 2287 1093 et

1315 1113 1476 1152 asportari
1496 1113 1590 1149 fecit,
1611 1118 1641 1144 et
1658 1114 1804 1144 monitus
1821 1114 1861 1143 al)
1878 1114 1991 1144 eodem
2012 1114 2130 1145 abbate
2152 1119 2189 1145 ut
2207 1114 2308 1146 ohe?

1314 1166 1473 1196 dientiam
1488 1166 1553 1196 sibi
1571 1167 1711 1202 faceret,
1730 1172 1763 1196 ut
1788 1171 1918 1197 tenetur
1940 1177 2015 1197 cum
2037 1168 2080 1197 sit
2102 1167 2286 1199 monachus

1314 1219 1461 1258 ejusdem
1478 1219 1673 1249 monasterii
1691 1224 1722 1250 et
1741 1220 1889 1259 ejusdem
1907 1220 2138 1258 professionis,
2158 1221 2218 1252 hos
2233 1221 2285 1252 fa-

1314 1281 1387 1302 cere
1410 1272 1590 1308 recusavit,
1612 1277 1745 1311 propter
1767 1273 1853 1312 quod
1877 1282 1894 1302 a
1914 1273 2061 1312 predicto
2082 1274 2200 1304 abbate
2221 1274 2287 1305 suit

1314 1323 1463 1362 legitime
1481 1325 1803 1360 excommunicatus,
1824 1335 1888 1364 qua
1907 1330 2095 1365 contempta
2111 1327 2152 1357 al)
2170 1327 2287 1358 eodem

1314 1377 1446 1407 domino
1462 1377 1609 1413 Alberto,
1627 1378 1741 1407 divina
1757 1377 1863 1407 officia
1880 1378 2060 1409 celebravit
2075 1388 2133 1410 seu
2146 1379 2286 1418 propha-

1315 1430 1418 1460 navit.
1437 1430 1532 1461 Unde
1549 1431 1641 1469 petit,
1660 1431 1794 1461 nomine
1811 1431 1970 1470 ejusdem,
1985 1436 2022 1461 ut
2038 1432 2160 1462 dictam
2175 1436 2285 1464 trans-

1314 1482 1471 1512 lationem
1488 1483 1682 1513 monasterii
1699 1488 1864 1522 quatenus
1877 1484 1916 1514 de
1933 1485 2018 1514 sacto
2035 1485 2197 1523 processit
2212 1494 2286 1516 cas-

1314 1536 1394 1566 setis
1412 1541 1442 1566 et
1461 1536 1649 1567 irritetiset
1671 1546 1801 1567 cassam
1819 1542 1850 1567 et
1868 1537 1997 1567 irritam
2018 1541 2049 1568 et
2069 1537 2196 1568 nullius
2212 1547 2286 1570 esse

1275 1601 1288 1615 »
1306 1589 1465 1619 momenti
1482 1598 1541 1619 nec.
1556 1589 1679 1619 valoris
1695 1590 1919 1628 pronuntietis
1933 1594 1963 1620 et
1978 1599 2053 1620 eum
2067 1590 2284 1630 compellatis,

1312 1647 1347 1671 ut
1366 1651 1418 1671 res
1435 1652 1518 1681 quas
1535 1643 1713 1681 asportavit
1731 1652 1789 1673 seu
1807 1643 1970 1681 asportari
1986 1643 2065 1673 fecit
2081 1643 2120 1674 de
2139 1643 2286 1682 predicto

1312 1695 1514 1725 monasterio
1530 1695 1568 1725 de
1585 1695 1746 1726 Flumano
1758 1696 1911 1726 restituat
1927 1700 1959 1726 et
1969 1700 2005 1726 ut
2017 1696 2047 1727 ei
2060 1695 2286 1727 obedientiam

1313 1748 1477 1783 exhibeat,
1492 1753 1527 1778 ut
1541 1753 1682 1784 tenetur,
1695 1753 1726 1778 et
1740 1749 1860 1778 dictam
1874 1749 2074 1779 sententiam
2087 1749 2285 1780 auctoritate

1312 1801 1492 1839 apostolica
1515 1802 1705 1831 confirmari
1726 1806 1756 1831 et
1781 1801 2021 1832 inviolabiliter
2042 1801 2229 1837 observari,
2252 1804 2284 1832 et

1311 1864 1386 1885 eum
1404 1855 1443 1885 de
1460 1855 1616 1892 predict-is
1633 1855 1824 1885 excessibus
1842 1864 1924 1893 pena
1941 1855 2101 1885 canonica
2116 1855 2241 1894 puniri.

1312 1919 1325 1933 n
1351 1908 1492 1937 Econtra
1507 1907 1626 1942 Guido,
1644 1907 1824 1937 canonicus
1841 1906 2076 1943 Forolivensis,
2090 1910 2284 1945 procurator

1310 1960 1474 1990 dictorum
1487 1960 1632 1998 episcopi
1647 1965 1678 1990 et
1688 1960 1816 1990 Alberti
1829 1964 1941 1990 contra
1954 1960 2118 1998 predictos
2129 1959 2284 1990 abbatem

1309 2017 1340 2043 ct
1363 2017 1562 2043 conventum
1576 2012 1841 2043 Vallisumbrose
1859 2022 1896 2042 ac
1911 2013 2073 2043 Jacobum
2090 2016 2283 2051 procurato-

1309 2076 1379 2096 rem
1397 2067 1545 2104 ipsorum
1561 2065 1644 2095 alios
1659 2065 1791 2096 libellos
1806 2065 1926 2095 obtulit
1939 2066 1973 2095 in
1987 2066 2049 2096 hac
2062 2066 2169 2096 forma
2183 2075 2191 2095 z

1310 2131 1324 2146 »
1348 2120 1467 2150 Coram
1490 2119 1584 2149 vobis
1604 2119 1763 2157 magistro
1779 2118 1964 2154 Rostando,
1982 2119 2108 2149 domini
2127 2127 2210 2158 pape
2225 2127 2282 2150 ca-

1309 2171 1451 2210 pellano,
1469 2172 1618 2210 partibus
1635 2171 1824 2210 specialiter
1840 2171 1990 2202 auditore
2006 2180 2181 2206 concesso.
2199 2171 2281 2202 dicit

1309 2230 1340 2256 et
1362 2225 1514 2264 proponit
1534 2225 1657 2260 Guido,
1682 2224 1862 2254 canonicus
1885 2224 2139 2261 Foroliviensis‚
2160 2234 2281 2264 procu-

1308 2283 1397 2309 rator
1424 2277 1626 2309 venerabilis
1652 2278 1756 2316 patris
1785 2277 1911 2307 domini
1939 2277 2126 2315 Richelini,
2152 2277 2280 2309 Foroli-

1308 2332 1434 2362 viensis
1474 2331 1635 2370 episcopi,
1677 2334 1790 2360 contra
1826 2330 1979 2361 abbatem
2015 2335 2047 2361 et
2081 2334 2280 2362 conventum

1307 2384 1504 2415 monasterii
1539 2383 1802 2414 Vallisumbrosc
1838 2387 1868 2413 et
1901 2383 2062 2414 Jacobum
2093 2383 2132 2414 de
2168 2383 2294 2415 Aricio.
2335 2403 2340 2405 >

1307 2441 1554 2476 procuratorem
1570 2436 1728 2475 ipsorum,
1747 2436 1834 2475 quod
1851 2435 1938 2466 idem
1953 2435 2126 2474 episcopus
2142 2438 2174 2466 et
2189 2434 2280 2474 capi-
2336 2439 2341 2449 ·’

1307 2491 1414 2521 tulum
1443 2489 1681 2520 Foroliviensis
1709 2489 1865 2523 ecclesie,
1894 2488 2029 2527 provide
2056 2487 2277 2524 attendentes,

1308 2543 1396 2582 quod
1423 2543 1589 2581 quondam
1617 2542 1857 2571 monasterium
1880 2545 1993 2571 sancte
2015 2540 2121 2571 Marie
2145 2541 2184 2571 de
2199 2539 2278 2571 Flu-

1307 2605 1416 2631 mano,
1440 2596 1476 2625 in
1497 2595 1716 2625 Foroliviensi
1737 2595 1862 2625 diocesi
1881 2594 2099 2624 constitutum
2119 2597 2151 2624 et
2170 2593 2280 2624 eidem

1307 2649 1460 2688 episcopo
1487 2648 1690 2687 subjectum,
1717 2647 1966 2686 persecutiones
1990 2645 2153 2685 plurimas
2175 2645 2278 2676 susti-

1307 2702 1407 2732 nebat
1423 2706 1454 2732 et
1469 2701 1550 2731 adeo
1567 2701 1779 2739 premebatur
1800 2699 1992 2730 incursibus
2008 2698 2231 2737 malignorum
2245 2701 2278 2729 et

1307 2754 1448 2785 diversis
1473 2753 1725 2783 discriminibus
1752 2752 1893 2782 maxime
1920 2755 2052 2790 propter
2075 2751 2224 2781 virorum
2245 2753 2278 2782 et

1306 2807 1485 2838 mulierum
1506 2807 1729 2846 frequentiam
1749 2805 1955 2846 subjacebat,
1973 2805 2062 2844 quod
2075 2804 2194 2843 religio
2209 2812 2276 2835 non

1306 2861 1501 2891 servabatur
1522 2859 1647 2890 ibidem
1670 2868 1729 2889 nec
1750 2863 1878 2898 poterat
1896 2857 2065 2888 commode
2085 2857 2272 2893 observari3

2351 1917 2363 1926 -ι

2346 2209 2358 2219 r

2342 2278 2351 2291 δ
