2441 3330
184 206 223 240 40
908 200 1149 233 REGISTRES
1170 199 1478 230 D'ALEXANDRE
1499 199 1556 229 IV.

185 277 296 304 tatem.
314 271 407 303 Nulli
423 275 483 302 etc.
501 274 613 301 nostre
628 268 853 300 concessionis
869 272 930 299 etc.
947 269 1019 298 Dat.
1038 265 1188 306 Neapoli,

184 326 231 356 VI
246 324 321 354 idus
332 323 505 359 februarii,
523 331 609 353 anno
621 321 739 361 primo.
757 333 770 348 n

259 494 344 523 146
757 491 874 527 Names,
891 491 907 519 6
923 491 1026 518 fevrier
1041 490 1119 518 1255.

220 555 320 583 Eidem
338 556 501 583 facultatem
517 555 704 582 benedicendi
721 555 810 589 pallas
824 554 932 588 altaris,
949 554 1106 588 corporalia
1119 561 1192 588 quo-

185 613 241 641 que
264 613 298 632 ac
319 605 374 631 alia
396 604 563 631 indumenta
587 603 773 631 sacerdotalia
795 603 937 637 dandique
963 602 1192 629 benedictionem

186 654 294 689 primae
310 657 446 680 tonsurae
462 654 505 680 vel
521 661 643 680 coronae
658 652 741 686 (Rae.
759 652 804 686 24,
821 660 847 679 c.
866 651 940 684 131¹,
953 651 971 678 f.
987 651 1032 685 173
1047 650 1193 692 Porrmsr

188 700 296 735 15673.)

229 815 242 829 ι(
266 803 419 839 Gitiberto,
431 803 543 839 abbati,
556 808 582 832 et
593 804 756 832 conventui
772 802 952 831 monasterii
964 801 1064 830 sancti
1075 801 1193 830 Bertini

187 856 307 886 ordinis
334 858 434 886 sancti
464 857 632 892 Benedicti,
663 856 844 885 Morinensis
873 855 1007 883 diocesis.
1036 853 1194 883 Volentes

187 909 427 939 monasterium
446 913 593 939 vestrum
612 927 660 938 —.
682 909 756 938 Dat.
778 907 932 946 Neapoli,
950 907 1032 937 VIII
1049 906 1124 936 idus
1143 907 1194 936 fe-

187 961 326 997 bruarii,
344 971 431 992 anno
443 962 560 1000 primo.
581 974 593 988 »

263 1131 348 1159 ¹42
762 1130 878 1166 Naples,
894 1131 909 1158 8
925 1131 1028 1158 sevrier
1045 1131 1123 1159 1255.

224 1192 270 1219 Ad
286 1193 376 1219 instar
392 1192 412 1218 Ι.
432 1192 664 1227 praedecessoris
679 1201 777 1227 papae,
793 1193 842 1227 qui
857 1192 957 1219 statuit
973 1197 1001 1219 ut
1018 1201 1069 1219 nee
1083 1193 1195 1220 archic-

189 1241 327 1276 piscopus
344 1249 396 1267 nec
411 1241 567 1275 episcopus
580 1241 684 1275 aliquis
699 1249 841 1267 summam
858 1240 913 1266 1111
928 1249 1087 1268 marcarum
1105 1245 1196 1268 trans-

189 1289 324 1316 cenderet
343 1290 370 1315 iu
393 1289 479 1315 unius
501 1289 710 1323 procurationis
726 1289 892 1323 sumptibus
907 1289 1067 1323 exigendis,
1084 1289 1195 1317 inhibet

189 1336 341 1363 abbatibus
362 1336 471 1363 ordinis
490 1344 515 1363 s.
534 1336 682 1363 Benedicti
700 1336 856 1362 Remensis
872 1337 1036 1371 provinciae
1052 1345 1086 1364 ne
1102 1346 1117 1364 a
1133 1338 1196 1364 sin-

189 1385 265 1420 gulis
285 1385 419 1411 ecclesiis
439 1388 468 1411 et
486 1385 558 1411 locis
574 1392 673 1411 eorum
691 1385 762 1411 ultra
777 1384 861 1411 istam
877 1393 1019 1412 summam
1037 1386 1194 1420 requirant.

188 1433 272 1468 (Rea.
285 1434 329 1463 Ἡ,
347 1441 371 1460 c.
390 1433 450 1467 ¹32,
466 1433 485 1460 f.
504 1434 558 1466 17.)

231 1546 244 1561 «
268 1535 422 1564 L'niversis
439 1535 595 1564 abbatibus
614 1535 733 1563 ordinis
753 1536 853 1564 sancti
872 1536 1025 1564 Benedicti
1045 1537 1196 1565 Remensis

186 1588 356 1625 provincie.
372 1587 420 1616 Ne
435 1587 469 1615 in
481 1586 652 1616 exibendis
668 1586 895 1617 immoderatis
906 1587 1196 1625 procurationibus

189 1644 369 1670 onerentur
384 1638 523 1669 ecclesie
540 1648 576 1668 ae
591 1639 627 1668 in
643 1639 725 1677 ipsis
742 1640 976 1678 extorquendis
992 1640 1111 1678 prelati
1128 1649 1196 1670 eas-

190 1692 263 1722 dem
286 1692 461 1721 visitantes
484 1691 641 1722 ecclesias
665 1692 832 1731 querendo
853 1692 1029 1723 inhoneste
1052 1702 1115 1732 que
1136 1702 1196 1724 sua

190 1749 267 1775 sunt
281 1754 345 1775 non
363 1754 425 1783 que
442 1745 502 1774 Dei
519 1745 705 1774 animarum
722 1745 931 1783 dispendium
948 1746 1127 1783 patiantur,
1147 1747 1197 1776 se-

189 1797 264 1827 licis
286 1797 524 1827 recordationis
550 1798 575 1826 Ι.
601 1806 684 1835 papa
708 1797 920 1835 predecessor
946 1803 1057 1827 noster
1080 1799 1197 1828 statuti

189 1850 242 1880 sui
260 1850 390 1879 decreto
407 1859 443 1879 ex
465 1849 605 1888 injuncti
625 1850 689 1879 sibi
708 1849 806 1879 offleii
828 1850 1052 1880 sollieitudine
1069 1851 1197 1880 curavit

191 1902 370 1933 salubriter
393 1903 564 1940 providere
590 1902 827 1932 deliberatione
856 1903 991 1941 provida
1017 1904 1104 1933 inter
1131 1904 1197 1934 alia

190 1959 340 1984 statuens
360 1965 366 1983 z
393 1955 490 1993 quod,
515 1955 605 1984 salva
624 1955 658 1983 in
680 1955 880 1992 recipiendis
907 1956 1197 1993 procurationibus

190 2007 414 2037 moderatione
432 2007 563 2037 concilii
579 2008 754 2045 generalis,
772 2008 1123 2046 1101:archiepiscopus,
1137 2018 1197 2038 nec

192 2061 364 2099 episcopus
376 2060 498 2099 aliquis
511 2070 672 2090 summam
685 2062 973 2091 11110runu-varuxn
987 2062 1196 2091 transcendat

191 2113 226 2143 in
242 2114 343 2143 unius
354 2114 596 2151 procurationis
614 2114 800 2151 sumptibus
815 2114 997 2151 exigendis.
1011 2116 1078 2144 Nos
1095 2115 1198 2152 igitur

191 2166 338 2205 ejusdem
366 2166 609 2204 predecessoris
639 2167 790 2204 vestigiis
824 2166 1023 2202 inherendm
1062 2176 1102 2197 ne
1140 2176 1197 2197 vos

190 2218 356 2257 prioratus
375 2222 431 2247 aut
447 2218 558 2248 domos
580 2223 705 2248 vestras
726 2223 839 2248 eontra
861 2219 1051 2258 hujusmodi
1075 2220 1199 2250 consti—

192 2271 331 2301 tutionis
345 2272 450 2309 ipsius
468 2276 615 2300 tenorem
631 2276 687 2301 aut
704 2277 846 2302 mentem
865 2273 994 2309 gravari
1015 2273 1195 2309 contingat,

190 2327 327 2362 paterna
343 2324 490 2354 volentes
511 2324 734 2354 sollieitudine
756 2325 944 2362 proriderr.·‚
970 2326 1153 2355 sententias
1171 2326 1199 2355 si

193 2385 274 2414 quas
291 2376 498 2406 venerabiles
514 2378 634 2405 fratres
652 2377 755 2406 nostri
774 2400 806 2411 ..,
822 2378 998 2407 Renwnsis
1015 2378 1199 2416 archiepis-

193 2437 308 2466 copus,
327 2438 385 2457 sen
404 2429 547 2466 episcopi
567 2429 599 2457 in
621 2439 761 2467 quorum
779 2430 971 2459 civitatibus
992 2430 1042 2459 vel
1058 2432 1199 2461 diocesi-

193 2480 255 2510 bus
272 2481 447 2518 prioratus,
466 2481 581 2510 domus
598 2486 653 2510 aut
670 2482 807 2511 cet-lesio
824 2487 931 2512 vestre
948 2483 1133 2513 consistunt
1147 2484 1200 2513 ul-

193 2537 242 2563 tra
262 2542 424 2563 sunnnaln
447 2534 627 2571 predictam
648 2534 773 2573 aliquid
795 2540 907 2564 contra
929 2536 1043 2564 statuti
1060 2537 1200 2574 predicti

194 2590 340 2616 tenorem
368 2587 610 2624 procurationis
638 2588 770 2617 sunnine
803 2588 962 2625 exigmido
995 2599 1051 2626 per
1082 2600 1115 2619 se
1148 2589 1199 2620 vel

194 2638 295 2668 alium
313 2639 346 2667 in
368 2648 423 2667 vos
440 2648 498 2668 seu
519 2643 664 2668 vestrum
682 2639 824 2678 aliquem
844 2640 877 2669 id
897 2640 1023 2670 solvere
1042 2651 1200 2671 ret-usan-

194 2695 243 2721 tes
259 2691 409 2720 duxerint
428 2691 694 2729 promulgandas,
712 2693 916 2729 presentium
934 2695 1128 2724 auctoritate
1144 2695 1200 2724 dc-

194 2743 362 2773 cerninms
379 2753 443 2773 non
461 2748 571 2774 tencre
589 2749 616 2773 et
636 2745 760 2774 nullius
777 2746 916 2775 existere
933 2747 1110 2776 firmitatis.
1129 2748 1199 2777 Dis-

194 2795 325 2825 trictius
349 2796 486 2834 insuper
506 2797 698 2827 inhibemus
720 2807 760 2827 ne
788 2808 804 2826 a
825 2798 967 2835 singulis
999 2800 1200 2836 paulu-rilius

195 2848 346 2879 ecclesiis
368 2853 397 2879 et
420 2849 500 2879 locis
527 2850 647 2880 vestris
675 2855 825 2888 pretextu
848 2851 962 2880 statuti
983 2852 1137 2889 predicti,
1162 2862 1200 2882 ex

1273 273 1338 304 quo
1354 264 1507 295 volumus
1528 273 1594 295 non
1619 263 1823 302 gravaminis
1842 262 1971 294 insoliti
1995 262 2053 293 sed
2074 261 2168 292 utilis
2190 260 2281 292 leva-

1273 317 1375 347 minis
1394 316 1569 356 provenire
1595 316 1769 346 materiam
1791 318 1901 354 preter
1918 314 2052 345 solitum
2077 322 2207 344 summa
2227 321 2282 344 re-

1273 369 1426 409 quiratur
1443 368 1651 408 hujusmodi,
1675 368 1733 398 sed
1749 367 1961 398 contribuant
1985 366 2123 397 ecclesie
2147 374 2185 396 ac
2209 364 2283 396 loca

1273 422 1387 453 eadem
1410 431 1485 452 cum
1507 421 1583 452 aliis
1608 421 1643 451 in
1667 420 1859 460 hujusmodi
1876 418 2166 459 procurationibus
2187 417 2282 449 exhi-

1272 475 1402 510 bendis,
1416 475 1502 505 sicut
1517 474 1708 505 eorumdem
1721 473 1837 504 suadet
1851 472 1996 503 tenuitas
2011 477 2042 503 et
2055 471 2216 502 hactenus
2232 473 2282 502 est

1274 532 1450 558 servatum.
1468 527 1561 558 Nulli
1577 531 1638 557 etc.
1660 531 1771 557 nostre
1786 525 2035 556 constitutionis
2057 528 2089 555 et
2105 522 2283 554 inhibitio-

1275 581 1328 611 nis
1341 584 1403 611 etc.
1420 581 1492 610 Dat.
1511 579 1662 618 Neapoli,
1679 580 1725 610 VI
1741 579 1816 609 idus
1833 577 2007 613 februarii,
2028 585 2116 607 anno
2130 576 2246 616 primo.
2264 587 2280 604 n

1349 758 1434 787 ¹48
1830 755 1947 790 Naptes,
1966 754 1998 782 13
2013 754 2118 781 fevi-ier
2132 753 2211 781 1‘255.

1311 819 1442 855 Capitulo
1464 819 1673 845 Marturauensi
1694 818 1819 849 mandat,
1841 822 1871 844 ut
1891 816 2082 844 obedientiam
2099 819 2127 842 et
2147 823 2283 844 reveren-

1275 869 1344 895 tiam
1366 867 1490 894 debitam
1514 866 1660 902 impendat
1675 866 1824 901 Raynaldo
1839 865 1874 892 de
1890 866 2023 900 Aquino,
2040 868 2110 892 tunc
2125 864 2162 892 R.
2177 872 2203 892 s.
2218 863 2284 892 An-

1276 918 1331 952 geli
1348 917 1460 943 diaconi
1474 916 1627 943 cardinatis
1643 915 1798 950 capellano,
1812 914 1840 940 in
1851 915 2020 949 episcopum
2037 913 2284 940 Marturanensem

1276 964 1419 1000 praefecto
1442 963 1477 990 de
1499 963 1674 998 plenitudine
1699 962 1848 998 potestatis
1872 970 1970 997 papae.
1995 960 2079 995 (Rau.
2103 960 2147 994 24,
2170 968 2197 988 c.
2222 959 2283 992 ¹33.

1275 1014 1294 1040 f.
1313 1014 1362 1045 17·‚
1382 1012 1528 1040 Porrflss'r
1545 1012 1650 1040 15688.)

1319 1127 1332 1141 u
1357 1101 1497 1153 Capitulo
1521 1114 1762 1143 Marturanensi.
1793 1112 1950 1143 Debitum
1978 1111 2079 1142 officii
2104 1110 2211 1141 nostri
2233 1127 2283 1141 —.

1276 1168 1348 1197 Dat.
1368 1166 1518 1205 Neapoli,
1539 1166 1650 1196 idibus
1668 1165 1842 1201 februarii,
1859 1174 1946 1195 anno
1961 1165 2079 1203 primo.
2099 1176 2112 1190 n

1312 1277 1345 1304 In
1360 1286 1386 1305 e.
1404 1286 1441 1304 m.
1459 1278 1563 1312 populo
1578 1277 1703 1304 civitatis
1723 1281 1751 1303 et
1770 1276 1896 1303 diocesis
1915 1275 2175 1303 Mai-turanensium
2192 1283 2286 1310 usque

1278 1326 1474 1361 suscipientes
1496 1327 1588 1361 ipsius
1609 1326 1725 1352 monitis
1744 1329 1773 1351 et
1791 1325 1934 1351 mandatis
1953 1324 2118 1352 salubribus
2139 1324 2286 1351 humiliter

1277 1375 1443 1402 intendatis.
1460 1374 1526 1401 Dat.
1544 1378 1575 1402 ut
1589 1383 1686 1408 supra.

1353 1548 1437 1576 149
1828 1546 1946 1582 Naples,
1965 1547 2004 1573 1²r
2016 1546 2121 1574 fevi—ier
2137 1546 2215 1575 1255.

1315 1610 1545 1645 Archiepiscopo
1571 1609 1728 1636 Viennensi
1752 1609 1878 1641 mandat,
1902 1613 1933 1636 ut
1954 1610 2117 1644 Aymonem
2140 1613 2287 1636 cantorem

1279 1660 1419 1686 ecclesiae
1435 1658 1636 1685 Gebennensis
1650 1661 1678 1684 et
1692 1657 1835 1692 quondam
1850 1657 1966 1684 comitis
1981 1657 2182 1684 Gebenuensis
2197 1657 2288 1684 filium

1280 1708 1426 1743 praeficiat
1447 1707 1475 1733 in
1495 1707 1663 1742 episcopum
1683 1706 1823 1733 ecclesiae
1844 1705 2006 1733 Vivariensi
2026 1714 2098 1740 quae
2118 1705 2224 1732 dicitur
2239 1713 2289 1732 va-

1279 1764 1354 1783 care.
1373 1755 1455 1790 (Risu.
1473 1755 1522 1786 ⁶24,
1539 1763 1565 1782 c.
1584 1754 1647 1786 134,
1667 1755 1686 1781 f.
1707 1755 1756 1788 =17;
1774 1754 1951 1786 Hannonem,
1975 1755 2041 1781 Acta
2059 1754 2161 1787 pontif.
2178 1754 2286 1786 heluat„

1281 1811 1311 1831 n⁰
1327 1805 1401 1836 642.)

1322 1918 1335 1931 «
1360 1928 1392 1940 ..‚
1418 1906 1643 1942 archiepiscopo
1667 1905 1837 1933 Viennensi.
1862 1903 1957 1934 Sedis
1981 1902 2158 1942 apostolice
2181 1901 2290 1941 ampla

1279 1958 1469 1995 benignitas
1486 1962 1547 1987 etc.
1569 1966 1673 1995 usque
1691 1956 1821 1986 studeat
1841 1956 2006 1986 decorare.
2025 1956 2209 1986 Pensantes
2224 1954 2290 1993 igi-

1281 2015 1333 2040 tur
1349 2010 1556 2040 nobilitatem
1572 2019 1700 2039 morum
1714 2014 1745 2039 et
1757 2009 1888 2047 generis
1905 2009 2026 2047 quibus
2039 2008 2163 2047 pollere
2179 2008 2288 2038 dinos-

1281 2064 1366 2093 citur
1382 2063 1521 2093 dileetus
1539 2063 1628 2092 filins
1642 2064 1760 2101 Aymo,
1774 2067 1887 2092 cantor
1902 2061 2146 2096 Gebennensis,
2159 2069 2289 2091 necnon

1281 2120 1312 2146 et
1331 2116 1516 2146 devotionis
1542 2116 1650 2145 studia
1677 2115 1798 2154 quibus
1822 2120 1887 2145 tam
1910 2115 1980 2153 ipse
2003 2124 2102 2154 quam
2123 2113 2290 2153 quondam

1281 2177 1389 2198 eomes
1406 2168 1652 2203 Gebennensis,
1672 2172 1773 2206 pater,
1791 2168 1939 2207 ejusdem
1955 2168 2050 2198 Sedis
2066 2166 2290 2206 promeruisse

1282 2225 1464 2251 noscuntur
1484 2221 1625 2258 gratiam
1649 2225 1679 2250 ct
1704 2222 1866 2255 savorem,
1891 2229 1927 2249 ac
1951 2229 2009 2258 per
2031 2220 2092 2249 hoc
2117 2219 2289 2258 cupientes

1281 2275 1422 2304 eundem
1443 2279 1611 2304 cantorem
1630 2273 1786 2312 prosequi
1805 2273 2013 2311 prerogativa
2034 2272 2138 2310 gratie
2162 2271 2290 2310 specia-

1280 2327 1334 2362 lis,
1356 2327 1551 2356 mandamus
1577 2327 1734 2364 quatinus
1753 2325 1891 2355 ecclesie
1913 2325 2104 2355 Vivariensi
2124 2333 2188 2363 que
2206 2324 2290 2355 dici-

1282 2384 1335 2409 tur
1350 2389 1466 2409 vacare
1483 2381 1523 2409 ad
1544 2389 1681 2418 presens
1702 2384 1732 2409 ct
1753 2380 1846 2418 cujus
1864 2378 2138 2417 metropolitanus
2155 2377 2287 2414 diceris,

1283 2433 1311 2462 si
1334 2433 1480 2462 nondum
1500 2437 1549 2462 est
1569 2433 1597 2461 ei
1622 2432 1778 2461 canonice
1804 2432 1972 2469 provisum
1999 2431 2038 2461 de
2057 2430 2137 2465 alio,
2164 2430 2289 2460 dictum

1283 2490 1461 2519 cantorem,
1478 2494 1536 2523 per
1552 2485 1645 2523 cujus
1662 2484 1861 2514 industriam
1875 2489 2026 2522 speratur
2041 2492 2137 2522 posse
2152 2483 2226 2521 ipsa
2241 2491 2289 2513 ec-

1283 2538 1384 2568 elesia
1411 2542 1502 2575 grata
1528 2537 1562 2566 in
1592 2537 1829 2575 temporalilms
1859 2541 1889 2567 et
1919 2535 2151 2574 spiritualibus
2180 2535 2290 2565 incre-

1282 2595 1393 2620 menta
1408 2590 1586 2628 suscipere.
1604 2590 1756 2627 pretii-ias
1771 2590 1803 2618 in
1819 2589 2009 2627 episcopum
2025 2593 2055 2619 et
2071 2592 2236 2626 pastorem
2252 2595 2290 2617 ac

1283 2643 1314 2673 ei
1330 2643 1433 2672 facias
1452 2643 1492 2672 ab
1513 2643 1658 2681 ejusdem
1677 2642 1814 2671 ecclesie
1831 2641 1974 2679 capitulo
1991 2644 2022 2671 et
2037 2640 2124 2671 clero
2143 2639 2290 2670 civitatis

1283 2699 1313 2725 ct
1330 2695 1471 2725 diocesis
1484 2695 1731 2725 Vivariensium
1748 2705 1783 2724 ae
1800 2694 1876 2724 aliis
1890 2694 1961 2733 ejus
1978 2693 2121 2723 subditis
2136 2691 2289 2722 obedien-

1283 2748 1363 2777 tiam
1380 2752 1409 2777 et
1428 2748 1649 2777 reverentiam
1668 2747 1812 2777 debitam
1828 2746 1989 2777 exhiberi.
2008 2744 2288 2776 Contradictores.

1283 2801 1358 2830 Non
1374 2801 1524 2830 obstante
1541 2800 1627 2839 quod
1647 2800 1733 2829 idem
1750 2804 1864 2829 cantor
1880 2808 1944 2829 non
1961 2802 2010 2829 est
2029 2798 2064 2827 in
2081 2796 2184 2827 sacris
2199 2795 2290 2827 ordi-

1285 2853 1384 2883 nibus
1400 2853 1611 2887 constitutus,
1627 2853 1678 2883 vel
1694 2853 1722 2882 si
1739 2852 1908 2891 aliquibus
1924 2869 1970 2880 —.
1989 2851 2058 2880 Nos
2071 2850 2160 2879 enim
2175 2848 2289 2879 decer-
