2498 3325
250 231 310 260 446
976 229 1216 260 REGISTRES
1237 229 1544 260 D'ALEXANDRE
1567 231 1623 261 IV.

251 297 286 326 de
304 298 440 333 fratrum
459 296 687 325 Prediccztorum
707 300 732 324 et
748 297 901 324 Mineruia
919 296 1091 325 ordinibus.
1109 295 1172 332 Qui
1185 295 1258 334 jus-

252 348 295 378 tis
320 353 381 378 etc.
408 366 446 370 —
470 349 543 378 Dat.
573 348 741 385 Anagnie⁷
767 348 831 378 XII
859 347 1018 378 kalendas
1042 347 1254 386 septembris,

251 409 338 430 anno
352 400 506 430 secundo.
527 412 539 426 ))

325 557 344 584 Ι
353 556 443 585 450

285 618 491 645 Monastcrium
515 619 637 646 Sanctae
660 619 762 646 Crucis
784 619 914 647 Saxinini
935 622 1058 656 ejusque
1080 621 1208 648 membra
1228 625 1257 648 ct

248 668 452 701 possessiones
465 667 598 701 suscipit,
613 669 679 702 jura
693 672 721 694 et
733 669 883 703 privilegia
894 670 1099 696 enumerando.
1115 670 1196 701 (Rau.
1209 670 1254 702 24,

246 715 266 742 f.
282 714 342 748 192),
359 722 425 741 ann.
448 714 483 746 11,
500 723 526 742 c.
543 715 617 748 363.)

826 558 951 592 Anagni,
971 558 1003 585 ‘28
1019 558 1183 585 1101111ἳὸ6.

287 828 301 842 (1
318 816 442 853 Anyelo,
461 816 561 845 abbati
580 818 760 846 monasterii
775 817 884 847 Sancte
900 819 1007 848 Crucis
1023 819 1184 856 Saoeimni,
1204 830 1255 850 or-

245 869 330 898 dinis
354 870 454 898 saneti
475 870 642 904 Benedicti,
663 871 785 907 ejusque
808 872 960 907 fratribus
984 877 1043 901 tam
1066 875 1255 911 presentibus

245 931 339 960 quam
358 923 490 958 suturis,
516 923 687 958 requtarem
714 923 811 951 vitam
833 925 977 961 professis
1003 926 1034 954 ιή
1058 932 1252 963 perpetuum.

245 974 448 1012 Religiosam
473 975 574 1004 vitam
599 974 800 1011 eligentibus
818 976 904 1015 [eto]
924 986 1030 1016 usque
1051 988 1057 1006 z
1078 978 1252 1016 infringat.

245 1028 435 1065 Eapropter,
451 1027 562 1057 dilecti
579 1028 613 1056 in
628 1028 768 1058 Domino
784 1028 856 1062 filii,
870 1030 990 1060 vestris
1006 1031 1254 1069 supplicationi-

244 1080 306 1110 bus
325 1084 527 1110 annuentes.
548 1081 786 1110 monasterium
804 1081 922 1112 Sancte
943 1082 1059 1113 Crucis
1077 1084 1249 1120 Xaxinini,

242 1133 278 1162 in
294 1141 358 1171 quo
374 1132 487 1161 divino
504 1133 682 1171 mancipati
699 1134 779 1163 estis
796 1134 965 1173 obsequio,
982 1136 1069 1174 quod
1087 1146 1161 1166 cum
1177 1146 1252 1176 per-

243 1185 335 1215 sonis
351 1189 382 1215 et
395 1185 549 1215 omnibus
568 1185 656 1215 infra
674 1186 855 1217 nominatis
872 1187 1022 1218 ecclesiis
1039 1193 1070 1218 et
1083 1189 1159 1219 aliis
1178 1199 1252 1228 per-

242 1238 395 1268 tinentiis
414 1238 499 1272 51115,
519 1238 576 1267 1110
597 1238 765 1268 dumtaxat
787 1239 821 1268 in
845 1240 981 1278 capellis
1001 1242 1120 1271 vestris
1142 1242 1253 1273 dioce-

243 1290 335 1320 sanis
354 1291 516 1329 episcopis
536 1291 611 1330 jure
633 1291 739 1326 salvo,
760 1292 846 1330 quod
863 1293 911 1323 eis
934 1302 951 1322 a
975 1297 1119 1332 tempore
1143 1295 1252 1326 felicis

240 1343 481 1373 recordationis
505 1344 549 1378 J.,
574 1352 654 1381 pape
675 1345 716 1379 II,
743 1345 987 1382 predecessoris
1014 1347 1135 1382 nostri.
1153 1357 1252 1386 quem

242 1395 456 1433 cognovimus
470 1397 709 1426 monasterium
727 1397 848 1435 ipsum,
866 1407 940 1428 cum
957 1399 1118 1435 000105115,
1139 1409 1252 1438 perso-

242 1448 296 1478 nis
323 1451 354 1477 et
379 1448 590 1486 pertinentiis
612 1449 697 1484 suis,
715 1449 863 1480 libertati
889 1451 1045 1487 donasse,
1067 1452 1252 1483 dinoscitur

242 1500 459 1539 acquisitum,
490 1501 642 1531 volumus
668 1502 708 1531 ad
737 1503 921 1533 Romanam
951 1504 1134 1535 Ecclesiam
1160 1506 1252 1536 nullo

242 1553 352 1583 medio
368 1554 550 1591 pertinere,
573 1554 634 1584 sub
651 1555 739 1585 beati
760 1556 850 1586 Petri
868 1561 899 1587 et
918 1561 1030 1587 nostra
1049 1559 1251 1596 protectione

243 1606 445 1644 suscipimus
455 1610 485 1635 et
497 1607 661 1644 presentis
672 1608 785 1646 scripti
798 1610 982 1647 patrocinio
994 1612 1248 1649 communimus,

242 1666 280 1688 ac
302 1658 342 1688 de
360 1659 499 1688 consilio
521 1660 661 1689 fratrum
685 1664 872 1691 nostrorum
895 1662 935 1692 ab
959 1663 1049 1692 omni
1072 1664 1252 1703 episcopali

243 1719 379 1748 prorsus
396 1711 571 1741 eximimus
587 1717 758 1750 potestate.

283 1763 322 1792 In
339 1763 460 1801 quihus
478 1763 538 1793 hec
552 1765 694 1803 propriis
712 1765 865 1797 duximus
880 1768 1092 1806 exprimenda
1109 1770 1252 1800 vocabu-

242 1815 286 1845 lis
304 1825 311 1844 :
328 1815 435 1845 locum
451 1816 571 1854 ipsum,
588 1817 623 1846 in
638 1827 702 1856 quo
716 1820 880 1856 prefatum
895 1823 1132 1851 monasterium
1150 1823 1251 1853 situm

244 1872 304 1904 est,
322 1877 395 1898 cum
414 1870 564 1907 personis
581 1874 611 1899 et
628 1871 704 1901 aliis
720 1872 932 1909 pertinentiis
952 1874 1033 1904 suis.
1051 1876 1251 1906 Demanium

243 1921 330 1959 quod
348 1920 477 1951 habetis
494 1922 528 1951 in
546 1922 630 1953 valle
653 1923 691 1953 de
709 1924 841 1962 Scoplo,
861 1934 935 1955 cum
953 1926 1161 1964 hominibus,
1176 1939 1250 1960 mo-

241 1971 404 2005 lendinis.
422 1973 690 2010 possessionibus
707 1979 739 2005 et
755 1975 830 2006 aliis
847 1977 1058 2014 pertinentiis
1081 1980 1163 2009 suis.
1185 1982 1251 2011 De-

242 2024 391 2053 manium
407 2025 493 2063 quod
509 2025 639 2056 habetis
655 2026 690 2056 111
708 2027 829 2058 Massis
845 2029 883 2058 de
901 2029 990 2060 Colle
1008 2032 1151 2061 Perusii.

281 2077 394 2113 Rome,
411 2076 585 2107 ecclesiam
603 2079 797 2109 Sanctorum
809 2081 957 2117 Quatuor
968 2083 1205 2115 Coronatorum
1219 2091 1250 2116 et

241 2127 416 2158 ecclesiam
434 2130 629 2160 Sanctorum
647 2132 755 2170 Sergii
773 2137 803 2162 et
818 2133 934 2163 Bachi.

281 2181 321 2209 In
337 2180 526 2219 episcopatu
541 2182 728 2220 Spoletano‚
743 2184 916 2215 ecclesiam
931 2187 1049 2218 Sancte
1061 2189 1246 2227 Trinitatis,

242 2232 417 2262 ecclesiam
433 2234 545 2263 Sancti
559 2235 765 2272 Apolenaris,
779 2237 954 2268 ecclesiam
971 2240 1084 2270 Sancti
1101 2242 1249 2273 Lauren-

243 2284 294 2319 tii,
305 2284 479 2314 ecclesiam
491 2286 603 2316 Sancti
615 2288 734 2325 Angeli
747 2289 785 2319 de
796 2290 906 2320 Monte
916 2291 1058 2329 publico,
1073 2294 1247 2325 ecclesiam

242 2337 357 2366 Sancti
366 2337 501 2366 Martini
515 2338 552 2368 de
563 2339 866 2375 Narco,ecclesiam
883 2343 996 2373 Sancti
1011 2345 1192 2378 Salvatoris
1209 2348 1248 2379 de

240 2389 374 2425 Usinio‚
388 2390 561 2420 ecclesiam
578 2392 690 2422 Sancti
704 2394 876 2424 Fortunati
893 2396 931 2426 de
947 2397 1053 2434 primo
1070 2408 1158 2435 casu,
1173 2410 1247 2430 cum

242 2441 378 2480 capellis
402 2442 486 2478 suis,
506 2443 659 2474 videlicet
678 2446 791 2475 Sancti
807 2448 925 2477 Eutitii
941 2450 1061 2488 Vespie
1082 2455 1112 2481 et
1129 2453 1248 2484 Sancte

241 2493 342 2523 Lucie
365 2494 404 2524 de
424 2495 539 2530 Ferro,
561 2496 733 2527 ecclesiam
754 2499 866 2529 Sancti
883 2502 1055 2533 Laurentii
1078 2505 1248 2538 Heremite

240 2545 414 2582 Cervarie‚
445 2547 619 2578 ecclesiam
650 2550 768 2581 Sancte
798 2552 902 2583 Mario
927 2555 1096 2587 Hei-emite
1124 2559 1247 2590 Montis

240 2598 379 2634 Caballi‚
394 2599 568 2630 ecclesiam
585 2602 697 2632 Sancti
713 2604 843 2635 Andree
861 2606 898 2635 tle
915 2607 1058 2644 Maiano⁷
1073 2611 1248 2642 ecclesiam

241 2651 355 2680 Sancti
372 2651 502 2682 Nicolai
521 2653 559 2682 de
576 2654 741 2691 Meuania,
760 2657 934 2688 ecclesiam
952 2660 1064 2691 Sancti
1081 2664 1246 2695 Ansuvini

242 2703 281 2733 de
296 2703 402 2742 Capro
418 2709 449 2734 et
465 2705 639 2736 ecclesiam
657 2708 770 2738 Sancti
788 2711 946 2741 Venantii
966 2714 1004 2743 de
1022 2715 1141 2753 SpellO.

279 2757 319 2786 In
342 2757 532 2796 episcopatu
555 2760 838 2799 Intemprancnsi‚
857 2764 1030 2795 ecclesiam
1051 2768 1163 2800 Sancti
1186 2771 1248 2801 Ni-

240 2808 337 2839 colai.

279 2862 318 2890 In
335 2861 526 2900 episcopatu
544 2863 733 2898 Ortanensi.
752 2867 925 2898 ecclesiam
943 2871 1055 2902 Sancti
1071 2875 1198 2905 Jacobi.

1380 296 1418 324 In
1436 295 1627 334 episcopatu
1639 296 1835 332 Amcliensi,
1849 297 2023 328 ecclesiam
2040 299 2159 329 Sancte
2173 299 2348 330 Trinitatis

1339 351 1369 377 et
1387 347 1500 378 Sancti
1518 348 1698 378 Pancratii.

1379 401 1417 430 In
1435 401 1625 439 episcopatu
1642 401 1913 440 Balneoregensi,
1934 402 2108 434 ecclesiam
2122 404 2235 435 Sancti
2254 405 2348 436 Libe-

1338 453 1403 482 rati
1420 453 1459 483 de
1477 454 1669 491 Mugniano.

1379 506 1416 535 In
1442 505 1631 544 episcopatu
1651 507 1877 543 Uibevetano,
1896 507 2070 538 ecclesiam
2092 509 2211 540 Sancte
2230 509 2348 541 Crucis

1338 566 1412 587 cum
1431 558 1555 596 capella
1573 559 1686 589 Sancti
1706 560 1831 597 Egiffii,
1850 564 1881 590 et
1897 560 2071 591 ecclesiam
2089 562 2202 592 Sancti
2217 561 2348 592 Nicolai

1339 611 1473 641 Hei-emi
1492 612 1651 647 Luniani‚
1671 621 1744 642 cum
1768 613 1893 652 capella
1910 614 2022 644 Sancti
2038 614 2158 652 Angeli
2181 614 2220 645 de
2239 616 2349 646 Rocca

1338 663 1440 693 Berli.

1378 717 1416 746 In
1434 717 1624 755 episcopatu
1635 718 1827 754 Tudertino,
1845 717 2020 748 ecclesiam
2037 719 2150 749 Sancti
2162 719 2292 750 Nicolai
2307 719 2348 750 de

1338 769 1462 808 Criptis
1479 774 1510 799 et
1526 770 1699 800 ecclesiam
1718 772 1831 802 Sancti
1847 771 1984 802 Martini
2003 772 2041 803 de
2058 773 2206 802 Petroro.

1378 823 1415 852 In
1433 823 1624 861 episcopatu
1641 824 1819 858 Perusino,
1845 824 2020 855 ecclesiam
2043 825 2162 856 Sancte
2181 825 2286 856 Marie
2306 825 2346 856 de

1337 875 1465 906 Clivcto
1482 880 1513 906 et
1531 876 1704 906 ecclesiam
1723 877 1835 907 Sancti
1852 877 1981 907 Nicolai
1998 878 2032 907 in
2049 877 2151 909 Colle.

1378 929 1416 958 In
1441 928 1631 966 episcopatu
1657 929 1838 964 Asisinati,
1865 929 2039 960 ecclesiam
2063 930 2176 960 Sancti
2200 929 2342 967 Mathei,

1337 989 1410 1010 cum
1425 980 1549 1019 capella
1564 981 1676 1011 Sancti
1688 981 1806 1019 Angcli
1821 982 1859 1012 de
1871 983 1987 1012 Tracta
2000 986 2031 1012 et
2043 982 2217 1012 ecclesiam
2233 982 2347 1014 Sancti

1336 1033 1534 1072 Apolcnaris
1544 1034 1582 1064 de
1596 1034 1744 1070 Sambr0,
1758 1035 1961 1065 monasterio
1976 1039 2085 1065 vestro
2097 1044 2115 1065 a
2126 1035 2211 1066 bone
2226 1044 2347 1066 memo-

1338 1087 1388 1117 rie
1406 1086 1535 1117 Pascali
1552 1096 1635 1125 papa
1651 1087 1683 1116 II
1700 1091 1858 1126 tanquam
1871 1088 2056 1118 membrum
2072 1088 2172 1126 capiti
2192 1088 2347 1128 conjunc-

1336 1144 1405 1169 tum
1429 1143 1604 1178 perpetuo,
1629 1140 1714 1170 sicut
1732 1140 1767 1169 in
1791 1140 1897 1178 ipsius
1921 1140 2096 1179 privilegio
2117 1140 2346 1179 perspeximus

1335 1192 1511 1222 contineri.

1376 1246 1415 1274 In
1434 1245 1625 1283 episcopatu
1641 1245 1884 1281 Carmei-issensi,
1903 1245 2077 1276 ecclesiam
2094 1246 2207 1276 Sancti
2225 1245 2346 1285 Angeli

1335 1303 1364 1329 et
1384 1298 1557 1328 ecclesiam
1575 1298 1687 1328 Sancti
1707 1298 1836 1328 Nicolai
1852 1298 1960 1329 Vallis
1976 1299 2130 1329 Partane.

1374 1353 1412 1382 In
1441 1352 1632 1390 episcopatu
1663 1351 1844 1389 Fulginati,
1871 1351 2047 1382 ecclesiam
2074 1351 2188 1382 Sancti
2213 1350 2346 1382 Nicolai

1335 1409 1365 1435 et
1382 1404 1556 1434 ecclesiam
1573 1404 1687 1434 Sancti
1703 1404 1833 1434 Nicolai
1849 1404 1888 1434 de
1902 1404 2038 1434 Guesia.

1374 1456 1466 1486 Nulli
1483 1465 1560 1493 ergo
1577 1456 1729 1494 episcopo
1743 1456 1886 1486 facultas
1902 1457 1945 1486 sit
1961 1456 1995 1486 in
2013 1457 2126 1487 eodem
2143 1456 2346 1488 monasterio

1334 1514 1365 1540 et
1388 1510 1422 1539 in
1447 1509 1605 1548 predictis
1628 1509 1790 1541 ecclesiis.
1808 1509 1960 1548 personis
1983 1513 2015 1540 et
2039 1509 2116 1540 aliis
2132 1509 2345 1548 pertinentiis

1335 1563 1405 1593 suis
1421 1566 1616 1601 potestatem
1635 1562 1783 1601 aliquam
1799 1570 1967 1598 exercere,
1986 1562 2045 1592 sed
2066 1571 2196 1600 semper
2213 1561 2275 1592 sub
2289 1562 2346 1602 ju-

1333 1615 1528 1645 risdictione
1552 1619 1664 1645 sancte
1688 1616 1836 1645 Romane
1855 1614 2002 1645 Ecclesie
2019 1615 2124 1646 libere
2145 1622 2346 1645 conserven-

1334 1672 1397 1698 tur.
1418 1669 1573 1698 Preterea
1589 1667 1698 1698 oleum
1720 1672 1887 1703 sanctum,
1907 1667 2174 1697 consecrationes
2189 1666 2344 1697 altarium

1335 1731 1393 1752 seu
1409 1721 1642 1757 basilicarum,
1660 1721 1888 1751 ordinationes
1911 1720 2149 1750 monachorum
2168 1720 2238 1750 sive
2256 1723 2345 1750 cete-

1334 1784 1446 1805 rorum
1469 1774 1681 1810 clericorum,
1706 1774 1763 1813 qui
1787 1774 1826 1803 ad
1850 1773 2094 1804 ecclesiasticos
2115 1777 2192 1803 sunt
2210 1772 2345 1803 ordines

1332 1826 1558 1866 promovendi,
1573 1836 1589 1856 a
1605 1835 1669 1865 quo
1683 1826 1856 1856 volueritis
1873 1825 2035 1855 catholico
2052 1825 2244 1864 suscipiatis
2255 1824 2345 1863 epis-

1333 1888 1424 1918 copo.
1446 1880 1546 1909 Porro
1564 1879 1592 1909 si
1609 1879 1754 1917 episcopi
1773 1878 1823 1908 vel
1838 1878 1896 1908 alii
1913 1877 2130 1908 ecclesiarum
2146 1881 2292 1908 rectores
2306 1877 2344 1908 in

1333 1931 1588 1967 monasterium,
1609 1931 1767 1961 ecclesias
1783 1930 1835 1961 vel
1851 1939 2011 1969 personas
2027 1930 2063 1960 in
2077 1929 2203 1960 eisdem
2219 1929 2345 1960 consti-

1333 1988 1436 2019 tutas⁷
1459 1983 1706 2022 suspensionis,
1729 1983 2082 2013 excommunicationis
2103 1982 2155 2013 vel
2172 1981 2344 2013 interdicti

1333 2037 1534 2067 sententiam
1549 2036 1844 2074 promulgaverint,
1862 2036 1969 2074 ipsam
1983 2039 2153 2074 tamquam
2165 2039 2279 2065 contra
2288 2034 2343 2066 Se-

1333 2090 1383 2120 dis
1397 2089 1575 2128 apostolice
1587 2089 1716 2119 indulta
1732 2089 1892 2127 prolatam
1911 2089 2121 2119 decernimus
2139 2096 2204 2118 non
2216 2092 2341 2119 tenere.

1332 2143 1415 2174 Cum
1438 2146 1548 2172 autem
1571 2142 1724 2180 generale
1754 2141 1969 2171 interdictum
1994 2146 2080 2171 terre
2105 2141 2222 2176 fuerit,
2243 2140 2343 2170 liceat

1332 2195 1436 2230 vobis,
1455 2194 1578 2224 clausis
1591 2195 1721 2234 januis,
1742 2203 1806 2223 non
1830 2194 1971 2232 pulsatis
1991 2193 2175 2232 campanis,
2198 2191 2343 2223 exclusis

1332 2247 1626 2277 excommunicatis
1647 2256 1705 2277 seu
1732 2247 1938 2282 interdictis,
1967 2246 2146 2285 subpressa
2171 2254 2265 2281 voce,
2290 2244 2342 2275 di-

1331 2301 1409 2330 vina
1425 2300 1533 2329 officia
1548 2299 1730 2336 celebrare,
1750 2299 1926 2329 dummodo
1942 2307 2076 2329 causam
2100 2306 2166 2328 non
2182 2296 2341 2328 dederitis

1330 2352 1517 2382 interdicto.
1536 2352 1622 2382 Sane
1637 2352 1782 2382 decimas
1798 2351 1950 2381 laborum
1961 2355 2146 2381 vestrorum
2161 2350 2200 2380 de
2213 2348 2340 2388 posses-

1332 2405 1484 2435 sionibus
1510 2405 1634 2435 habitis
1658 2409 1733 2434 ante
1753 2404 1932 2434 concilium
1955 2403 2109 2442 generale
2133 2412 2192 2433 seu
2213 2401 2342 2432 manci-

1329 2459 1471 2497 piorum,
1489 2458 1609 2488 vestris
1625 2462 1783 2497 perpetuo
1800 2457 1918 2488 usibus
1934 2456 2173 2495 mancipandas
2189 2454 2342 2486 decerni-

1330 2521 1416 2542 mus.
1434 2512 1546 2541 Liceat
1562 2520 1692 2550 quoque
1710 2511 1803 2541 vobis
1822 2510 1960 2540 clericos
1975 2509 2026 2540 vel
2041 2509 2155 2545 laicos,
2169 2508 2293 2538 liberos
2309 2509 2342 2537 et

1331 2564 1514 2599 absolutos,
1535 2573 1552 2594 e
1573 2564 1684 2594 seculo
1709 2564 1893 2601 fugientes,
1919 2562 1958 2592 ad
1982 2561 2233 2592 conversionem
2254 2558 2341 2590 reci-

1329 2626 1406 2655 pere
1420 2621 1451 2646 et
1470 2626 1525 2647 eos
1542 2617 1666 2655 absque
1683 2615 1944 2646 contradictione
1960 2614 2073 2654 aliqua
2088 2614 2245 2644 retinere.
2264 2613 2340 2642 Pro-

1330 2669 1484 2699 hibemus
1500 2669 1648 2708 insuper,
1663 2674 1698 2699 ut
1714 2669 1799 2699 nulli
1810 2669 1951 2698 fratrum
1967 2671 2167 2701 vestrorum,
2182 2668 2256 2703 post
2270 2664 2342 2694 fac-

1331 2727 1397 2752 tam
1422 2722 1457 2751 in
1480 2722 1682 2752 monasterio
1705 2726 1814 2752 vestro
1833 2720 2076 2760 professionem
2094 2718 2183 2757 [etc.]
2207 2725 2338 2756 usque:

1329 2775 1486 2805 retinere.
1501 2775 1595 2811 Quod
1610 2775 1639 2804 si
1653 2775 1728 2813 quis
1742 2775 1825 2804 sorte
1842 2778 1987 2804 retraere
2003 2770 2250 2811 presumpserit,
2267 2768 2339 2798 lici-

1330 2831 1400 2857 tum
1416 2827 1509 2857 vobis
1528 2827 1569 2857 sit
1587 2828 1621 2856 in
1642 2827 1732 2866 ipsos
1748 2825 1927 2856 monachos
1944 2824 1996 2855 vel
2011 2831 2188 2854 conversos
2206 2820 2339 2860 regula-

1330 2889 1400 2910 rem
1417 2880 1617 2910 sententiam
1634 2879 1860 2918 promulgare,
1878 2877 1963 2908 illud
1977 2876 2163 2907 districtius
2180 2873 2340 2904 inhiben-

2462 3030 2495 3325 mtfivw
2480 2893 2494 3017 «μισ.-.
