2498 3325
231 270 288 299 416
954 267 1192 298 REGtSTRES
1213 267 1520 298 D'ALEXANDRE
1543 269 1599 298 IV.

235 350 246 361 »
271 335 525 365 obventionibus
556 335 624 363 sire
650 334 864 372 proventibus
894 334 1175 373 quibuscumque,
1202 334 1235 362 in

234 402 246 414 2,
272 398 335 427 qua
358 388 411 426 jus
439 391 630 425 patronatus
657 387 814 416 obtinetis
841 396 877 415 cx
903 387 1054 425 antiquo,
1080 386 1236 423 Argenti-

234 454 246 467 »
272 440 386 470 nensis
409 439 566 473 diocesis,
590 439 834 477 quamprimum
855 439 961 477 ipsam
987 448 1101 468 vacare
1130 439 1236 469 conti-

233 506 246 520 ι,
272 493 365 530 gerit,
385 492 481 520 liceat
501 491 592 521 vobis
617 492 657 520 ad
683 500 831 520 mensam
853 497 994 522 vestram
1014 501 1233 527 communem,

234 559 246 572 »
272 555 334 584 que
351 545 510 574 hacteuus
523 545 604 574 satis
623 545 732 574 tenuis
749 545 856 574 extitit
873 550 903 575 et
917 545 1023 575 adhuc
1041 545 1159 575 extitit.
1178 545 1235 574 ab·

234 612 246 624 »
271 598 388 631 solute,
409 597 507 627 simul
528 602 558 627 ct
579 597 681 627 libere
698 598 853 632 iustinere,
873 602 904 627 ct
922 598 1123 636 corporalem
1146 598 1234 636 ejus-

232 664 244 677 »
271 651 344 679 dem
363 650 607 688 psffifflrssionern
626 660 682 688 per
700 660 755 679 vos
774 650 823 679 vel
848 660 904 689 per
923 650 1067 689 aliquem
1087 660 1124 680 ex
1143 651 1234 681 vobis

232 717 245 730 »
271 704 394 732 intrare
416 707 446 732 et
466 707 621 741 perpetuo
638 703 818 742 possidere,
842 708 875 733 ut
899 713 936 733 ex
959 704 1112 733 uberiore
1128 704 1234 734 refec-

231 769 244 782 »
270 756 370 785 tionis
400 755 624 785 consolatione
654 756 825 786 uberiores
848 757 916 786 Deo
938 757 1061 793 gratias
1085 760 1231 793 agentes,

230 821 244 835 »
268 808 391 837 divinis
415 808 584 846 obsequiis
605 808 744 839 liberius
768 809 951 844 insistatis,
972 814 1233 848 perpetuumque

230 874 244 889 »
268 861 429 891 vicarium
448 870 577 899 semper
593 862 626 890 in
645 862 758 892 eadem
780 862 819 891 ad
837 871 948 892 curam
968 862 1154 892 animarum
1174 862 1234 892 ha-

230 927 243 942 »
268 914 407 944 bendani
425 918 455 944 et
476 924 577 945 onera
597 915 744 954 ejusdem
767 915 906 946 ecclesie
927 916 1143 946 sustentanda
1160 926 1234 954 pre-

229 979 243 994 »
268 971 397 997 sentare
415 966 564 1002 valeatis,
583 968 793 1006 assignantes
810 968 916 999 eidem
931 969 1130 1007 prehendam
1146 969 1233 999 unde

230 1033 243 1047 »
267 1020 372 1050 valeat
389 1021 582 1050 sustentari.
600 1021 668 1051 Nos
682 1021 771 1051 enim
788 1030 916 1051 exnunc
931 1022 1140 1052 decernimus
1156 1022 1234 1051 irri-

230 1086 242 1099 »
268 1078 337 1103 tum
362 1078 392 1102 et
415 1073 515 1103 inane
534 1078 564 1104 et
583 1074 715 1112 penitus
735 1074 862 1104 viribus
884 1084 995 1105 carere
1020 1075 1179 1114 quicquid
1195 1076 1233 1106 de

229 1139 242 1153 »
266 1131 374 1157 cetero
391 1136 407 1156 a
426 1135 592 1166 quoquam
607 1127 781 1157 hominum
798 1131 912 1157 eontra
930 1127 1095 1157 indultum
1115 1128 1233 1167 hujus-

230 1192 242 1206 »
266 1179 354 1209 modi
386 1179 488 1209 fuerit
515 1183 762 1217 attemptatum,
793 1180 943 1210 nolentes
968 1185 1019 1211 ut.
1049 1181 1077 1210 si
1105 1181 1233 1220 aliquid

229 1245 242 1258 »
267 1236 494 1270 attemptatum
512 1232 624 1267 suerit,
641 1241 678 1262 ex
692 1232 753 1262 hoc
770 1232 863 1262 vobis
880 1237 911 1263 et
925 1233 1044 1263 vestris
1061 1242 1232 1264 successo-

228 1298 242 1311 »
266 1285 359 1314 ribus
376 1284 509 1323 aliquod
525 1285 746 1324 prejudicium
763 1286 915 1323 generari
929 1286 1069 1325 [possit].
1082 1287 1120 1316 In
1137 1287 1232 1326 cujus

229 1350 242 1364 »
266 1338 313 1367 rei
331 1338 541 1374 evidentiam,
560 1343 595 1367 ut
612 1347 748 1376 presens
764 1339 887 1368 factum
905 1339 1049 1369 debitam
1062 1340 1185 1378 pariter
1202 1344 1233 1370 et

229 1403 241 1417 n
266 1390 497 1420 inconcussam
519 1385 658 1429 recipiat
683 1391 885 1427 firmitatem,
912 1401 1049 1430 presens
1072 1393 1232 1431 scriptum

228 1456 241 1469 »
267 1443 452 1481 sigillorum
484 1448 671 1473 nostrorum
705 1445 966 1482 appensionibus
995 1445 1136 1476 fecimus
1166 1446 1232 1476 sol-

228 1508 240 1522 »
264 1496 440 1534 lempniter
449 1497 781 1526 communiriActum
792 1506 878 1527 anno
888 1498 1021 1528 Domini
1032 1499 1230 1535 M⁰CC⁰LII⁰,

227 1561 241 1575 ³)
266 1558 379 1579 mense
404 1549 576 1584 februarii,
596 1549 630 1579 in
648 1550 781 1580 civitate
798 1551 1048 1589 Argentinensi⁴
1068 1565 1080 1579 n

267 1668 280 1683 «ι
305 1655 397 1686 Nulli
414 1660 474 1686 etc.
493 1661 604 1686 nostre
621 1657 883 1687 confirmationis
901 1663 960 1688 etc.
980 1659 1014 1688 Si
1032 1659 1107 1698 quis
1123 1664 1232 1690 autem

228 1722 242 1736 »
266 1713 327 1739 etc.
346 1710 416 1739 Dat.
437 1710 636 1747 Argentine,
660 1711 727 1740 IIII
747 1710 821 1740 idus
839 1711 967 1747 martii,
989 1721 1075 1743 anno
1098 1714 1232 1743 Domini

229 1774 242 1789 n
267 1762 444 1793 M0CC0LV.
468 1775 479 1788 n

270 1880 282 1894 «
308 1868 398 1897 Nulli
424 1873 483 1898 etc.
518 1874 629 1899 nostre
652 1870 914 1899 confirmationis
943 1875 1003 1900 etc.
1034 1872 1103 1901 Dat,
1137 1873 1232 1902 Late-

226 1922 311 1957 rani,
330 1922 440 1952 idibus
457 1922 582 1960 aprilis,
603 1932 690 1952 anno
706 1923 860 1953 secundo.
883 1937 895 1950 »

299 2092 413 2120 1365
808 2095 934 2130 Anagni,
954 2097 985 2123 10
999 2098 1064 2131 juin
1083 2098 1158 2125 1256.

262 2152 418 2179 Confirmat
434 2155 605 2180 sententiam
623 2155 752 2190 magistri
778 2155 907 2188 Martini,
930 2158 1140 2194 archiepiscopi
1163 2160 1232 2186 Bra—

225 2201 384 2233 charensis,
403 2201 533 2228 Laterani
551 2211 649 2229 meuse
667 2203 742 2235 maii,
759 2204 805 2230 die
820 2206 921 2239 quinto
938 2207 1070 2242 intrante,
1089 2208 1231 2236 MCCLVI

226 2250 435 2284 promulgatam
450 2272 456 2283 ,
475 2251 501 2276 in
518 2252 687 2285 quaestione
704 2253 777 2279 inter
793 2254 960 2289 episcopum
982 2255 1177 2284 Tusculanum
1203 2263 1232 2286 ct

226 2301 400 2325 conventum
417 2298 662 2333 Cryptaeserratae
676 2301 805 2328 suborta.
824 2302 907 2335 (uzo.
926 2303 968 2334 94,
982 2304 1001 2331 f.
1016 2305 1089 2340 ΠΨ,
1107 2314 1174 2333 anu.
1192 2307 1229 2339 11,

226 2353 252 2372 c.
270 2345 342 2377 300.)

269 2458 281 2472 ι(
305 2446 349 2474 Ea
371 2455 432 2484 que
454 2446 580 2484 judicio
603 2452 663 2477 etc.
685 2458 789 2488 usque
808 2461 813 2479 :
833 2454 1042 2484 comnmniri.
1067 2456 1151 2486 Sane
1170 2458 1231 2488 du-

227 2498 304 2528 dum
324 2498 410 2527 inter
425 2507 493 2530 vos.
511 2508 547 2528 ex
560 2505 651 2537 parte
667 2511 742 2531 una.
761 2508 791 2532 et
811 2527 842 2539 ..‚
862 2505 1023 2542 abbatem,
1043 2513 1071 2537 et
1087 2518 1231 2540 ‹eonven-

228 2554 295 2580 tum
319 2551 512 2580 monasterii
529 2552 763 2589 Cripteferrate
781 2566 879 2594 super
898 2561 1087 2590 mortuariis
1112 2562 1230 2599 legatis

225 2602 277 2632 vel
302 2602 378 2631 fidei
405 2602 607 2638 commissis,
628 2604 851 2637 oblationibus
875 2613 903 2637 et
931 2611 1127 2648 quibusdam
1155 2598 1230 2646 aliis

226 2654 388 2689 articulis⁷
402 2664 437 2684 ex
455 2654 568 2684 altera.
582 2658 754 2694 questione
772 2660 915 2692 suborta.
930 2672 988 2693 nos
1008 2668 1229 2697 venerabilem

226 2709 361 2738 fratrem
387 2712 536 2737 nostrum
564 2710 758 2747 magistrum
787 2714 981 2751 Mai-tinum,
1008 2718 1230 2758 archiepisco—

226 2772 303 2801 pum
327 2762 606 2799 Bracharensmn,
626 2768 703 2794 tunc
727 2766 867 2803 priorem
887 2770 1176 2804 XVimaranensem
1200 2781 1231 2806 et

226 2814 431 2853 capellanum
451 2820 610 2846 nostrum.
627 2819 851 2848 concessimus
869 2823 1016 2858 partibus
1034 2827 1228 2862 amlitorem,

227 2867 294 2905 qui,
318 2867 428 2896 audita
452 2868 660 2899 confessione
679 2870 798 2900 sindici
818 2872 867 2901 wl
886 2878 1105 2911 procuratoris
1127 2879 1230 2909 dicto-

225 2928 298 2948 rum
325 2919 453 2948 abbatis
477 2924 505 2949 et
528 2926 725 2958 conventus,
745 2932 780 2952 ac
804 2924 915 2955 babilo
938 2936 1036 2965 super
1058 2929 1124 2959 hiis
1143 2933 1229 2970 juris

1318 334 1499 371 peritorum
1516 334 1671 367 consilio,
1690 345 1789 374 super
1807 336 1978 366 nonnullis
1996 337 2211 367 articulorum
2237 338 2331 376 ipso·

1319 395 1390 415 rum
1420 386 1630 417 diffinitivam
1660 397 1717 426 pro
1746 388 1838 418 vobis
1860 389 2065 430 ..sententiam
2093 390 2324 428 promulgavit,

1318 438 1422 469 dictos
1445 439 1596 470 abbatem
1620 444 1651 470 et
1675 445 1874 471 conventum
1895 450 1994 480 super
2013 442 2212 481 quibusdam
2231 443 2266 472 in
2284 443 2327 472 li-

1318 491 1404 521 bello
1427 497 1533 522 vestro
1552 494 1664 531 petitis
1686 494 1726 523 ab
1748 494 1955 532 impetitione
1977 500 2086 525 vestra
2105 495 2326 526 nihilominus

1318 545 1534 580 absolvendo,
1553 551 1647 584 prout
1666 547 1700 576 in
1717 546 1938 577 instrumento
1956 547 2086 586 publico
2103 549 2251 588 ejusdem
2267 558 2327 579 au-

1317 598 1434 627 ditoris
1459 598 1570 636 sigillo
1593 599 1723 635 signato
1753 600 1901 630 consecto
1927 600 2044 631 exinde
2065 601 2197 639 plenius
2219 602 2326 632 conti-

1318 654 1424 679 netur.
1455 651 1523 680 Nos
1548 651 1661 688 igitur,
1684 652 1801 682 vestris
1829 652 2129 691 supplicationibus
2155 653 2325 690 inclinati,

1317 704 1517 733 sententiam
1541 704 1731 743 hujusmodi
1751 710 1855 735 ratam
1873 705 2050 740 hahentes,
2071 706 2162 736 illam
2181 707 2326 737 auctori-

1319 760 1382 785 tate
1402 756 1582 794 apostolica
1600 758 1834 787 confirmamus
1855 762 1915 788 etc.
1929 768 2052 797 usquc:
2068 760 2322 790 communimus.

1317 809 1477 839 Teum-em
1505 810 1643 848 predicti
1671 811 1886 841 instrumenti
1912 812 2124 850 presentibus
2146 812 2250 842 inseri
2275 813 2328 843 sa-

1317 862 1454 898 cientes,
1474 863 1530 902 qui
1551 863 1625 893 talis
1643 869 1692 893 est
1710 874 1716 893 z

1941 903 2052 937 Lau-nn,
2070 904 2085 931 5
2103 904 2157 930 mai
2176 904 2254 932 1256.

1359 978 1371 992 ι(
1398 966 1436 995 In
1460 966 1593 996 nomine
1616 967 1761 996 Domini,
1783 968 1899 997 Amen.
1922 966 2132 997 Venerabilis
2152 971 2244 1006 pater
2259 968 2327 998 Do-

1319 1031 1331 1045 »
1357 1019 1468 1048 minus
1498 1019 1546 1055 O.,
1578 1020 1786 1050 Tusculanus
1814 1021 2005 1059 episeopus,
2033 1020 2323 1060 archipresbiteri,

1319 1084 1331 1098 »ι
1356 1072 1533 1110 pr'esbiteri
1556 1077 1587 1102 et
1607 1073 1719 1103 clerici
1741 1073 1884 1103 diocesis
1901 1073 2088 1103 Tusculano
2107 1097 2140 1109 ..‚
2160 1073 2324 1109 abbatem.

1319 1138 1331 1151 >1
1357 1130 1387 1155 et
1405 1130 1603 1155 conventum
1621 1126 1814 1155 monasterii
1831 1126 2067 1164 Cripteferrate
2086 1135 2196 1156 coram
2215 1127 2325 1164 nobis,

1319 1190 1331 1203 1>
1356 1178 1515 1216 magistro
1528 1179 1683 1215 Mai-tino,
1696 1179 1822 1208 domini
1833 1188 1915 1218 pape
1931 1179 2112 1218 capellano,
2131 1180 2240 1219 priore
2255 1180 2328 1211 Wi-

1319 1244 1331 1257 »
1356 1231 1560 1266 maranensi,
1575 1231 1725 1270 partibus
1743 1232 1892 1262 auditore
1909 1232 1995 1268 dato,
2012 1237 2182 1263 traxerunt
2195 1233 2230 1263 in
2247 1242 2326 1264 cau-

1319 1298 1331 1311 »
1357 1293 1438 1314 sam.
1466 1284 1666 1315 Constitutis
1688 1285 1792 1323 igitur
1814 1285 1849 1314 in
1870 1285 2039 1323 presentia
2058 1289 2171 1316 nostra
2188 1285 2327 1317 Nicolao

1319 1351 1331 1364 »
1357 1339 1739 1376 Romano,procuratore
1756 1337 1918 1368 dictorum
1936 1338 2092 1376 episcopi,
2107 1338 2326 1378 archipresbi-

1319 1403 1331 1417 ν)
1357 1395 1501 1420 tei-orum
1526 1395 1557 1420 et
1583 1390 1795 1426 clericorum,
1818 1394 1849 1420 et
1873 1391 1976 1420 fratre
1999 1391 2127 1421 Donato
2151 1391 2324 1428 monacho,

1319 1457 1331 1470 2)
1357 1447 1568 1482 procuratore
1594 1447 1624 1473 et
1647 1443 1786 1482 syndico
1807 1443 1969 1473 dictorum
1990 1443 2119 1474 abbatis
2135 1448 2167 1474 et
2182 1453 2328 1475 conven-

1319 1510 1331 1523 »
1355 1502 1418 1533 tus,
1436 1497 1544 1526 dictus
1562 1497 1616 1532 N„
1635 1501 1837 1535 procurator,
1856 1501 1971 1526 contra
1989 1497 2128 1527 eundem
2149 1497 2327 1536 syndicum

1319 1563 1331 1576 n
1356 1550 1507 1580 libellum
1523 1549 1644 1580 obtulit
1660 1550 1694 1579 in
1710 1549 1771 1580 hec
1788 1549 1888 1580 verba
1905 1560 1912 1578 :

1359 1616 1371 1630 »
1396 1604 1514 1634 Coram
1534 1603 1644 1636 vobis,
1664 1603 1823 1641 magistro
1843 1603 2000 1638 Mai-tino,
2019 1603 2144 1634 domini
2167 1613 2249 1642 pape
2271 1612 2328 1634 ca-

1319 1671 1331 1684 »
1356 1657 1502 1696 pellano,
1535 1657 1685 1695 partibus
1718 1656 1869 1686 auditore
1903 1665 2075 1692 concessm
2107 1657 2260 1696 proponit
2290 1679 2324 1692 ..‚

1319 1723 1331 1737 ‚³
1356 1715 1549 1749 procurator
1571 1709 1773 1739 venerabilis
1797 1709 1900 1748 patris
1919 1733 1952 1745 ..‚
1971 1710 2116 1748 episcopi
2131 1709 2324 1746 Tusculani,

1319 1777 1331 1790 »
1357 1772 1496 1803 quorum
1514 1762 1868 1801 archipresbiterorum
1887 1763 2021 1792 nomina
2037 1763 2071 1792 in
2088 1763 2327 1801 procuratoriis

1319 1830 1331 1842 »
1356 1817 1598 1855 exprimuntur,
1617 1816 1750 1845 nomine
1767 1815 1957 1849 eorundem,
1976 1821 2090 1845 contra
2108 1839 2139 1851 ..‚
2159 1815 2323 1851 abbatem,

1319 1883 1330 1896 n
1357 1875 1386 1899 et
1409 1874 1607 1899 conventum
1630 1868 1866 1907 Criptel‘errate
1892 1868 1961 1898 sive
1990 1873 2237 1906 procuratorem
2265 1877 2325 1899 seu

1318 1936 1330 1949 υ
1356 1931 1555 1962 yconomum
1579 1922 1742 1960 ipsorum,
1763 1921 1896 1951 nomine
1922 1921 2117 1957 eorundem,
2140 1921 2228 1960 quod
2249 1929 2327 1960 pre-

1318 1986 1330 2000 »
1355 1974 1434 2004 dicti
1451 1973 1552 2004 abbas
1570 1977 1601 2004 et
1616 1978 1798 2003 conventus
1815 1972 1974 2012 quosdam
1991 1972 2228 2011 parrochianos
2244 1972 2325 2003 dicti

1317 2042 1330 2056 »
1356 2029 1501 2068 episcopi
1513 2033 1543 2059 et
1557 2028 1911 2067 archipresbiterorum
1923 2032 1955 2058 et
1966 2028 2228 2066 presbiterorum
2238 2027 2327 2058 dicte

1318 2096 1330 2109 »
1355 2083 1498 2113 diocesis
1521 2086 1717 2120 receperunt
1743 2081 1784 2111 ad
1811 2081 2071 2112 ecclesiasticam
2100 2080 2323 2119 sepulturam,

1318 2148 1329 2162 n
1355 2135 1545 2174 recipiendo
1560 2139 1684 2165 certam
1705 2143 1867 2164 summam
1886 2134 2027 2172 pecunie
2049 2142 2108 2172 pro
2130 2133 2326 2164 mortuariis

1318 2202 1330 2216 »
1356 2189 1551 2224 earundem,
1570 2197 1710 2227 quorum
1739 2187 1874 2226 quidam
1896 2187 1982 2226 apud
2005 2196 2060 2217 eos
2084 2187 2254 2225 elegerant
2271 2195 2325 2218 se-

1317 2255 1330 2269 »
1355 2242 1533 2281 pulturam,
1552 2242 1686 2281 quidam
1706 2250 1782 2271 non.

1358 2310 1370 2322 »
1397 2297 1480 2326 Item
1503 2299 1698 2334 receperunt
1726 2305 1743 2324 a
1768 2294 1967 2334 quibusdam
1993 2293 2069 2324 aliis
2092 2293 2325 2332 parrochianis

1317 2362 1329 2376 »
1355 2349 1481 2379 domini
1500 2348 1645 2386 episcopi
1664 2348 1705 2384 (ct
1722 2347 2004 2386 presbiterorum),
2025 2346 2324 2385 archipresbitero-

1317 2417 1329 2430 »
1354 2413 1428 2433 rum
1449 2408 1479 2433 et
1494 2403 1765 2441 presbiterorum.
1784 2402 1841 2441 qui
1858 2402 1943 2440 apud
1959 2410 2014 2432 eos
2032 2410 2095 2431 non
2116 2402 2252 2432 fuerunt
2270 2410 2326 2432 se-

1318 2471 1329 2484 »
1355 2457 1449 2496 pulti,
1460 2456 1599 2495 quedam
1612 2455 1719 2493 legata
1733 2464 1791 2485 seu
1803 2455 1919 2485 relicta
1931 2454 1980 2485 vel
1995 2455 2069 2485 lidei
2084 2454 2271 2490 commissa,
2286 2454 2322 2484 in

1317 2524 1329 2537 »
1354 2510 1460 2549 ipsius
1474 2509 1599 2539 domini
1617 2509 1762 2547 episcopi
1779 2513 1810 2537 et
1826 2508 2047 2546 predictorum
2065 2507 2326 2546 archipresbite-

1318 2577 1329 2589 η
1355 2572 1467 2593 rorum
1490 2566 1520 2591 et
1543 2561 1803 2600 presbiterorum
1826 2560 2045 2600 prejudicium
2070 2569 2134 2590 non
2157 2559 2323 2589 modicum

1317 2631 1328 2643 ›.
1355 2622 1385 2647 et
1404 2624 1593 2655 gravamen.
1616 2615 1709 2645 l'nde
1727 2624 1800 2644 cum
1818 2620 1883 2644 tam
1900 2614 1938 2643 de
1955 2613 2113 2652 predictis
2130 2612 2323 2642 mortuariis

1317 2683 1329 2696 »
1355 2678 1452 2708 quam
1463 2668 1639 2705 ‹:lelegatis,
1653 2667 1778 2697 relictis
1793 2666 1844 2696 vel
1858 2666 1933 2696 fidei
1947 2665 2136 2696 conmiissis
2151 2664 2318 2703 predictis,

1316 2736 1328 2749 >³
1355 2721 1506 2751 videlicet
1523 2730 1597 2751 cum
1611 2721 1657 2749 ibi
1674 2720 1809 2757 eligeret
1825 2719 2029 2757 sepulturam
2044 2718 2094 2748 vel
2109 2718 2209 2748 etiam
2227 2717 2322 2752 alibi,

1317 2791 1328 2802 Ι,
1355 2775 1412 2805 sed
1433 2775 1496 2809 eis,
1519 2774 1631 2812 aliqua
1652 2773 1876 2812 relitpicrunt,
1896 2771 1983 2801 idem
2005 2771 2178 2809 episcopus
2197 2774 2229 2800 et
2247 2778 2322 2808 pre-

1317 2844 1329 2854 n
1354 2828 1433 2857 dicti
1456 2828 1596 2857 debeant
1619 2826 1813 2855 canonicam
1835 2825 2018 2863 portionem
2042 2823 2178 2858 babere,
2202 2830 2323 2852 secun-

1317 2894 1329 2907 »
1354 2881 1430 2909 dum
1452 2880 1629 2909 canonicas
1651 2878 1856 2908 sanctiones.
1879 2877 1956 2915 petit
1981 2876 2102 2905 dictam
2127 2875 2322 2905 canonicam

1316 2947 1328 2959 υ
1355 2933 1537 2972 portione-ru
1556 2932 1678 2961 eisdem
1697 2931 1761 2961 sibi
1779 2930 1886 2963 reddi,
1906 2933 1934 2958 et
1955 2928 2111 2967 predictis
2135 2927 2326 2966 archipres-

2489 1163 2498 1187 ι

2489 1209 2498 1236 Ι

2490 1243 2498 1285 ἰ
