2441 3330
171 219 208 249 86
898 219 1138 250 REGISTRES
1159 218 1467 249 D'ALEXANDRE
1490 220 1546 249 IV.

171 287 298 314 certum
314 283 492 313 terminum
511 283 604 313 valde
627 284 760 314 brevem
777 294 841 324 quo
857 285 1012 316 electioni
1031 294 1091 316 seu
1105 294 1181 323 pos-

172 335 325 365 tulationi
352 335 503 365 faciende
531 336 568 366 de
592 337 779 374 patriarcha
807 338 918 369 futuro
946 348 1012 368 una
1035 347 1111 368 cum
1133 337 1181 368 eis

171 389 333 418 interesse
356 388 513 418 deberent
537 393 625 419 motu
649 391 780 428 proprio
803 392 1024 429 prefixerunt;
1049 396 1182 430 propter

171 441 259 480 quod
277 441 327 470 illi
349 441 531 472 sentientes
555 452 589 472 se
610 443 757 473 indebite
777 444 811 473 in
834 444 1026 484 hujusmodi
1046 443 1181 474 termini

171 493 332 523 brevitate
355 494 485 531 gravari
509 494 548 523 ad
572 496 794 525 venerabilem
816 497 952 527 fratrem
974 501 1123 527 nostrum
1146 519 1179 532 ..,

171 546 396 576 Tusculanum
415 547 621 586 episcopum,
641 552 718 578 tune
735 549 767 578 in
786 549 853 578 illis
870 550 1020 588 partibus
1036 549 1181 587 legatum

172 599 267 629 Sedis
290 599 482 637 apostolice,
508 601 727 638 appellarimh
754 602 842 632 Idem
862 612 938 632 vero
958 602 1087 640 legatus
1106 612 1182 640 pre-

171 651 275 682 dictos
292 656 357 681 tres
374 652 413 681 ad
429 652 562 682 illorum
578 654 671 683 citari
690 655 768 684 fecit
784 655 996 690 instantiam,
1014 660 1049 685 ut
1064 655 1099 684 in
1117 660 1182 685 ter-

171 704 262 733 mino
278 705 312 733 in
332 705 437 742 ipsius
454 705 553 743 legati
570 716 724 744 expresso
740 707 860 737 litteris
877 708 910 737 in
927 708 998 747 ejus
1014 708 1183 746 presentia

171 761 399 795 comparerent
421 757 454 786 iu
476 758 666 797 hujusmodi
690 759 922 798 appellationis
945 761 1082 798 negocio
1107 770 1182 799 pro-

171 809 299 839 cessuri
317 819 354 839 ac
370 810 418 839 cis
442 820 481 839 ue
500 811 635 840 interim
654 812 829 849 procedere
853 812 893 842 ad
911 813 1107 843 elect-ionem
1123 822 1182 843 seu

171 862 427 900 postulationem
459 863 646 901 patriarche
676 871 906 902 presumerent
935 866 1013 896 fecit
1042 866 1182 896 firmiter

171 915 317 945 inhiberi
339 925 344 944 :
370 916 427 945 sed
448 915 497 945 illi
521 916 710 955 hujusmodi
729 918 886 947 citatione
904 927 940 947 ac
961 918 1182 957 appellatione

171 969 385 1006 contemptis,
404 969 628 998 venerabilem
653 971 789 999 fratrem
814 975 964 1001 nostrum
984 972 1021 1002 O.
1040 972 1182 1010 patriar-

171 1021 267 1051 cham
288 1021 547 1051 Antiochensem
573 1023 718 1060 predicte
741 1023 880 1053 ecclesie
905 1023 1115 1062 postularunt
1145 1033 1182 1054 ac

172 1074 268 1103 nobis
283 1074 541 1112 postulationem
555 1075 743 1114 hujusmodi
759 1081 999 1113 presentantes,
1014 1076 1182 1114 petierunt

172 1130 207 1156 ut
229 1126 287 1156 illa
303 1127 477 1157 admittere
499 1136 701 1157 curat-eums.
728 1129 795 1158 Nos
815 1133 923 1158 autem
942 1128 1181 1159 deliberatione

173 1188 271 1218 super
286 1180 459 1217 premissis
477 1189 549 1209 cum
566 1181 726 1211 fratribus
745 1182 866 1211 uostris
883 1181 995 1211 habita
1014 1182 1179 1219 diligenti,

171 1232 427 1270 postulationem
440 1233 544 1271 ipsam
555 1242 618 1262 nou
633 1234 786 1263 duximus
798 1234 1047 1264 admittendam.
1058 1236 1181 1265 Verum

172 1294 213 1314 ne
229 1285 315 1314 dicta
334 1285 473 1315 ecclesia¹
489 1296 552 1324 que
572 1286 658 1315 inter
675 1286 757 1315 alias
774 1287 863 1316 orbis
882 1287 1067 1317 nobilitatis
1084 1287 1181 1317 titulo

172 1347 208 1368 cx
221 1348 258 1367 eo
269 1338 441 1376 potissime
455 1338 615 1375 insignita
629 1339 842 1377 conspicitur,
861 1340 947 1378 quod
963 1340 1098 1369 terrain
1116 1350 1181 1379 qua

172 1390 235 1420 sita
260 1395 307 1420 est
336 1391 439 1429 patris
462 1391 567 1421 eterni
592 1392 681 1421 filius
707 1396 818 1421 nostre
846 1393 956 1422 carnis
986 1393 1180 1423 indumento

173 1443 311 1473 vestitus
325 1453 383 1473 sua
402 1443 507 1473 voluit
523 1444 686 1481 insignire
703 1445 869 1482 presentia
884 1449 914 1475 et
928 1445 1050 1483 proprii
1068 1455 1181 1484 asper-

172 1495 265 1525 sione
284 1496 458 1533 sanguinis
475 1501 666 1526 consecrata
686 1497 810 1535 absque
830 1498 962 1535 presule
979 1498 1105 1528 diutius
1127 1508 1180 1529 re—

172 1554 330 1584 maneret,
346 1548 493 1579 vulei‘itcs
505 1550 611 1579 eidem
622 1550 660 1579 (lc
675 1549 731 1579 tali
744 1550 1002 1589 pontilicecujus
1014 1551 1181 1581 industria

171 1606 202 1631 et
224 1601 412 1631 sollicitudo
437 1606 525 1631 tauto
545 1607 741 1639 congrueret
763 1603 882 1632 honori
904 1612 940 1633 ac
961 1604 1054 1633 oneri
1070 1605 1180 1643 provi-

171 1654 258 1688 dere,
278 1659 306 1683 te
318 1655 563 1685 Yirdunensem
578 1655 778 1693 episcopum,
797 1657 891 1695 cujus
908 1657 1096 1687 sollicitudo
1106 1658 1179 1688 Vir-

171 1708 331 1737 dunensis
351 1707 489 1737 etz-,lesio
508 1708 575 1747 jam
598 1708 768 1746 impensa,
787 1718 878 1747 spem
900 1709 1029 1739 firmam
1046 1710 1179 1741 exhibet

169 1761 256 1799 quod
271 1761 356 1790 circa
373 1761 677 1791 Jerosolimitanam
694 1765 804 1799 utpote
825 1762 1011 1799 digniorem
1028 1763 1067 1792 ad
1084 1765 1178 1802 cujus

170 1813 315 1851 regimen
335 1814 447 1843 vadem
465 1814 712 1844 Yirduuensem
731 1823 905 1844 ascensum
924 1815 982 1844 tibi
1002 1820 1055 1845 tue
1071 1816 1177 1854 probi-

170 1867 246 1896 tatis
263 1866 486 1904 experimento
499 1866 625 1904 paravit
642 1876 755 1896 curam
772 1867 869 1896 dante
880 1868 1024 1897 >Domino
1043 1868 1177 1905 vigilem

168 1924 199 1949 ct
221 1919 363 1949 debitam
386 1919 583 1949 adhibendis
608 1920 671 1957 ipsi
692 1920 962 1950 Jerosolimitane
984 1921 1122 1951 ecclesie
1138 1921 1176 1951 de

168 1973 390 2010 predictorum
406 1972 546 2001 fratrum
568 1972 708 2002 consilio
729 1976 759 2002 et
780 1973 953 2011 potestatis
969 1973 1177 2011 plenitudine

168 2026 201 2054 in
218 2025 438 2063 patriarcham
455 2025 654 2062 piwaefeeimus
671 2030 702 2055 et
718 2030 900 2063 pastorem,
919 2026 1129 2056 absolventes
1146 2031 1176 2057 te

167 2088 184 2107 a
200 2078 333 2107 vinculo
350 2086 413 2115 quo
429 2077 630 2107 Virduneusi
648 2078 814 2107 tenebaris
830 2078 937 2108 eidem
954 2083 984 2108 et
1001 2079 1174 2109 addictam

164 2131 468 2162 Jcrosolimitanam
486 2131 659 2160 ‹xes-lssiain
675 2132 930 2164 transferentes.
951 2133 1010 2162 tibi
1027 2134 1067 2162 ad
1083 2133 1175 2163 illam

167 2184 358 2213 transeundi
381 2183 551 2213 licentiam
574 2184 765 2219 tribuendo,
792 2185 886 2214 firma
909 2194 966 2223 spe
987 2186 1174 2225 fiduciaque

165 2241 336 2274 concepta,
358 2237 442 2275 quod
462 2241 514 2265 tue
531 2237 704 2274 diligentie
725 2238 835 2267 studio
851 2247 908 2276 per
926 2248 1024 2276 quam
1048 2239 1175 2277 prefata

163 2289 385 2319 Virdunvusis
403 2289 541 2319 ecclesia
559 2289 730 2328 multiplex
751 2291 938 2329 suscepisse
957 2292 1105 2321 cernitur
1121 2292 1174 2321 in-

164 2346 383 2377 crementum,
403 2342 601 2379 sepedictam
619 2342 925 2373 Jerosoiinfitanam
942 2344 1116 2374 ecclesiam
1138 2345 1173 2374 in

165 2395 395 2432 spiritualibus
414 2399 444 2423 et
462 2395 697 2432 lmupuralilius
716 2400 848 2425 auctore
865 2397 1005 2426 Domino
1022 2397 1173 2427 landabi—

164 2448 239 2477 liter
255 2448 496 2483 auguwutabis.
516 2448 657 2486 Ideoque
681 2449 925 2478 fraternitatem
950 2453 1037 2478 tuam
1059 2459 1173 2480 mone-

163 2510 252 2535 mus,
271 2510 425 2536 rogaums
449 2505 476 2529 et
502 2500 673 2529 hortamur
692 2506 815 2531 attente
834 2511 892 2539 pcr
913 2502 1091 2540 apostolica
1113 2503 1172 2532 tibi

163 2554 282 2591 scripta
301 2553 486 2582 lirmatione
504 2553 708 2590 pri—sentium
726 2554 920 2584 mandantes
942 2555 1099 2592 [platinus
1116 2556 1172 2585 (le-

162 2611 234 2636 vote
251 2606 437 2643 suscipiens
455 2606 644 2643 impositum
663 2616 681 2635 a
698 2607 838 2635 Domino
856 2607 915 2636 tibi
933 2616 1017 2637 onus
1034 2612 1065 2637 et
1081 2618 1172 2637 sum-

162 2659 296 2688 mittens
314 2659 520 2687 l'orlitudiuis
538 2663 589 2687 tue
607 2659 724 2688 rollum
744 2660 782 2689 ad
799 2659 988 2698 hujusmodi
1009 2661 1172 2691 sollicitu-

161 2711 249 2741 dinis
269 2711 433 2740 sarciuam
459 2716 565 2740 nanu·
592 2712 702 2741 stabili
723 2712 913 2742 ‹lell'erenda
935 2713 975 2741 ad
990 2714 1170 2751 predictam

160 2764 464 2793 Jerosolimitanam
493 2764 664 2793 ecclesiam
699 2769 726 2793 te
759 2765 977 2803 personaliter
1007 2768 1169 2800 conferas,

161 2816 273 2855 sicque
300 2817 402 2854 ipsius
426 2826 535 2845 ι·111’.·1111
561 2817 738 2851 diligenter
761 2827 855 2853 gewis
880 2822 907 2847 et
936 2818 1114 2848 salubriter
1134 2829 1169 2849 ac

161 2869 287 2899 utiliter
301 2870 474 2907 excipiaris
492 2874 523 2898 ut
540 2869 684 2906 predicta
700 2870 836 2899 ccclesia
853 2871 914 2899 sub
927 2874 981 2900 tua
998 2871 1171 2907 vigilantia,

1218 283 1225 288 “
1262 284 1382 314 votivis
1397 285 1618 323 amplificetur
1631 285 1777 316 comodis
1790 289 1822 316 et
1834 285 1955 324 optatis
1971 290 2148 324 consurgat
2161 294 2273 325 coope-

1263 341 1357 366 rante
1369 337 1510 367 Domino
1521 337 1748 368 incrementis.
1764 338 1838 368 Dat.
1850 337 2000 376 Neapoli,
2014 339 2042 368 V
2055 338 2130 368 idus
2143 338 2270 377 aprilis,

1263 398 1350 420 anno
1365 389 1481 428 primo.
1501 402 1514 416 n

1298 495 1330 521 In
1343 503 1369 522 e.
1383 504 1419 522 m.
1432 489 1622 530 suffragaucis
1633 496 1755 522 ecclesie
1765 495 1998 522 Jerosoliinitanc
2012 504 2103 530 usque
2114 507 2119 522 :
2131 504 2274 530 augmen-

1263 545 1348 579 tabit,
1366 545 1461 571 verbis
1479 549 1676 579 compi-tenter
1697 546 1822 572 mutatis.
1845 544 1971 580 Ideoque
1991 545 2158 572 fraternitati
2177 548 2272 572 vestre

1265 601 1314 627 per
1328 592 1485 627 apostolica
1499 594 1605 627 scripta
1624 593 1794 619 mandamus
1809 593 1946 627 quatinus
1961 593 2083 619 electum
2100 593 2194 627 ipsum
2211 596 2272 619 tan-

1263 648 1347 674 quam
1371 645 1476 674 patrem
1498 645 1524 666 ct
1547 646 1689 676 pastorem
1708 641 1866 667 animarum
1884 645 2042 667 vestrarum
2059 641 2161 667 devote
2177 641 2272 668 susci-

1265 689 1388 723 pientes,
1414 689 1604 716 obedientiam
1627 689 1724 716 sibiet
1743 690 1930 716 reverentiam
1952 689 2076 716 debitam
2101 689 2272 724 impendatis

1263 741 1328 774 ejus
1353 739 1470 766 monitis
1495 744 1523 766 et
1553 740 1695 766 mandatis
1723 739 1887 766 salubribus
1913 740 2060 766 humiliter
2086 740 2271 767 intendendo.

1264 789 1399 822 Alioquin
1416 790 1588 815 sententiam
1603 794 1656 814 etc,
1676 797 1767 823 usque
1786 800 1791 814 :
1809 788 1967 816 observari.
1985 788 2048 815 Dat.
2068 793 2097 814 ut
2113 796 2212 823 supra.

1299 836 1330 863 lu
1347 846 1372 864 c.
1392 845 1429 864 in.
1448 838 1572 871 capitulo
1587 837 1832 864 Jerosotimttano.

1301 886 1330 912 ln
1348 895 1373 912 0.
1392 894 1428 913 m.
1446 886 1522 912 clero
1538 885 1781 913 Jerosolimitano.

1299 935 1330 961 lu
1346 944 1372 963 c.
1389 944 1426 962 m.
1446 936 1549 970 populo
1565 936 1690 962 civitatis
1710 940 1738 961 et
1754 935 1880 962 diocesis
1901 934 2200 962 -lerosolimitauarum
2223 942 2272 962 us-

1263 992 1319 1018 que
1336 994 1342 1010 ;
1360 984 1566 1018 suscipientes,
1582 985 1606 1017 ej
1614 992 1647 1009 us
1663 983 1779 1009 monitis
1795 987 1823 1009 et
1839 983 1978 1009 mandatis
1999 983 2164 1010 salubribus
2178 983 2272 1010 inten-

1263 1032 1366 1058 dendo.
1386 1031 1450 1058 Dat.
1470 1034 1500 1058 ut
1516 1040 1614 1065 supra.

1334 1221 1422 1249 3¹8

1298 1282 1438 1317 Magistro
1455 1282 1600 1317 Stephano
1619 1282 1767 1314 Auibuldi,
1785 1283 1924 1309 canonico
1943 1282 2083 1309 ccclesiae
2103 1282 2269 1314 Furnensis,

1264 1322 1439 1358 Mei-inensis
1463 1331 1598 1362 diocesis,
1625 1331 1670 1357 cui
1698 1331 1854 1366 capitulum
1879 1331 2018 1357 ecclesiae
2048 1339 2072 1357 s.
2100 1331 2272 1366 WValburgis

1264 1380 1423 1407 Furuensis
1444 1388 1494 1415 per
1516 1380 1624 1406 litteras
1644 1380 1760 1413 augusti
1779 1379 1969 1406 MGGXLVH
1984 1383 2012 1405 01.
2024 1379 2089 1414 julii
2106 1378 2204 1406 MCGL
2219 1379 2273 1407 do-

1264 1437 1341 1455 mum
1358 1433 1386 1455 et
1400 1433 1491 1454 terras
1507 1428 1647 1458 vendidit,
1664 1429 1823 1462 guerpivit,
1842 1428 1994 1454 festucavit
2009 1433 2037 1454 ct
2052 1428 2180 1459 tradidit,
2199 1428 2272 1455 hanc

1846 1220 1961 1254 Naples¹
1983 1221 2012 1248 13
2028 1229 2104 1247 mars
2124 1221 2199 1259 1255.
2241 1232 2247 1237 ·

1262 1478 1475 1512 guerpitionem
1492 1477 1642 1503 confirmat
1668 1477 1752 1511 (lte-o.
1768 1477 1811 1508 ⁴24,
1829 1485 1845 1503 c
1872 1477 1934 1510 ⁴27¹,
1953 1477 1971 1504 f.
1988 1477 2020 1503 36
2036 1481 2042 1510 )

1305 1592 1316 1606 «
1335 1580 1478 1617 Mayistro
1491 1580 1643 1617 Stephano
1658 1580 1812 1615 sinibaldi,
1832 1580 1979 1609 canonico
1997 1580 2115 1608 ecclesie
2129 1579 2272 1608 Furne‘n-

1261 1634 1313 1667 sis,
1339 1633 1520 1662 Morinmzsis
1543 1632 1675 1661 diocesis.
1701 1632 1792 1662 Adeo
1814 1631 1999 1662 devotionis
2024 1631 2121 1670 plene
2143 1631 2272 1662 meritis

1263 1686 1409 1715 favorem
1425 1684 1642 1723 apostolicum
1660 1684 1842 1722 promereri
1860 1689 1889 1714 te
1910 1684 2082 1719 novimus,
2103 1688 2139 1714 ut
2154 1684 2189 1714 in
2205 1684 2272 1715 tuis

1260 1738 1478 1776 petitionibus
1504 1746 1563 1767 nos
1589 1737 1765 1767 inveniens
1785 1737 1942 1767 liberales
1970 1747 1988 1767 a
2010 1737 2106 1768 nobis
2131 1737 2271 1775 gratiam

1262 1800 1360 1830 quam
1374 1791 1472 1828 digne
1487 1790 1633 1828 postulas
1648 1790 1850 1829 assequaris.
1866 1790 1953 1820 Hinc
1969 1794 2017 1820 est
2032 1790 2119 1828 quod
2132 1799 2206 1820 cum
2223 1794 2268 1826 tu,

1261 1844 1346 1874 sicut
1358 1844 1505 1873 exhibita
1517 1843 1612 1873 nobis
1624 1848 1679 1873 tua
1690 1843 1806 1881 petitio
1817 1843 1975 1878 continet,
1989 1852 2008 1873 a
2021 1843 2140 1873 dilecto
2154 1843 2223 1873 filio
2236 1866 2269 1878 ..,

1259 1897 1425 1935 preposito
1439 1901 1468 1926 et
1483 1896 1627 1934 capitulo
1643 1896 1781 1926 ecclesie
1796 1897 1978 1927 Fui-nensis
1992 1896 2152 1935 quasdam
2166 1900 2271 1927 terras

1260 1954 1290 1979 et
1320 1950 1451 1979 domum
1480 1958 1593 1979 eorum
1619 1949 1700 1979 sitas
1719 1949 1813 1988 juxta
1839 1949 1953 1978 villam
1980 1950 2186 1979 Fui-oensem
2213 1957 2271 1987 pro

1260 2003 1401 2041 quadam
1416 2003 1536 2032 emeris
1555 2002 1694 2040 pecunie
1711 2002 1913 2041 quantitate,
1933 2006 1963 2032 et
1979 2002 2067 2032 idem
2083 2002 2270 2041 prepositus

1259 2060 1290 2085 et
1306 2055 1487 2093 capitulum
1508 2055 1567 2084 tibi
1583 2055 1716 2084 domum
1739 2058 1770 2084 et
1788 2059 1894 2085 terras
1911 2064 1986 2084 cum
1999 2054 2132 2094 juribus
2149 2059 2180 2085 et
2195 2063 2270 2093 per-

1259 2108 1410 2137 tinentiis
1427 2108 1617 2137 caruiudem
1633 2107 1841 2137 tradiderunt
1855 2112 1886 2137 et
1902 2108 2140 2146 guerpiverunt
2153 2116 2270 2146 supra-

1258 2161 1377 2196 dictas,
1398 2165 1493 2198 prout
1514 2160 1547 2189 iu
1569 2160 1688 2190 litteris
1708 2160 1784 2190 inde
1801 2160 1960 2190 confectis
1979 2160 2090 2197 sigillo
2106 2160 2269 2190 dictorum

1257 2213 1416 2251 prepositi
1440 2218 1470 2243 et
1493 2213 1629 2251 sapituli
1651 2212 1807 2250 sigillatis
1824 2212 1955 2251 plenius
1972 2213 2178 2249 continetur3
2202 2213 2268 2243 tuis

1256 2266 1410 2304 precibus
1430 2266 1600 2300 inclinati,
1619 2265 1835 2303 emptionem,
1857 2265 2099 2303 guerpitionem
2116 2269 2148 2297 et
2164 2266 2268 2296 tradi-

1256 2319 1381 2348 tionem
1397 2319 1588 2357 hujusmodi
1606 2322 1695 2348 ratas
1714 2322 1744 2348 et
1767 2322 1877 2356 gratas
1894 2318 2072 2354 habentes,
2096 2319 2186 2357 ipsas
2207 2319 2268 2349 tibi

1256 2372 1451 2402 auctoritate
1468 2371 1647 2409 apostolica
1662 2372 1896 2401 confirmamus
1919 2376 1977 2401 etc.
1997 2381 2103 2410 usque
2125 2382 2131 2401 z
2150 2380 2266 2402 conce-

1255 2424 1379 2459 dimus,
1399 2433 1435 2454 ac
1451 2433 1582 2454 omnem
1598 2424 1763 2454 defectum
1779 2424 1806 2454 si
1825 2434 1907 2463 quas
1925 2424 2048 2455 ibidem
2066 2429 2115 2454 est
2130 2424 2266 2455 habitus

1255 2477 1446 2515 supplentes
1472 2477 1510 2507 de
1540 2481 1650 2506 nostre
1677 2476 1885 2514 plenitudine
1914 2477 2095 2515 potcstatis.
2121 2478 2266 2507 Tenores

1254 2529 1439 2559 litterarum
1452 2530 1599 2568 ipsarum
1611 2529 1650 2558 de
1660 2529 1758 2559 verbo
1770 2529 1810 2558 ad
1823 2529 1961 2559 verbum
1974 2529 2078 2560 inseri
2090 2529 2263 2565 facient-es,

1255 2583 1311 2621 qui
1330 2583 1411 2613 tales
1428 2587 1505 2613 sunt
1524 2593 1529 2611 :

1816 2648 1959 2682 [Fut-nes),
1978 2649 2012 2675 ‘20
2029 2650 2097 2675 aot‘tt
2116 2649 2192 2676 1247.

1297 2724 1308 2737 n
1322 2712 1484 2741 Omnibus
1499 2715 1529 2741 et
1541 2711 1880 2749 singulispresentem
1894 2710 2046 2749 paginam
2062 2711 2263 2749 inspecturis

1256 2778 1268 2790 »
1294 2765 1344 2794 vel
1361 2765 1525 2794 audituris
1544 2774 1549 2792 :
1620 2764 1807 2802 prepositus
1826 2767 1857 2793 et
1878 2786 1910 2798 ..,
1929 2763 2073 2793 decanus
2093 2767 2262 2802 totumque

1255 2830 1267 2844 »
1293 2817 1474 2856 capitulum
1512 2818 1649 2848 ecclesie
1687 2821 1798 2847 sancte
1832 2816 2026 2853 'Walburgis
2061 2808 2259 2851 Furnensis,

1255 2883 1267 2897 ³>
1293 2871 1494 2901 Morinensis
1517 2871 1674 2906 diocesis,
1691 2871 1726 2899 in
1743 2879 1820 2900 vero
1842 2869 1980 2899 salutari
1999 2868 2151 2898 salutem.
2176 2868 2261 2899 Uni-
