<?xml version="1.0" encoding="UTF-8"?>
<!DOCTYPE html PUBLIC "-//W3C//DTD XHTML 1.0 Transitional//EN"
    "http://www.w3.org/TR/xhtml1/DTD/xhtml1-transitional.dtd">
<html xmlns="http://www.w3.org/1999/xhtml" xml:lang="en" lang="en">
 <head>
  <title>
</title>
<meta http-equiv="Content-Type" content="text/html;charset=utf-8" />
  <meta name='ocr-system' content='tesseract 3.04.00' />
  <meta name='ocr-capabilities' content='ocr_page ocr_carea ocr_par ocr_line ocrx_word'/>
</head>
<body>
  <div class='ocr_page' id='page_1' title='image "./lesregistresdale01cathuoft_0424.png"; bbox 0 0 2498 3325; ppageno 0'>
   <div class='ocr_carea' id='block_1_1' title="bbox 277 268 333 297">
    <p class='ocr_par' dir='ltr' id='par_1_1' title="bbox 277 268 333 297">
     <span class='ocr_line' id='line_1_1' title="bbox 277 268 333 297; baseline -0.036 0"><span class='ocrx_word' id='word_1_1' title='bbox 277 268 308 297; x_wconf 85' lang='lat'>41</span> <span class='ocrx_word' id='word_1_2' title='bbox 317 269 333 297; x_wconf 72' lang='lat' dir='ltr'>tt</span> 
     </span>
    </p>
   </div>
   <div class='ocr_carea' id='block_1_2' title="bbox 279 400 292 518">
    <p class='ocr_par' dir='ltr' id='par_1_2' title="bbox 279 400 292 518">
     <span class='ocr_line' id='line_1_2' title="bbox 280 400 292 413; baseline 0 0"><span class='ocrx_word' id='word_1_3' title='bbox 280 400 292 413; x_wconf 67' lang='lat' dir='ltr'>n</span> 
     </span>
     <span class='ocr_line' id='line_1_3' title="bbox 279 452 292 466; baseline -0.077 0"><span class='ocrx_word' id='word_1_4' title='bbox 279 452 292 466; x_wconf 75' lang='lat'>&gt;1</span> 
     </span>
     <span class='ocr_line' id='line_1_4' title="bbox 279 504 291 518; baseline 0 0"><span class='ocrx_word' id='word_1_5' title='bbox 279 504 291 518; x_wconf 68' lang='lat' dir='ltr'>n</span> 
     </span>
    </p>
   </div>
   <div class='ocr_carea' id='block_1_3' title="bbox 279 557 291 571">
    <p class='ocr_par' dir='ltr' id='par_1_3' title="bbox 279 557 291 571">
     <span class='ocr_line' id='line_1_5' title="bbox 279 557 291 571; baseline 0.083 -1"><span class='ocrx_word' id='word_1_6' title='bbox 279 557 291 571; x_wconf 89' lang='grc'>))</span> 
     </span>
    </p>
   </div>
   <div class='ocr_carea' id='block_1_4' title="bbox 274 662 292 2001">
    <p class='ocr_par' dir='ltr' id='par_1_4' title="bbox 274 662 291 1312">
     <span class='ocr_line' id='line_1_6' title="bbox 278 662 290 676; baseline 0 0"><span class='ocrx_word' id='word_1_7' title='bbox 278 662 290 676; x_wconf 80' lang='grc'>))</span> 
     </span>
     <span class='ocr_line' id='line_1_7' title="bbox 278 715 291 729; baseline 0 0"><span class='ocrx_word' id='word_1_8' title='bbox 278 715 291 729; x_wconf 85' lang='grc'>))</span> 
     </span>
     <span class='ocr_line' id='line_1_8' title="bbox 278 768 291 783; baseline 0 0"><span class='ocrx_word' id='word_1_9' title='bbox 278 768 291 783; x_wconf 74' lang='lat' dir='ltr'>D</span> 
     </span>
     <span class='ocr_line' id='line_1_9' title="bbox 277 822 290 836; baseline -0.077 0"><span class='ocrx_word' id='word_1_10' title='bbox 277 822 290 836; x_wconf 69' lang='lat'>3)</span> 
     </span>
     <span class='ocr_line' id='line_1_10' title="bbox 277 875 290 889; baseline 0 0"><span class='ocrx_word' id='word_1_11' title='bbox 277 875 290 889; x_wconf 86' lang='grc'>))</span> 
     </span>
     <span class='ocr_line' id='line_1_11' title="bbox 278 928 291 943; baseline 0 0"><span class='ocrx_word' id='word_1_12' title='bbox 278 928 291 943; x_wconf 75' lang='grc'>))</span> 
     </span>
     <span class='ocr_line' id='line_1_12' title="bbox 277 981 290 996; baseline -0.077 0"><span class='ocrx_word' id='word_1_13' title='bbox 277 981 290 996; x_wconf 82' lang='grc'>))</span> 
     </span>
     <span class='ocr_line' id='line_1_13' title="bbox 278 1034 291 1048; baseline 0 0"><span class='ocrx_word' id='word_1_14' title='bbox 278 1034 291 1048; x_wconf 71' lang='grc'>)&gt;</span> 
     </span>
     <span class='ocr_line' id='line_1_14' title="bbox 277 1086 290 1101; baseline 0 0"><span class='ocrx_word' id='word_1_15' title='bbox 277 1086 290 1101; x_wconf 91' lang='grc'>))</span> 
     </span>
     <span class='ocr_line' id='line_1_15' title="bbox 277 1138 290 1154; baseline 0 0"><span class='ocrx_word' id='word_1_16' title='bbox 277 1138 290 1154; x_wconf 67' lang='lat' dir='ltr'><strong>D</strong></span> 
     </span>
     <span class='ocr_line' id='line_1_16' title="bbox 277 1193 289 1206; baseline -0.083 0"><span class='ocrx_word' id='word_1_17' title='bbox 277 1193 289 1206; x_wconf 86' lang='grc'>))</span> 
     </span>
     <span class='ocr_line' id='line_1_17' title="bbox 276 1245 289 1259; baseline 0 0"><span class='ocrx_word' id='word_1_18' title='bbox 276 1245 289 1259; x_wconf 76' lang='grc'>))</span> 
     </span>
     <span class='ocr_line' id='line_1_18' title="bbox 274 1297 288 1312; baseline -0.071 0"><span class='ocrx_word' id='word_1_19' title='bbox 274 1297 288 1312; x_wconf 69' lang='grc' dir='ltr'>ὶ)</span> 
     </span>
    </p>

    <p class='ocr_par' dir='ltr' id='par_1_5' title="bbox 274 1350 287 1364">
     <span class='ocr_line' id='line_1_19' title="bbox 274 1350 287 1364; baseline 0 0"><span class='ocrx_word' id='word_1_20' title='bbox 274 1350 287 1364; x_wconf 74' lang='grc'>1)</span> 
     </span>
    </p>

    <p class='ocr_par' dir='ltr' id='par_1_6' title="bbox 274 1403 287 1417">
     <span class='ocr_line' id='line_1_20' title="bbox 274 1403 287 1417; baseline 0 0"><span class='ocrx_word' id='word_1_21' title='bbox 274 1403 287 1417; x_wconf 91' lang='grc'>))</span> 
     </span>
    </p>

    <p class='ocr_par' dir='ltr' id='par_1_7' title="bbox 275 1456 288 1470">
     <span class='ocr_line' id='line_1_21' title="bbox 275 1456 288 1470; baseline 0 0"><span class='ocrx_word' id='word_1_22' title='bbox 275 1456 288 1470; x_wconf 89' lang='grc'>))</span> 
     </span>
    </p>

    <p class='ocr_par' dir='ltr' id='par_1_8' title="bbox 275 1509 290 1683">
     <span class='ocr_line' id='line_1_22' title="bbox 276 1509 290 1523; baseline 0 0"><span class='ocrx_word' id='word_1_23' title='bbox 276 1509 290 1523; x_wconf 69' lang='lat' dir='ltr'>J&gt;</span> 
     </span>
     <span class='ocr_line' id='line_1_23' title="bbox 276 1562 290 1577; baseline -0.071 0"><span class='ocrx_word' id='word_1_24' title='bbox 276 1562 290 1577; x_wconf 81' lang='grc'>))</span> 
     </span>
     <span class='ocr_line' id='line_1_24' title="bbox 276 1616 289 1629; baseline 0 0"><span class='ocrx_word' id='word_1_25' title='bbox 276 1616 289 1629; x_wconf 85' lang='grc'>))</span> 
     </span>
     <span class='ocr_line' id='line_1_25' title="bbox 275 1668 288 1683; baseline -0.077 0"><span class='ocrx_word' id='word_1_26' title='bbox 275 1668 288 1683; x_wconf 70' lang='lat' dir='ltr'>&gt;i</span> 
     </span>
    </p>

    <p class='ocr_par' dir='ltr' id='par_1_9' title="bbox 276 1722 292 2001">
     <span class='ocr_line' id='line_1_26' title="bbox 276 1722 289 1736; baseline 0 0"><span class='ocrx_word' id='word_1_27' title='bbox 276 1722 289 1736; x_wconf 85' lang='grc'>))</span> 
     </span>
     <span class='ocr_line' id='line_1_27' title="bbox 276 1775 289 1789; baseline 0 0"><span class='ocrx_word' id='word_1_28' title='bbox 276 1775 289 1789; x_wconf 74' lang='lat' dir='ltr'>D</span> 
     </span>
     <span class='ocr_line' id='line_1_28' title="bbox 277 1810 292 1843; baseline -0.067 0"><span class='ocrx_word' id='word_1_29' title='bbox 277 1810 292 1843; x_wconf 63' lang='lat' dir='ltr'>‚J</span> 
     </span>
     <span class='ocr_line' id='line_1_29' title="bbox 276 1881 289 1896; baseline -0.077 0"><span class='ocrx_word' id='word_1_30' title='bbox 276 1881 289 1896; x_wconf 87' lang='grc'>))</span> 
     </span>
     <span class='ocr_line' id='line_1_30' title="bbox 276 1934 289 1948; baseline -0.077 0"><span class='ocrx_word' id='word_1_31' title='bbox 276 1934 289 1948; x_wconf 85' lang='grc'>))</span> 
     </span>
     <span class='ocr_line' id='line_1_31' title="bbox 276 1986 289 2001; baseline 0 0"><span class='ocrx_word' id='word_1_32' title='bbox 276 1986 289 2001; x_wconf 76' lang='grc'>7)</span> 
     </span>
    </p>
   </div>
   <div class='ocr_carea' id='block_1_5' title="bbox 275 2039 289 2054">
    <p class='ocr_par' dir='ltr' id='par_1_10' title="bbox 275 2039 289 2054">
     <span class='ocr_line' id='line_1_32' title="bbox 275 2039 289 2054; baseline 0 0"><span class='ocrx_word' id='word_1_33' title='bbox 275 2039 289 2054; x_wconf 68' lang='grc'>))</span> 
     </span>
    </p>
   </div>
   <div class='ocr_carea' id='block_1_6' title="bbox 276 2146 294 2895">
    <p class='ocr_par' dir='ltr' id='par_1_11' title="bbox 276 2146 294 2895">
     <span class='ocr_line' id='line_1_33' title="bbox 276 2146 289 2160; baseline -0.077 0"><span class='ocrx_word' id='word_1_34' title='bbox 276 2146 289 2160; x_wconf 89' lang='grc'>))</span> 
     </span>
     <span class='ocr_line' id='line_1_34' title="bbox 276 2198 289 2213; baseline -0.077 0"><span class='ocrx_word' id='word_1_35' title='bbox 276 2198 289 2213; x_wconf 82' lang='grc'>))</span> 
     </span>
     <span class='ocr_line' id='line_1_35' title="bbox 279 2250 292 2265; baseline 0 0"><span class='ocrx_word' id='word_1_36' title='bbox 279 2250 292 2265; x_wconf 61' lang='lat' dir='ltr'>&gt;t</span> 
     </span>
     <span class='ocr_line' id='line_1_36' title="bbox 277 2303 290 2318; baseline -0.077 0"><span class='ocrx_word' id='word_1_37' title='bbox 277 2303 290 2318; x_wconf 89' lang='lat'>))</span> 
     </span>
     <span class='ocr_line' id='line_1_37' title="bbox 279 2356 291 2371; baseline -0.083 0"><span class='ocrx_word' id='word_1_38' title='bbox 279 2356 291 2371; x_wconf 68' lang='lat' dir='ltr'>&gt;i</span> 
     </span>
     <span class='ocr_line' id='line_1_38' title="bbox 279 2408 291 2423; baseline -0.083 0"><span class='ocrx_word' id='word_1_39' title='bbox 279 2408 291 2423; x_wconf 83' lang='grc'>))</span> 
     </span>
     <span class='ocr_line' id='line_1_39' title="bbox 279 2461 292 2475; baseline -0.077 0"><span class='ocrx_word' id='word_1_40' title='bbox 279 2461 292 2475; x_wconf 78' lang='grc'>))</span> 
     </span>
     <span class='ocr_line' id='line_1_40' title="bbox 279 2513 292 2528; baseline 0 -2"><span class='ocrx_word' id='word_1_41' title='bbox 279 2513 292 2528; x_wconf 84' lang='grc'>))</span> 
     </span>
     <span class='ocr_line' id='line_1_41' title="bbox 280 2566 292 2580; baseline -0.083 0"><span class='ocrx_word' id='word_1_42' title='bbox 280 2566 292 2580; x_wconf 83' lang='lat'>)›</span> 
     </span>
     <span class='ocr_line' id='line_1_42' title="bbox 280 2618 292 2633; baseline -0.083 0"><span class='ocrx_word' id='word_1_43' title='bbox 280 2618 292 2633; x_wconf 84' lang='grc'>))</span> 
     </span>
     <span class='ocr_line' id='line_1_43' title="bbox 280 2671 294 2686; baseline 0 0"><span class='ocrx_word' id='word_1_44' title='bbox 280 2671 294 2686; x_wconf 71' lang='lat'>5&gt;</span> 
     </span>
     <span class='ocr_line' id='line_1_44' title="bbox 281 2725 293 2738; baseline -0.083 0"><span class='ocrx_word' id='word_1_45' title='bbox 281 2725 293 2738; x_wconf 69' lang='lat'>11</span> 
     </span>
     <span class='ocr_line' id='line_1_45' title="bbox 281 2777 293 2791; baseline 0 -2"><span class='ocrx_word' id='word_1_46' title='bbox 281 2777 293 2791; x_wconf 74' lang='grc'>))</span> 
     </span>
     <span class='ocr_line' id='line_1_46' title="bbox 281 2829 293 2843; baseline -0.167 0"><span class='ocrx_word' id='word_1_47' title='bbox 281 2829 293 2843; x_wconf 62' lang='grc' dir='ltr'>)ι</span> 
     </span>
     <span class='ocr_line' id='line_1_47' title="bbox 282 2881 294 2895; baseline 0 0"><span class='ocrx_word' id='word_1_48' title='bbox 282 2881 294 2895; x_wconf 83' lang='grc'>))</span> 
     </span>
    </p>
   </div>
   <div class='ocr_carea' id='block_1_7' title="bbox 282 2934 294 2947">
    <p class='ocr_par' dir='ltr' id='par_1_12' title="bbox 282 2934 294 2947">
     <span class='ocr_line' id='line_1_48' title="bbox 282 2934 294 2947; baseline 0 -2"><span class='ocrx_word' id='word_1_49' title='bbox 282 2934 294 2947; x_wconf 70' lang='lat' dir='ltr'>)i</span> 
     </span>
    </p>
   </div>
   <div class='ocr_carea' id='block_1_8' title="bbox 313 332 1286 2908">
    <p class='ocr_par' dir='ltr' id='par_1_13' title="bbox 316 332 1285 582">
     <span class='ocr_line' id='line_1_49' title="bbox 320 332 1285 363; baseline 0.001 -3"><span class='ocrx_word' id='word_1_50' title='bbox 320 346 332 360; x_wconf 85' lang='lat'>»</span> <span class='ocrx_word' id='word_1_51' title='bbox 358 334 406 363; x_wconf 73' lang='lat' dir='ltr'>Ad</span> <span class='ocrx_word' id='word_1_52' title='bbox 432 342 486 363; x_wconf 83' lang='lat' dir='ltr'>eos</span> <span class='ocrx_word' id='word_1_53' title='bbox 514 333 643 362; x_wconf 81' lang='lat' dir='ltr'>tandem</span> <span class='ocrx_word' id='word_1_54' title='bbox 670 332 739 361; x_wconf 84' lang='lat' dir='ltr'>litis</span> <span class='ocrx_word' id='word_1_55' title='bbox 763 332 1003 362; x_wconf 65' lang='lat' dir='ltr'>contestatione</span> <span class='ocrx_word' id='word_1_56' title='bbox 1029 336 1142 362; x_wconf 85' lang='lat' dir='ltr'>secuta</span> <span class='ocrx_word' id='word_1_57' title='bbox 1166 332 1204 362; x_wconf 83' lang='lat' dir='ltr'>(le</span> <span class='ocrx_word' id='word_1_58' title='bbox 1230 341 1285 362; x_wconf 89' lang='lat' dir='ltr'>ca-</span> 
     </span>
     <span class='ocr_line' id='line_1_50' title="bbox 316 385 1284 424; baseline -0.001 -9"><span class='ocrx_word' id='word_1_59' title='bbox 316 386 464 424; x_wconf 82' lang='lat' dir='ltr'>lumpnia</span> <span class='ocrx_word' id='word_1_60' title='bbox 482 390 510 415; x_wconf 89' lang='lat' dir='ltr'>et</span> <span class='ocrx_word' id='word_1_61' title='bbox 530 386 666 415; x_wconf 83' lang='lat' dir='ltr'>veritate</span> <span class='ocrx_word' id='word_1_62' title='bbox 683 385 831 420; x_wconf 77' lang='lat' dir='ltr'>(licenda,</span> <span class='ocrx_word' id='word_1_63' title='bbox 854 385 990 423; x_wconf 83' lang='lat' dir='ltr'>prestito</span> <span class='ocrx_word' id='word_1_64' title='bbox 1003 385 1193 424; x_wconf 76' lang='lat' dir='ltr'>juramento</span> <span class='ocrx_word' id='word_1_65' title='bbox 1210 394 1284 424; x_wconf 85' lang='lat' dir='ltr'>par-</span> 
     </span>
     <span class='ocr_line' id='line_1_51' title="bbox 318 438 1285 478; baseline 0.001 -10"><span class='ocrx_word' id='word_1_66' title='bbox 318 439 406 468; x_wconf 88' lang='lat' dir='ltr'>tibus</span> <span class='ocrx_word' id='word_1_67' title='bbox 432 438 471 467; x_wconf 86' lang='lat' dir='ltr'>ab</span> <span class='ocrx_word' id='word_1_68' title='bbox 497 438 633 468; x_wconf 85' lang='lat' dir='ltr'>eisdem.</span> <span class='ocrx_word' id='word_1_69' title='bbox 658 438 820 477; x_wconf 78' lang='lat' dir='ltr'>factisque</span> <span class='ocrx_word' id='word_1_70' title='bbox 842 438 1064 476; x_wconf 72' lang='lat' dir='ltr'>positionibus</span> <span class='ocrx_word' id='word_1_71' title='bbox 1086 448 1121 468; x_wconf 89' lang='lat' dir='ltr'>ac</span> <span class='ocrx_word' id='word_1_72' title='bbox 1148 448 1285 478; x_wconf 86' lang='lat' dir='ltr'>respon—</span> 
     </span>
     <span class='ocr_line' id='line_1_52' title="bbox 318 490 1285 527; baseline 0.001 -7"><span class='ocrx_word' id='word_1_73' title='bbox 318 490 469 521; x_wconf 78' lang='lat' dir='ltr'>sionibus</span> <span class='ocrx_word' id='word_1_74' title='bbox 486 490 685 521; x_wconf 78' lang='lat' dir='ltr'>subsecutis.</span> <span class='ocrx_word' id='word_1_75' title='bbox 701 490 740 519; x_wconf 86' lang='lat' dir='ltr'>ad</span> <span class='ocrx_word' id='word_1_76' title='bbox 755 490 971 527; x_wconf 73' lang='lat' dir='ltr'>allegationes</span> <span class='ocrx_word' id='word_1_77' title='bbox 989 491 1096 520; x_wconf 84' lang='lat' dir='ltr'>extitit</span> <span class='ocrx_word' id='word_1_78' title='bbox 1113 490 1191 520; x_wconf 90' lang='lat' dir='ltr'>binc</span> <span class='ocrx_word' id='word_1_79' title='bbox 1208 492 1285 522; x_wconf 90' lang='lat' dir='ltr'>inde</span> 
     </span>
     <span class='ocr_line' id='line_1_53' title="bbox 316 552 518 582; baseline -0.005 -10"><span class='ocrx_word' id='word_1_80' title='bbox 316 552 518 582; x_wconf 76' lang='lat' dir='ltr'>processum.</span> 
     </span>
    </p>

    <p class='ocr_par' dir='ltr' id='par_1_14' title="bbox 313 596 1285 2057">
     <span class='ocr_line' id='line_1_54' title="bbox 318 596 1285 637; baseline 0.004 -14"><span class='ocrx_word' id='word_1_81' title='bbox 318 609 331 623; x_wconf 81' lang='lat'>»</span> <span class='ocrx_word' id='word_1_82' title='bbox 351 598 475 626; x_wconf 64' lang='lat' dir='ltr'>Verum</span> <span class='ocrx_word' id='word_1_83' title='bbox 496 606 553 635; x_wconf 87' lang='lat' dir='ltr'>per</span> <span class='ocrx_word' id='word_1_84' title='bbox 574 597 726 626; x_wconf 81' lang='lat' dir='ltr'>semitam</span> <span class='ocrx_word' id='word_1_85' title='bbox 750 596 1000 634; x_wconf 73' lang='lat' dir='ltr'>compositionis</span> <span class='ocrx_word' id='word_1_86' title='bbox 1022 601 1050 626; x_wconf 88' lang='lat' dir='ltr'>et</span> <span class='ocrx_word' id='word_1_87' title='bbox 1074 598 1164 636; x_wconf 90' lang='lat' dir='ltr'>pacis</span> <span class='ocrx_word' id='word_1_88' title='bbox 1186 607 1285 637; x_wconf 87' lang='lat' dir='ltr'>quam</span> 
     </span>
     <span class='ocr_line' id='line_1_55' title="bbox 316 649 1284 690; baseline 0.003 -11"><span class='ocrx_word' id='word_1_89' title='bbox 316 650 558 679; x_wconf 85' lang='lat' dir='ltr'>indisseramus</span> <span class='ocrx_word' id='word_1_90' title='bbox 575 650 767 688; x_wconf 73' lang='lat' dir='ltr'>frequenter</span> <span class='ocrx_word' id='word_1_91' title='bbox 784 649 933 688; x_wconf 88' lang='lat' dir='ltr'>partibus</span> <span class='ocrx_word' id='word_1_92' title='bbox 951 650 1142 685; x_wconf 89' lang='lat' dir='ltr'>nominatis,</span> <span class='ocrx_word' id='word_1_93' title='bbox 1161 651 1194 680; x_wconf 94' lang='lat' dir='ltr'>in</span> <span class='ocrx_word' id='word_1_94' title='bbox 1213 651 1284 690; x_wconf 82' lang='lat' dir='ltr'>ipso</span> 
     </span>
     <span class='ocr_line' id='line_1_56' title="bbox 316 702 1284 741; baseline 0.003 -9"><span class='ocrx_word' id='word_1_95' title='bbox 316 703 448 739; x_wconf 76' lang='lat' dir='ltr'>negotio</span> <span class='ocrx_word' id='word_1_96' title='bbox 475 702 650 741; x_wconf 72' lang='lat' dir='ltr'>procedere</span> <span class='ocrx_word' id='word_1_97' title='bbox 670 707 888 741; x_wconf 77' lang='lat' dir='ltr'>nequeuntes.</span> <span class='ocrx_word' id='word_1_98' title='bbox 912 712 948 732; x_wconf 84' lang='lat' dir='ltr'>ac</span> <span class='ocrx_word' id='word_1_99' title='bbox 970 703 1165 741; x_wconf 73' lang='lat' dir='ltr'>diligentius</span> <span class='ocrx_word' id='word_1_100' title='bbox 1190 714 1284 735; x_wconf 90' lang='lat' dir='ltr'>aver-</span> 
     </span>
     <span class='ocr_line' id='line_1_57' title="bbox 317 756 1284 796; baseline 0.003 -11"><span class='ocrx_word' id='word_1_101' title='bbox 317 760 423 786; x_wconf 81' lang='lat' dir='ltr'>tentes</span> <span class='ocrx_word' id='word_1_102' title='bbox 440 756 537 794; x_wconf 91' lang='lat' dir='ltr'>quod.</span> <span class='ocrx_word' id='word_1_103' title='bbox 556 756 583 785; x_wconf 87' lang='lat' dir='ltr'>si</span> <span class='ocrx_word' id='word_1_104' title='bbox 600 756 678 785; x_wconf 88' lang='lat' dir='ltr'>ordo</span> <span class='ocrx_word' id='word_1_105' title='bbox 691 756 891 795; x_wconf 84' lang='lat' dir='ltr'>judiciarius</span> <span class='ocrx_word' id='word_1_106' title='bbox 908 761 1106 793; x_wconf 86' lang='lat' dir='ltr'>servaretur,</span> <span class='ocrx_word' id='word_1_107' title='bbox 1122 766 1196 787; x_wconf 87' lang='lat' dir='ltr'>cum</span> <span class='ocrx_word' id='word_1_108' title='bbox 1213 767 1284 796; x_wconf 90' lang='lat' dir='ltr'>pos-</span> 
     </span>
     <span class='ocr_line' id='line_1_58' title="bbox 316 809 1284 848; baseline 0.002 -9"><span class='ocrx_word' id='word_1_109' title='bbox 316 809 498 839; x_wconf 82' lang='lat' dir='ltr'>sessorium</span> <span class='ocrx_word' id='word_1_110' title='bbox 527 809 708 848; x_wconf 79' lang='lat' dir='ltr'>judicium,</span> <span class='ocrx_word' id='word_1_111' title='bbox 741 809 827 848; x_wconf 86' lang='lat' dir='ltr'>quod</span> <span class='ocrx_word' id='word_1_112' title='bbox 856 810 980 840; x_wconf 83' lang='lat' dir='ltr'>eisdem</span> <span class='ocrx_word' id='word_1_113' title='bbox 1009 810 1236 841; x_wconf 76' lang='lat' dir='ltr'>intentabatur</span> <span class='ocrx_word' id='word_1_114' title='bbox 1265 821 1284 841; x_wconf 88' lang='lat' dir='ltr'>a</span> 
     </span>
     <span class='ocr_line' id='line_1_59' title="bbox 314 863 1284 902; baseline 0.002 -10"><span class='ocrx_word' id='word_1_115' title='bbox 314 863 476 902; x_wconf 88' lang='lat' dir='ltr'>partibus,</span> <span class='ocrx_word' id='word_1_116' title='bbox 490 863 634 901; x_wconf 88' lang='lat' dir='ltr'>plurium</span> <span class='ocrx_word' id='word_1_117' title='bbox 646 872 860 902; x_wconf 81' lang='lat' dir='ltr'>processuum</span> <span class='ocrx_word' id='word_1_118' title='bbox 873 864 1134 894; x_wconf 76' lang='lat' dir='ltr'>obscuritatibus</span> <span class='ocrx_word' id='word_1_119' title='bbox 1151 864 1284 895; x_wconf 89' lang='lat' dir='ltr'>intrica-</span> 
     </span>
     <span class='ocr_line' id='line_1_60' title="bbox 316 916 1283 955; baseline 0.001 -9"><span class='ocrx_word' id='word_1_120' title='bbox 316 921 397 950; x_wconf 86' lang='lat' dir='ltr'>tum,</span> <span class='ocrx_word' id='word_1_121' title='bbox 409 916 457 946; x_wconf 86' lang='lat' dir='ltr'>sic</span> <span class='ocrx_word' id='word_1_122' title='bbox 468 916 555 946; x_wconf 87' lang='lat' dir='ltr'>idem</span> <span class='ocrx_word' id='word_1_123' title='bbox 568 916 753 953; x_wconf 75' lang='lat' dir='ltr'>negocium,</span> <span class='ocrx_word' id='word_1_124' title='bbox 771 917 911 946; x_wconf 79' lang='lat' dir='ltr'>maxime</span> <span class='ocrx_word' id='word_1_125' title='bbox 924 917 964 946; x_wconf 84' lang='lat' dir='ltr'>ob</span> <span class='ocrx_word' id='word_1_126' title='bbox 977 917 1188 955; x_wconf 76' lang='lat' dir='ltr'>probationes</span> <span class='ocrx_word' id='word_1_127' title='bbox 1200 917 1283 948; x_wconf 88' lang='lat' dir='ltr'>alias</span> 
     </span>
     <span class='ocr_line' id='line_1_61' title="bbox 315 969 1283 1009; baseline 0.003 -11"><span class='ocrx_word' id='word_1_128' title='bbox 315 978 398 1008; x_wconf 83' lang='lat' dir='ltr'>quas</span> <span class='ocrx_word' id='word_1_129' title='bbox 413 970 582 1008; x_wconf 83' lang='lat' dir='ltr'>requirere</span> <span class='ocrx_word' id='word_1_130' title='bbox 598 969 782 1004; x_wconf 83' lang='lat' dir='ltr'>videbatur,</span> <span class='ocrx_word' id='word_1_131' title='bbox 799 969 994 1005; x_wconf 79' lang='lat' dir='ltr'>involveret,</span> <span class='ocrx_word' id='word_1_132' title='bbox 1011 970 1098 1009; x_wconf 90' lang='lat' dir='ltr'>quod</span> <span class='ocrx_word' id='word_1_133' title='bbox 1115 971 1283 1001; x_wconf 83' lang='lat' dir='ltr'>modernis</span> 
     </span>
     <span class='ocr_line' id='line_1_62' title="bbox 316 1022 1283 1061; baseline 0.003 -10"><span class='ocrx_word' id='word_1_134' title='bbox 316 1022 520 1060; x_wconf 83' lang='lat' dir='ltr'>temporibus</span> <span class='ocrx_word' id='word_1_135' title='bbox 544 1022 722 1051; x_wconf 88' lang='lat' dir='ltr'>terminum</span> <span class='ocrx_word' id='word_1_136' title='bbox 745 1022 964 1060; x_wconf 82' lang='lat' dir='ltr'>expeditionis</span> <span class='ocrx_word' id='word_1_137' title='bbox 987 1027 1095 1061; x_wconf 90' lang='lat' dir='ltr'>optate</span> <span class='ocrx_word' id='word_1_138' title='bbox 1119 1024 1283 1061; x_wconf 79' lang='lat' dir='ltr'>attingere</span> 
     </span>
     <span class='ocr_line' id='line_1_63' title="bbox 316 1074 1283 1114; baseline 0.003 -11"><span class='ocrx_word' id='word_1_139' title='bbox 316 1074 452 1104; x_wconf 89' lang='lat' dir='ltr'>minime</span> <span class='ocrx_word' id='word_1_140' title='bbox 469 1074 643 1112; x_wconf 85' lang='lat' dir='ltr'>potuisset,</span> <span class='ocrx_word' id='word_1_141' title='bbox 661 1075 741 1113; x_wconf 90' lang='lat' dir='ltr'>quin</span> <span class='ocrx_word' id='word_1_142' title='bbox 757 1075 866 1113; x_wconf 88' lang='lat' dir='ltr'>potius</span> <span class='ocrx_word' id='word_1_143' title='bbox 881 1075 915 1104; x_wconf 93' lang='lat' dir='ltr'>in</span> <span class='ocrx_word' id='word_1_144' title='bbox 933 1076 1092 1105; x_wconf 83' lang='lat' dir='ltr'>anfractis</span> <span class='ocrx_word' id='word_1_145' title='bbox 1109 1077 1283 1114; x_wconf 83' lang='lat' dir='ltr'>profundis</span> 
     </span>
     <span class='ocr_line' id='line_1_64' title="bbox 314 1127 1282 1166; baseline 0.002 -10"><span class='ocrx_word' id='word_1_146' title='bbox 314 1127 509 1156; x_wconf 87' lang='lat' dir='ltr'>immersum</span> <span class='ocrx_word' id='word_1_147' title='bbox 526 1127 690 1157; x_wconf 82' lang='lat' dir='ltr'>extitisset</span> <span class='ocrx_word' id='word_1_148' title='bbox 707 1128 862 1166; x_wconf 87' lang='lat' dir='ltr'>antiquos</span> <span class='ocrx_word' id='word_1_149' title='bbox 875 1128 951 1166; x_wconf 73' lang='lat' dir='ltr'>(sic),</span> <span class='ocrx_word' id='word_1_150' title='bbox 968 1129 1155 1166; x_wconf 81' lang='lat' dir='ltr'>compendii</span> <span class='ocrx_word' id='word_1_151' title='bbox 1173 1130 1282 1159; x_wconf 91' lang='lat' dir='ltr'>trami-</span> 
     </span>
     <span class='ocr_line' id='line_1_65' title="bbox 315 1180 1282 1221; baseline 0.004 -12"><span class='ocrx_word' id='word_1_152' title='bbox 315 1184 379 1210; x_wconf 89' lang='lat' dir='ltr'>tem</span> <span class='ocrx_word' id='word_1_153' title='bbox 403 1180 470 1218; x_wconf 66' lang='grc' dir='ltr'>(εἰς)</span> <span class='ocrx_word' id='word_1_154' title='bbox 492 1180 646 1210; x_wconf 84' lang='lat' dir='ltr'>duximus</span> <span class='ocrx_word' id='word_1_155' title='bbox 670 1180 872 1217; x_wconf 68' lang='lat' dir='ltr'>eligendum.</span> <span class='ocrx_word' id='word_1_156' title='bbox 898 1181 1116 1212; x_wconf 80' lang='lat' dir='ltr'>Attendentes</span> <span class='ocrx_word' id='word_1_157' title='bbox 1141 1192 1282 1221; x_wconf 83' lang='lat' dir='ltr'>namque</span> 
     </span>
     <span class='ocr_line' id='line_1_66' title="bbox 315 1233 1284 1271; baseline 0.004 -10"><span class='ocrx_word' id='word_1_158' title='bbox 315 1233 488 1271; x_wconf 77' lang='lat' dir='ltr'>negocium</span> <span class='ocrx_word' id='word_1_159' title='bbox 506 1233 692 1271; x_wconf 85' lang='lat' dir='ltr'>questionis</span> <span class='ocrx_word' id='word_1_160' title='bbox 714 1233 820 1271; x_wconf 85' lang='lat' dir='ltr'>ipsius</span> <span class='ocrx_word' id='word_1_161' title='bbox 841 1234 929 1264; x_wconf 88' lang='lat' dir='ltr'>inter</span> <span class='ocrx_word' id='word_1_162' title='bbox 949 1234 1193 1265; x_wconf 85' lang='lat' dir='ltr'>ecclesiasticas</span> <span class='ocrx_word' id='word_1_163' title='bbox 1210 1245 1284 1266; x_wconf 88' lang='lat' dir='ltr'>ver-</span> 
     </span>
     <span class='ocr_line' id='line_1_67' title="bbox 314 1286 1283 1327; baseline 0.003 -12"><span class='ocrx_word' id='word_1_164' title='bbox 314 1286 381 1315; x_wconf 85' lang='lat' dir='ltr'>sari</span> <span class='ocrx_word' id='word_1_165' title='bbox 400 1294 569 1323; x_wconf 87' lang='lat' dir='ltr'>personas,</span> <span class='ocrx_word' id='word_1_166' title='bbox 591 1295 673 1324; x_wconf 89' lang='lat' dir='ltr'>quas</span> <span class='ocrx_word' id='word_1_167' title='bbox 691 1286 868 1325; x_wconf 87' lang='lat' dir='ltr'>quicquam</span> <span class='ocrx_word' id='word_1_168' title='bbox 886 1287 1024 1317; x_wconf 90' lang='lat' dir='ltr'>minime</span> <span class='ocrx_word' id='word_1_169' title='bbox 1042 1288 1196 1318; x_wconf 88' lang='lat' dir='ltr'>convenit</span> <span class='ocrx_word' id='word_1_170' title='bbox 1212 1298 1283 1327; x_wconf 91' lang='lat' dir='ltr'>pos-</span> 
     </span>
     <span class='ocr_line' id='line_1_68' title="bbox 313 1338 1284 1379; baseline 0.004 -12"><span class='ocrx_word' id='word_1_171' title='bbox 313 1338 421 1368; x_wconf 86' lang='lat' dir='ltr'>sidere</span> <span class='ocrx_word' id='word_1_172' title='bbox 437 1347 495 1376; x_wconf 88' lang='lat' dir='ltr'>per</span> <span class='ocrx_word' id='word_1_173' title='bbox 511 1338 724 1367; x_wconf 75' lang='lat' dir='ltr'>obscuritatis</span> <span class='ocrx_word' id='word_1_174' title='bbox 742 1339 896 1377; x_wconf 75' lang='lat' dir='ltr'>ambages</span> <span class='ocrx_word' id='word_1_175' title='bbox 914 1348 971 1370; x_wconf 88' lang='lat' dir='ltr'>seu</span> <span class='ocrx_word' id='word_1_176' title='bbox 987 1340 1173 1379; x_wconf 85' lang='lat' dir='ltr'>cujuspiam</span> <span class='ocrx_word' id='word_1_177' title='bbox 1187 1350 1284 1371; x_wconf 86' lang='lat' dir='ltr'>occu-</span> 
     </span>
     <span class='ocr_line' id='line_1_69' title="bbox 313 1390 1284 1432; baseline 0.004 -12"><span class='ocrx_word' id='word_1_178' title='bbox 313 1391 457 1429; x_wconf 88' lang='lat' dir='ltr'>pationis</span> <span class='ocrx_word' id='word_1_179' title='bbox 481 1390 532 1420; x_wconf 87' lang='lat' dir='ltr'>vel</span> <span class='ocrx_word' id='word_1_180' title='bbox 551 1391 788 1421; x_wconf 84' lang='lat' dir='ltr'>detentationis</span> <span class='ocrx_word' id='word_1_181' title='bbox 815 1392 970 1428; x_wconf 88' lang='lat' dir='ltr'>abusum,</span> <span class='ocrx_word' id='word_1_182' title='bbox 999 1394 1284 1432; x_wconf 76' lang='lat' dir='ltr'>sequestravimus</span> 
     </span>
     <span class='ocr_line' id='line_1_70' title="bbox 314 1444 1283 1482; baseline 0.004 -9"><span class='ocrx_word' id='word_1_183' title='bbox 314 1444 400 1482; x_wconf 88' lang='lat' dir='ltr'>apud</span> <span class='ocrx_word' id='word_1_184' title='bbox 426 1444 596 1474; x_wconf 89' lang='lat' dir='ltr'>dominum</span> <span class='ocrx_word' id='word_1_185' title='bbox 623 1453 738 1482; x_wconf 89' lang='lat' dir='ltr'>papam</span> <span class='ocrx_word' id='word_1_186' title='bbox 769 1449 799 1474; x_wconf 88' lang='lat' dir='ltr'>et</span> <span class='ocrx_word' id='word_1_187' title='bbox 825 1445 1009 1475; x_wconf 80' lang='lat' dir='ltr'>Romanam</span> <span class='ocrx_word' id='word_1_188' title='bbox 1035 1446 1217 1477; x_wconf 82' lang='lat' dir='ltr'>Ecclesiam</span> <span class='ocrx_word' id='word_1_189' title='bbox 1243 1447 1283 1477; x_wconf 86' lang='lat' dir='ltr'>ab</span> 
     </span>
     <span class='ocr_line' id='line_1_71' title="bbox 315 1497 1282 1535; baseline 0.003 -9"><span class='ocrx_word' id='word_1_190' title='bbox 315 1497 467 1535; x_wconf 89' lang='lat' dir='ltr'>episcopo</span> <span class='ocrx_word' id='word_1_191' title='bbox 493 1501 523 1526; x_wconf 90' lang='lat' dir='ltr'>et</span> <span class='ocrx_word' id='word_1_192' title='bbox 550 1497 691 1527; x_wconf 80' lang='lat' dir='ltr'>ecclesia</span> <span class='ocrx_word' id='word_1_193' title='bbox 715 1497 925 1535; x_wconf 77' lang='lat' dir='ltr'>Egitaniensi</span> <span class='ocrx_word' id='word_1_194' title='bbox 953 1498 1182 1529; x_wconf 89' lang='lat' dir='ltr'>Covellianum</span> <span class='ocrx_word' id='word_1_195' title='bbox 1209 1508 1282 1529; x_wconf 89' lang='lat' dir='ltr'>cum</span> 
     </span>
     <span class='ocr_line' id='line_1_72' title="bbox 315 1550 1284 1588; baseline 0.003 -9"><span class='ocrx_word' id='word_1_196' title='bbox 315 1550 385 1580; x_wconf 88' lang='lat' dir='ltr'>suis</span> <span class='ocrx_word' id='word_1_197' title='bbox 402 1550 555 1580; x_wconf 88' lang='lat' dir='ltr'>terminis</span> <span class='ocrx_word' id='word_1_198' title='bbox 571 1560 628 1588; x_wconf 92' lang='lat' dir='ltr'>per</span> <span class='ocrx_word' id='word_1_199' title='bbox 640 1550 796 1581; x_wconf 88' lang='lat' dir='ltr'>verticem</span> <span class='ocrx_word' id='word_1_200' title='bbox 813 1551 936 1581; x_wconf 88' lang='lat' dir='ltr'>montis</span> <span class='ocrx_word' id='word_1_201' title='bbox 947 1551 1082 1587; x_wconf 83' lang='lat' dir='ltr'>Ochaie,</span> <span class='ocrx_word' id='word_1_202' title='bbox 1101 1552 1284 1582; x_wconf 87' lang='lat' dir='ltr'>secundum</span> 
     </span>
     <span class='ocr_line' id='line_1_73' title="bbox 316 1603 1282 1642; baseline 0.003 -10"><span class='ocrx_word' id='word_1_203' title='bbox 316 1603 403 1642; x_wconf 91' lang='lat' dir='ltr'>quod</span> <span class='ocrx_word' id='word_1_204' title='bbox 433 1612 517 1642; x_wconf 86' lang='lat' dir='ltr'>aque</span> <span class='ocrx_word' id='word_1_205' title='bbox 546 1603 651 1633; x_wconf 83' lang='lat' dir='ltr'>fluunt</span> <span class='ocrx_word' id='word_1_206' title='bbox 675 1613 791 1634; x_wconf 87' lang='lat' dir='ltr'>versus</span> <span class='ocrx_word' id='word_1_207' title='bbox 813 1604 1054 1641; x_wconf 77' lang='lat' dir='ltr'>Covelbanum,</span> <span class='ocrx_word' id='word_1_208' title='bbox 1084 1605 1282 1642; x_wconf 87' lang='lat' dir='ltr'>Celoricum,</span> 
     </span>
     <span class='ocr_line' id='line_1_74' title="bbox 315 1656 1285 1698; baseline 0.006 -13"><span class='ocrx_word' id='word_1_209' title='bbox 315 1657 454 1686; x_wconf 86' lang='lat' dir='ltr'>Linares</span> <span class='ocrx_word' id='word_1_210' title='bbox 469 1661 497 1686; x_wconf 87' lang='lat' dir='ltr'>et</span> <span class='ocrx_word' id='word_1_211' title='bbox 515 1656 740 1695; x_wconf 81' lang='lat' dir='ltr'>Felgosinum,</span> <span class='ocrx_word' id='word_1_212' title='bbox 755 1666 828 1687; x_wconf 87' lang='lat' dir='ltr'>cum</span> <span class='ocrx_word' id='word_1_213' title='bbox 847 1658 999 1688; x_wconf 87' lang='lat' dir='ltr'>terminis</span> <span class='ocrx_word' id='word_1_214' title='bbox 1012 1667 1135 1695; x_wconf 84' lang='lat' dir='ltr'>eorum,</span> <span class='ocrx_word' id='word_1_215' title='bbox 1152 1669 1285 1698; x_wconf 86' lang='lat' dir='ltr'>posses-</span> 
     </span>
     <span class='ocr_line' id='line_1_75' title="bbox 316 1709 1282 1752; baseline 0.004 -13"><span class='ocrx_word' id='word_1_216' title='bbox 316 1710 494 1748; x_wconf 83' lang='lat' dir='ltr'>sionesque</span> <span class='ocrx_word' id='word_1_217' title='bbox 518 1709 655 1740; x_wconf 85' lang='lat' dir='ltr'>laicales</span> <span class='ocrx_word' id='word_1_218' title='bbox 680 1711 715 1740; x_wconf 92' lang='lat' dir='ltr'>in</span> <span class='ocrx_word' id='word_1_219' title='bbox 740 1711 932 1741; x_wconf 84' lang='lat' dir='ltr'>Covelliano</span> <span class='ocrx_word' id='word_1_220' title='bbox 959 1715 990 1742; x_wconf 91' lang='lat' dir='ltr'>et</span> <span class='ocrx_word' id='word_1_221' title='bbox 1019 1713 1090 1752; x_wconf 90' lang='lat' dir='ltr'>ejus</span> <span class='ocrx_word' id='word_1_222' title='bbox 1118 1714 1282 1749; x_wconf 86' lang='lat' dir='ltr'>terminis,</span> 
     </span>
     <span class='ocr_line' id='line_1_76' title="bbox 315 1763 1284 1805; baseline 0.006 -14"><span class='ocrx_word' id='word_1_223' title='bbox 315 1772 397 1802; x_wconf 87' lang='lat' dir='ltr'>quas</span> <span class='ocrx_word' id='word_1_224' title='bbox 412 1763 630 1793; x_wconf 87' lang='lat' dir='ltr'>determinate</span> <span class='ocrx_word' id='word_1_225' title='bbox 650 1768 680 1793; x_wconf 90' lang='lat' dir='ltr'>et</span> <span class='ocrx_word' id='word_1_226' title='bbox 697 1763 853 1794; x_wconf 84' lang='lat' dir='ltr'>distincte</span> <span class='ocrx_word' id='word_1_227' title='bbox 871 1773 945 1802; x_wconf 87' lang='lat' dir='ltr'>pars</span> <span class='ocrx_word' id='word_1_228' title='bbox 964 1765 1219 1796; x_wconf 85' lang='lat' dir='ltr'>Colimbriensis</span> <span class='ocrx_word' id='word_1_229' title='bbox 1232 1775 1284 1805; x_wconf 87' lang='lat' dir='ltr'>pe-</span> 
     </span>
     <span class='ocr_line' id='line_1_77' title="bbox 316 1815 1284 1857; baseline 0.004 -12"><span class='ocrx_word' id='word_1_230' title='bbox 316 1816 413 1846; x_wconf 86' lang='lat' dir='ltr'>tierat</span> <span class='ocrx_word' id='word_1_231' title='bbox 428 1816 463 1845; x_wconf 89' lang='lat' dir='ltr'>in</span> <span class='ocrx_word' id='word_1_232' title='bbox 480 1815 603 1851; x_wconf 83' lang='lat' dir='ltr'>libello,</span> <span class='ocrx_word' id='word_1_233' title='bbox 622 1821 652 1846; x_wconf 87' lang='lat' dir='ltr'>et</span> <span class='ocrx_word' id='word_1_234' title='bbox 670 1817 704 1845; x_wconf 90' lang='lat' dir='ltr'>in</span> <span class='ocrx_word' id='word_1_235' title='bbox 721 1817 883 1847; x_wconf 90' lang='lat' dir='ltr'>Cellorico</span> <span class='ocrx_word' id='word_1_236' title='bbox 900 1818 1011 1848; x_wconf 90' lang='lat' dir='ltr'>domos</span> <span class='ocrx_word' id='word_1_237' title='bbox 1029 1819 1232 1857; x_wconf 83' lang='lat' dir='ltr'>episcopales</span> <span class='ocrx_word' id='word_1_238' title='bbox 1249 1820 1284 1849; x_wconf 90' lang='lat' dir='ltr'>in</span> 
     </span>
     <span class='ocr_line' id='line_1_78' title="bbox 314 1869 1285 1910; baseline 0.005 -12"><span class='ocrx_word' id='word_1_239' title='bbox 314 1869 490 1907; x_wconf 75' lang='lat' dir='ltr'>parrochia</span> <span class='ocrx_word' id='word_1_240' title='bbox 506 1869 619 1899; x_wconf 80' lang='lat' dir='ltr'>Sancti</span> <span class='ocrx_word' id='word_1_241' title='bbox 635 1870 778 1904; x_wconf 85' lang='lat' dir='ltr'>Andree,</span> <span class='ocrx_word' id='word_1_242' title='bbox 797 1871 905 1909; x_wconf 86' lang='lat' dir='ltr'>quoad</span> <span class='ocrx_word' id='word_1_243' title='bbox 921 1871 1032 1901; x_wconf 86' lang='lat' dir='ltr'>omnia</span> <span class='ocrx_word' id='word_1_244' title='bbox 1050 1881 1112 1910; x_wconf 90' lang='lat' dir='ltr'>que</span> <span class='ocrx_word' id='word_1_245' title='bbox 1127 1873 1285 1910; x_wconf 90' lang='lat' dir='ltr'>peteban-</span> 
     </span>
     <span class='ocr_line' id='line_1_79' title="bbox 315 1921 1285 1964; baseline 0.005 -13"><span class='ocrx_word' id='word_1_246' title='bbox 315 1926 368 1951; x_wconf 87' lang='lat' dir='ltr'>tur</span> <span class='ocrx_word' id='word_1_247' title='bbox 384 1922 419 1950; x_wconf 91' lang='lat' dir='ltr'>in</span> <span class='ocrx_word' id='word_1_248' title='bbox 438 1921 520 1951; x_wconf 91' lang='lat' dir='ltr'>locis</span> <span class='ocrx_word' id='word_1_249' title='bbox 537 1926 567 1951; x_wconf 87' lang='lat' dir='ltr'>et</span> <span class='ocrx_word' id='word_1_250' title='bbox 585 1922 737 1952; x_wconf 84' lang='lat' dir='ltr'>domibus</span> <span class='ocrx_word' id='word_1_251' title='bbox 757 1923 957 1961; x_wconf 88' lang='lat' dir='ltr'>supradictis</span> <span class='ocrx_word' id='word_1_252' title='bbox 975 1934 981 1952; x_wconf 82' lang='lat' dir='ltr'><strong><em>z</em></strong></span> <span class='ocrx_word' id='word_1_253' title='bbox 1000 1934 1063 1963; x_wconf 87' lang='lat' dir='ltr'>que</span> <span class='ocrx_word' id='word_1_254' title='bbox 1080 1926 1191 1955; x_wconf 89' lang='lat' dir='ltr'>omnia</span> <span class='ocrx_word' id='word_1_255' title='bbox 1208 1927 1285 1964; x_wconf 84' lang='lat' dir='ltr'>Egi—-</span> 
     </span>
     <span class='ocr_line' id='line_1_80' title="bbox 316 1974 1284 2016; baseline 0.006 -13"><span class='ocrx_word' id='word_1_256' title='bbox 316 1975 502 2004; x_wconf 83' lang='lat' dir='ltr'>taniensem</span> <span class='ocrx_word' id='word_1_257' title='bbox 520 1974 694 2004; x_wconf 87' lang='lat' dir='ltr'>ecclesiam</span> <span class='ocrx_word' id='word_1_258' title='bbox 712 1976 880 2013; x_wconf 86' lang='lat' dir='ltr'>possidere</span> <span class='ocrx_word' id='word_1_259' title='bbox 893 1977 943 2007; x_wconf 84' lang='lat' dir='ltr'>vel</span> <span class='ocrx_word' id='word_1_260' title='bbox 955 1977 1050 2016; x_wconf 88' lang='lat' dir='ltr'>quasi</span> <span class='ocrx_word' id='word_1_261' title='bbox 1063 1979 1284 2016; x_wconf 83' lang='lat' dir='ltr'>comperimus</span> 
     </span>
     <span class='ocr_line' id='line_1_81' title="bbox 315 2032 521 2057; baseline -0.005 0"><span class='ocrx_word' id='word_1_262' title='bbox 315 2037 373 2057; x_wconf 85' lang='lat' dir='ltr'>seu</span> <span class='ocrx_word' id='word_1_263' title='bbox 397 2032 521 2057; x_wconf 87' lang='lat' dir='ltr'>tenere.</span> 
     </span>
    </p>

    <p class='ocr_par' dir='ltr' id='par_1_15' title="bbox 315 2081 1286 2908">
     <span class='ocr_line' id='line_1_82' title="bbox 317 2081 1284 2122; baseline 0.005 -13"><span class='ocrx_word' id='word_1_264' title='bbox 317 2094 330 2107; x_wconf 92' lang='lat'>»</span> <span class='ocrx_word' id='word_1_265' title='bbox 350 2081 507 2119; x_wconf 86' lang='lat' dir='ltr'>Idemque</span> <span class='ocrx_word' id='word_1_266' title='bbox 526 2090 583 2118; x_wconf 88' lang='lat' dir='ltr'>per</span> <span class='ocrx_word' id='word_1_267' title='bbox 600 2081 711 2111; x_wconf 82' lang='lat' dir='ltr'>onmia</span> <span class='ocrx_word' id='word_1_268' title='bbox 725 2082 865 2111; x_wconf 86' lang='lat' dir='ltr'>fecimus</span> <span class='ocrx_word' id='word_1_269' title='bbox 882 2083 920 2111; x_wconf 88' lang='lat' dir='ltr'>de</span> <span class='ocrx_word' id='word_1_270' title='bbox 935 2083 1009 2122; x_wconf 89' lang='lat' dir='ltr'>jure</span> <span class='ocrx_word' id='word_1_271' title='bbox 1025 2088 1219 2121; x_wconf 82' lang='lat' dir='ltr'>patronatus</span> <span class='ocrx_word' id='word_1_272' title='bbox 1237 2093 1284 2114; x_wconf 89' lang='lat' dir='ltr'>ec-</span> 
     </span>
     <span class='ocr_line' id='line_1_83' title="bbox 315 2133 1285 2175; baseline 0.003 -12"><span class='ocrx_word' id='word_1_273' title='bbox 315 2133 415 2163; x_wconf 89' lang='lat' dir='ltr'>clesie</span> <span class='ocrx_word' id='word_1_274' title='bbox 433 2134 552 2163; x_wconf 81' lang='lat' dir='ltr'>Sancte</span> <span class='ocrx_word' id='word_1_275' title='bbox 570 2134 673 2164; x_wconf 61' lang='lat' dir='ltr'>ltiarie</span> <span class='ocrx_word' id='word_1_276' title='bbox 688 2134 727 2164; x_wconf 90' lang='lat' dir='ltr'>de</span> <span class='ocrx_word' id='word_1_277' title='bbox 745 2135 948 2171; x_wconf 86' lang='lat' dir='ltr'>Covelliano,</span> <span class='ocrx_word' id='word_1_278' title='bbox 967 2135 1043 2165; x_wconf 86' lang='lat' dir='ltr'>dum</span> <span class='ocrx_word' id='word_1_279' title='bbox 1059 2140 1186 2166; x_wconf 88' lang='lat' dir='ltr'>tantum</span> <span class='ocrx_word' id='word_1_280' title='bbox 1199 2137 1285 2175; x_wconf 90' lang='lat' dir='ltr'>apud</span> 
     </span>
     <span class='ocr_line' id='line_1_84' title="bbox 315 2186 1282 2227; baseline 0.005 -12"><span class='ocrx_word' id='word_1_281' title='bbox 315 2186 564 2224; x_wconf 76' lang='lat' dir='ltr'>Egitaniensem</span> <span class='ocrx_word' id='word_1_282' title='bbox 596 2187 787 2225; x_wconf 83' lang='lat' dir='ltr'>episcopum</span> <span class='ocrx_word' id='word_1_283' title='bbox 816 2187 866 2217; x_wconf 84' lang='lat' dir='ltr'>vel</span> <span class='ocrx_word' id='word_1_284' title='bbox 897 2187 1071 2218; x_wconf 87' lang='lat' dir='ltr'>ecclesiam</span> <span class='ocrx_word' id='word_1_285' title='bbox 1099 2190 1282 2227; x_wconf 73' lang='lat' dir='ltr'>possessio,</span> 
     </span>
     <span class='ocr_line' id='line_1_85' title="bbox 317 2239 1285 2281; baseline 0.004 -12"><span class='ocrx_word' id='word_1_286' title='bbox 317 2239 368 2269; x_wconf 85' lang='lat' dir='ltr'>vel</span> <span class='ocrx_word' id='word_1_287' title='bbox 385 2239 492 2277; x_wconf 82' lang='lat' dir='ltr'>quasi,</span> <span class='ocrx_word' id='word_1_288' title='bbox 511 2244 564 2268; x_wconf 87' lang='lat' dir='ltr'>aut</span> <span class='ocrx_word' id='word_1_289' title='bbox 580 2239 725 2269; x_wconf 84' lang='lat' dir='ltr'>detentio</span> <span class='ocrx_word' id='word_1_290' title='bbox 742 2245 827 2270; x_wconf 82' lang='lat' dir='ltr'>esset</span> <span class='ocrx_word' id='word_1_291' title='bbox 840 2241 957 2278; x_wconf 84' lang='lat' dir='ltr'>ipsius.</span> <span class='ocrx_word' id='word_1_292' title='bbox 974 2241 1136 2271; x_wconf 80' lang='lat' dir='ltr'>Similiter</span> <span class='ocrx_word' id='word_1_293' title='bbox 1148 2252 1285 2281; x_wconf 86' lang='lat' dir='ltr'>seques—</span> 
     </span>
     <span class='ocr_line' id='line_1_86' title="bbox 317 2291 1285 2330; baseline 0.006 -10"><span class='ocrx_word' id='word_1_294' title='bbox 317 2292 477 2320; x_wconf 82' lang='lat' dir='ltr'>travimus</span> <span class='ocrx_word' id='word_1_295' title='bbox 508 2291 547 2320; x_wconf 89' lang='lat' dir='ltr'>ab</span> <span class='ocrx_word' id='word_1_296' title='bbox 575 2292 727 2330; x_wconf 83' lang='lat' dir='ltr'>episcopo</span> <span class='ocrx_word' id='word_1_297' title='bbox 755 2297 785 2321; x_wconf 86' lang='lat' dir='ltr'>et</span> <span class='ocrx_word' id='word_1_298' title='bbox 814 2293 953 2323; x_wconf 84' lang='lat' dir='ltr'>ecclesia</span> <span class='ocrx_word' id='word_1_299' title='bbox 983 2294 1285 2326; x_wconf 85' lang='lat' dir='ltr'>Colimhriensibus</span> 
     </span>
     <span class='ocr_line' id='line_1_87' title="bbox 318 2344 1282 2384; baseline 0.006 -11"><span class='ocrx_word' id='word_1_300' title='bbox 318 2344 402 2382; x_wconf 86' lang='lat' dir='ltr'>apud</span> <span class='ocrx_word' id='word_1_301' title='bbox 434 2344 562 2373; x_wconf 83' lang='lat' dir='ltr'>eosdem</span> <span class='ocrx_word' id='word_1_302' title='bbox 595 2345 766 2374; x_wconf 68' lang='lat' dir='ltr'>&lt;lominum</span> <span class='ocrx_word' id='word_1_303' title='bbox 801 2350 831 2375; x_wconf 83' lang='lat' dir='ltr'>et</span> <span class='ocrx_word' id='word_1_304' title='bbox 862 2347 1046 2376; x_wconf 80' lang='lat' dir='ltr'>Romanam</span> <span class='ocrx_word' id='word_1_305' title='bbox 1078 2348 1260 2378; x_wconf 86' lang='lat' dir='ltr'>Ecclesiam</span> <span class='ocrx_word' id='word_1_306' title='bbox 1277 2373 1282 2384; x_wconf 98' lang='lat'>,</span> 
     </span>
     <span class='ocr_line' id='line_1_88' title="bbox 318 2396 1281 2438; baseline 0.006 -13"><span class='ocrx_word' id='word_1_307' title='bbox 318 2396 425 2435; x_wconf 88' lang='lat' dir='ltr'>quoad</span> <span class='ocrx_word' id='word_1_308' title='bbox 438 2406 553 2434; x_wconf 81' lang='lat' dir='ltr'>eaque</span> <span class='ocrx_word' id='word_1_309' title='bbox 573 2398 768 2434; x_wconf 74' lang='lat' dir='ltr'>petebantur</span> <span class='ocrx_word' id='word_1_310' title='bbox 785 2399 816 2427; x_wconf 90' lang='lat' dir='ltr'>in</span> <span class='ocrx_word' id='word_1_311' title='bbox 835 2399 894 2429; x_wconf 83' lang='lat' dir='ltr'>eis.</span> <span class='ocrx_word' id='word_1_312' title='bbox 914 2399 1034 2429; x_wconf 82' lang='lat' dir='ltr'>Senam</span> <span class='ocrx_word' id='word_1_313' title='bbox 1048 2401 1281 2438; x_wconf 87' lang='lat' dir='ltr'>etGaudelam,</span> 
     </span>
     <span class='ocr_line' id='line_1_89' title="bbox 318 2449 1284 2488; baseline 0.006 -10"><span class='ocrx_word' id='word_1_314' title='bbox 318 2458 390 2478; x_wconf 85' lang='lat' dir='ltr'>cum</span> <span class='ocrx_word' id='word_1_315' title='bbox 415 2449 565 2477; x_wconf 78' lang='lat' dir='ltr'>terminis</span> <span class='ocrx_word' id='word_1_316' title='bbox 589 2450 670 2486; x_wconf 84' lang='lat' dir='ltr'>suis,</span> <span class='ocrx_word' id='word_1_317' title='bbox 695 2451 893 2488; x_wconf 80' lang='lat' dir='ltr'>quibusdam</span> <span class='ocrx_word' id='word_1_318' title='bbox 909 2451 1006 2481; x_wconf 87' lang='lat' dir='ltr'>locis.</span> <span class='ocrx_word' id='word_1_319' title='bbox 1033 2453 1102 2482; x_wconf 80' lang='lat' dir='ltr'>sive</span> <span class='ocrx_word' id='word_1_320' title='bbox 1116 2458 1227 2483; x_wconf 84' lang='lat' dir='ltr'>essent</span> <span class='ocrx_word' id='word_1_321' title='bbox 1246 2454 1284 2484; x_wconf 84' lang='lat' dir='ltr'>de</span> 
     </span>
     <span class='ocr_line' id='line_1_90' title="bbox 318 2501 1284 2544; baseline 0.006 -13"><span class='ocrx_word' id='word_1_322' title='bbox 318 2501 487 2536; x_wconf 75' lang='lat' dir='ltr'>terminis,</span> <span class='ocrx_word' id='word_1_323' title='bbox 511 2502 580 2531; x_wconf 74' lang='lat' dir='ltr'>sive</span> <span class='ocrx_word' id='word_1_324' title='bbox 605 2512 679 2537; x_wconf 84' lang='lat' dir='ltr'>non,</span> <span class='ocrx_word' id='word_1_325' title='bbox 709 2504 849 2533; x_wconf 77' lang='lat' dir='ltr'>iuferius</span> <span class='ocrx_word' id='word_1_326' title='bbox 874 2506 1053 2535; x_wconf 83' lang='lat' dir='ltr'>nominatis</span> <span class='ocrx_word' id='word_1_327' title='bbox 1071 2507 1225 2544; x_wconf 73' lang='lat' dir='ltr'>exceptis.</span> <span class='ocrx_word' id='word_1_328' title='bbox 1247 2507 1284 2537; x_wconf 73' lang='lat' dir='ltr'>tle</span> 
     </span>
     <span class='ocr_line' id='line_1_91' title="bbox 319 2554 1285 2594; baseline 0.007 -12"><span class='ocrx_word' id='word_1_329' title='bbox 319 2554 439 2592; x_wconf 84' lang='lat' dir='ltr'>quibus</span> <span class='ocrx_word' id='word_1_330' title='bbox 456 2554 663 2591; x_wconf 80' lang='lat' dir='ltr'>postmodum</span> <span class='ocrx_word' id='word_1_331' title='bbox 681 2555 787 2585; x_wconf 80' lang='lat' dir='ltr'>extitit</span> <span class='ocrx_word' id='word_1_332' title='bbox 809 2557 962 2594; x_wconf 82' lang='lat' dir='ltr'>specialis</span> <span class='ocrx_word' id='word_1_333' title='bbox 982 2558 1146 2588; x_wconf 86' lang='lat' dir='ltr'>ordinatio</span> <span class='ocrx_word' id='word_1_334' title='bbox 1169 2560 1285 2589; x_wconf 80' lang='lat' dir='ltr'>subse-</span> 
     </span>
     <span class='ocr_line' id='line_1_92' title="bbox 319 2609 1283 2650; baseline 0.007 -15"><span class='ocrx_word' id='word_1_335' title='bbox 319 2611 404 2642; x_wconf 84' lang='lat' dir='ltr'>cuta,</span> <span class='ocrx_word' id='word_1_336' title='bbox 424 2616 563 2635; x_wconf 88' lang='lat' dir='ltr'>necnon</span> <span class='ocrx_word' id='word_1_337' title='bbox 582 2609 854 2639; x_wconf 56' lang='lat' dir='ltr'>Avoo,S;111‹·t1nn</span> <span class='ocrx_word' id='word_1_338' title='bbox 872 2611 1067 2647; x_wconf 72' lang='lat' dir='ltr'>Romanum,</span> <span class='ocrx_word' id='word_1_339' title='bbox 1087 2612 1283 2650; x_wconf 71' lang='lat' dir='ltr'>etArganis,</span> 
     </span>
     <span class='ocr_line' id='line_1_93' title="bbox 320 2659 1285 2700; baseline 0.007 -12"><span class='ocrx_word' id='word_1_340' title='bbox 320 2668 459 2698; x_wconf 90' lang='lat' dir='ltr'>quorum</span> <span class='ocrx_word' id='word_1_341' title='bbox 479 2659 626 2688; x_wconf 84' lang='lat' dir='ltr'>omnium</span> <span class='ocrx_word' id='word_1_342' title='bbox 649 2660 752 2690; x_wconf 86' lang='lat' dir='ltr'>dictos</span> <span class='ocrx_word' id='word_1_343' title='bbox 775 2662 962 2700; x_wconf 74' lang='lat' dir='ltr'>episcopum</span> <span class='ocrx_word' id='word_1_344' title='bbox 985 2668 1013 2692; x_wconf 80' lang='lat' dir='ltr'>et</span> <span class='ocrx_word' id='word_1_345' title='bbox 1032 2664 1205 2694; x_wconf 81' lang='lat' dir='ltr'>ecclesiam</span> <span class='ocrx_word' id='word_1_346' title='bbox 1222 2666 1285 2695; x_wconf 88' lang='lat' dir='ltr'>Co-</span> 
     </span>
     <span class='ocr_line' id='line_1_94' title="bbox 319 2713 1285 2756; baseline 0.007 -15"><span class='ocrx_word' id='word_1_347' title='bbox 319 2713 531 2741; x_wconf 85' lang='lat' dir='ltr'>limbrienses</span> <span class='ocrx_word' id='word_1_348' title='bbox 555 2714 737 2750; x_wconf 79' lang='lat' dir='ltr'>reperimus</span> <span class='ocrx_word' id='word_1_349' title='bbox 766 2725 990 2752; x_wconf 62' lang='lat' dir='ltr'>possessores.</span> <span class='ocrx_word' id='word_1_350' title='bbox 1018 2717 1068 2747; x_wconf 86' lang='lat' dir='ltr'>vel</span> <span class='ocrx_word' id='word_1_351' title='bbox 1092 2719 1204 2756; x_wconf 86' lang='lat' dir='ltr'>quasi.</span> <span class='ocrx_word' id='word_1_352' title='bbox 1228 2728 1285 2748; x_wconf 80' lang='lat' dir='ltr'>seu</span> 
     </span>
     <span class='ocr_line' id='line_1_95' title="bbox 320 2765 1286 2803; baseline 0.008 -10"><span class='ocrx_word' id='word_1_353' title='bbox 320 2765 518 2793; x_wconf 78' lang='lat' dir='ltr'>detentores.</span> <span class='ocrx_word' id='word_1_354' title='bbox 538 2767 727 2795; x_wconf 55' lang='lat' dir='ltr'>Status-ntes</span> <span class='ocrx_word' id='word_1_355' title='bbox 751 2776 785 2795; x_wconf 84' lang='lat' dir='ltr'>ac</span> <span class='ocrx_word' id='word_1_356' title='bbox 808 2768 904 2796; x_wconf 64' lang='lat' dir='ltr'>etiam</span> <span class='ocrx_word' id='word_1_357' title='bbox 926 2769 1155 2803; x_wconf 58' lang='lat' dir='ltr'>dwernentes,</span> <span class='ocrx_word' id='word_1_358' title='bbox 1178 2776 1209 2800; x_wconf 91' lang='lat' dir='ltr'>ut</span> <span class='ocrx_word' id='word_1_359' title='bbox 1231 2782 1286 2801; x_wconf 80' lang='lat' dir='ltr'>ex—</span> 
     </span>
     <span class='ocr_line' id='line_1_96' title="bbox 320 2818 1286 2862; baseline 0.008 -17"><span class='ocrx_word' id='word_1_360' title='bbox 320 2822 396 2845; x_wconf 85' lang='lat' dir='ltr'>tunc</span> <span class='ocrx_word' id='word_1_361' title='bbox 415 2818 532 2854; x_wconf 81' lang='lat' dir='ltr'>prefati</span> <span class='ocrx_word' id='word_1_362' title='bbox 551 2818 703 2848; x_wconf 69' lang='lat' dir='ltr'>:lominus</span> <span class='ocrx_word' id='word_1_363' title='bbox 724 2829 803 2857; x_wconf 77' lang='lat' dir='ltr'>papa</span> <span class='ocrx_word' id='word_1_364' title='bbox 829 2826 856 2849; x_wconf 67' lang='lat' dir='ltr'>et</span> <span class='ocrx_word' id='word_1_365' title='bbox 878 2821 1022 2851; x_wconf 59' lang='lat' dir='ltr'>Ecclesia</span> <span class='ocrx_word' id='word_1_366' title='bbox 1041 2824 1188 2852; x_wconf 79' lang='lat' dir='ltr'>Romana</span> <span class='ocrx_word' id='word_1_367' title='bbox 1214 2835 1286 2862; x_wconf 79' lang='lat' dir='ltr'>pre-</span> 
     </span>
     <span class='ocr_line' id='line_1_97' title="bbox 320 2869 1285 2908; baseline 0.009 -11"><span class='ocrx_word' id='word_1_368' title='bbox 320 2869 404 2898; x_wconf 81' lang='lat' dir='ltr'>dicta</span> <span class='ocrx_word' id='word_1_369' title='bbox 423 2870 532 2898; x_wconf 82' lang='lat' dir='ltr'>omnia</span> <span class='ocrx_word' id='word_1_370' title='bbox 555 2880 628 2898; x_wconf 71' lang='lat' dir='ltr'>ver·¹</span> <span class='ocrx_word' id='word_1_371' title='bbox 648 2871 852 2908; x_wconf 75' lang='lat' dir='ltr'>possiderent</span> <span class='ocrx_word' id='word_1_372' title='bbox 879 2874 917 2901; x_wconf 76' lang='lat' dir='ltr'>:nl</span> <span class='ocrx_word' id='word_1_373' title='bbox 940 2874 1119 2904; x_wconf 67' lang='lat' dir='ltr'>utilitatem</span> <span class='ocrx_word' id='word_1_374' title='bbox 1142 2881 1167 2904; x_wconf 71' lang='lat' dir='ltr'>et</span> <span class='ocrx_word' id='word_1_375' title='bbox 1197 2886 1285 2906; x_wconf 75' lang='lat' dir='ltr'>coiu-</span> 
     </span>
    </p>
   </div>
   <div class='ocr_carea' id='block_1_9' title="bbox 321 2922 1284 2966">
    <p class='ocr_par' dir='ltr' id='par_1_16' title="bbox 321 2922 1284 2966">
     <span class='ocr_line' id='line_1_98' title="bbox 321 2922 1284 2966; baseline 0.009 -17"><span class='ocrx_word' id='word_1_376' title='bbox 321 2922 452 2951; x_wconf 76' lang='lat' dir='ltr'>niodtuu</span> <span class='ocrx_word' id='word_1_377' title='bbox 490 2923 631 2960; x_wconf 78' lang='lat' dir='ltr'>partiunt</span> <span class='ocrx_word' id='word_1_378' title='bbox 663 2925 840 2953; x_wconf 57' lang='lat' dir='ltr'>earundem</span> <span class='ocrx_word' id='word_1_379' title='bbox 878 2926 925 2954; x_wconf 64' lang='lat' dir='ltr'>wl</span> <span class='ocrx_word' id='word_1_380' title='bbox 965 2927 1100 2956; x_wconf 58' lang='lat' dir='ltr'>ansi-ins</span> <span class='ocrx_word' id='word_1_381' title='bbox 1139 2929 1284 2966; x_wconf 78' lang='lat' dir='ltr'>ipsarum</span> 
     </span>
    </p>
   </div>
   <div class='ocr_carea' id='block_1_10' title="bbox 1370 344 1383 731">
    <p class='ocr_par' dir='ltr' id='par_1_17' title="bbox 1370 344 1383 731">
     <span class='ocr_line' id='line_1_99' title="bbox 1370 344 1382 358; baseline 0 0"><span class='ocrx_word' id='word_1_382' title='bbox 1370 344 1382 358; x_wconf 72' lang='lat' dir='ltr'>&gt;a</span> 
     </span>
     <span class='ocr_line' id='line_1_100' title="bbox 1370 397 1383 411; baseline 0 0"><span class='ocrx_word' id='word_1_383' title='bbox 1370 397 1383 411; x_wconf 80' lang='grc'>1)</span> 
     </span>
     <span class='ocr_line' id='line_1_101' title="bbox 1371 450 1382 464; baseline 0 0"><span class='ocrx_word' id='word_1_384' title='bbox 1371 450 1382 464; x_wconf 72' lang='lat' dir='ltr'>n</span> 
     </span>
     <span class='ocr_line' id='line_1_102' title="bbox 1370 503 1383 517; baseline 0 0"><span class='ocrx_word' id='word_1_385' title='bbox 1370 503 1383 517; x_wconf 71' lang='lat'>5)</span> 
     </span>
     <span class='ocr_line' id='line_1_103' title="bbox 1371 557 1383 571; baseline 0 0"><span class='ocrx_word' id='word_1_386' title='bbox 1371 557 1383 571; x_wconf 73' lang='lat'>5)</span> 
     </span>
     <span class='ocr_line' id='line_1_104' title="bbox 1370 611 1382 625; baseline -0.083 0"><span class='ocrx_word' id='word_1_387' title='bbox 1370 611 1382 625; x_wconf 75' lang='lat' dir='ltr'>l)</span> 
     </span>
     <span class='ocr_line' id='line_1_105' title="bbox 1370 663 1383 678; baseline 0 0"><span class='ocrx_word' id='word_1_388' title='bbox 1370 663 1383 678; x_wconf 66' lang='grc' dir='ltr'>Σ)</span> 
     </span>
     <span class='ocr_line' id='line_1_106' title="bbox 1370 717 1382 731; baseline 0 0"><span class='ocrx_word' id='word_1_389' title='bbox 1370 717 1382 731; x_wconf 85' lang='grc'>))</span> 
     </span>
    </p>
   </div>
   <div class='ocr_carea' id='block_1_11' title="bbox 1369 770 1382 785">
    <p class='ocr_par' dir='ltr' id='par_1_18' title="bbox 1369 770 1382 785">
     <span class='ocr_line' id='line_1_107' title="bbox 1369 770 1382 785; baseline 0 0"><span class='ocrx_word' id='word_1_390' title='bbox 1369 770 1382 785; x_wconf 74' lang='grc'>1)</span> 
     </span>
    </p>
   </div>
   <div class='ocr_carea' id='block_1_12' title="bbox 1369 824 1382 839">
    <p class='ocr_par' dir='ltr' id='par_1_19' title="bbox 1369 824 1382 839">
     <span class='ocr_line' id='line_1_108' title="bbox 1369 824 1382 839; baseline 0 0"><span class='ocrx_word' id='word_1_391' title='bbox 1369 824 1382 839; x_wconf 68' lang='grc'>1)</span> 
     </span>
    </p>
   </div>
   <div class='ocr_carea' id='block_1_13' title="bbox 1368 930 1382 1739">
    <p class='ocr_par' dir='ltr' id='par_1_20' title="bbox 1368 930 1382 1739">
     <span class='ocr_line' id='line_1_109' title="bbox 1369 930 1382 945; baseline 0 0"><span class='ocrx_word' id='word_1_392' title='bbox 1369 930 1382 945; x_wconf 75' lang='lat'>7)</span> 
     </span>
     <span class='ocr_line' id='line_1_110' title="bbox 1368 983 1382 999; baseline 0 0"><span class='ocrx_word' id='word_1_393' title='bbox 1368 983 1382 999; x_wconf 93' lang='grc'>))</span> 
     </span>
     <span class='ocr_line' id='line_1_111' title="bbox 1369 1037 1382 1051; baseline 0 0"><span class='ocrx_word' id='word_1_394' title='bbox 1369 1037 1382 1051; x_wconf 84' lang='grc'>))</span> 
     </span>
     <span class='ocr_line' id='line_1_112' title="bbox 1369 1090 1382 1104; baseline -0.077 0"><span class='ocrx_word' id='word_1_395' title='bbox 1369 1090 1382 1104; x_wconf 85' lang='grc'>))</span> 
     </span>
     <span class='ocr_line' id='line_1_113' title="bbox 1369 1143 1382 1157; baseline -0.077 0"><span class='ocrx_word' id='word_1_396' title='bbox 1369 1143 1382 1157; x_wconf 86' lang='grc'>))</span> 
     </span>
     <span class='ocr_line' id='line_1_114' title="bbox 1369 1195 1382 1209; baseline 0 0"><span class='ocrx_word' id='word_1_397' title='bbox 1369 1195 1382 1209; x_wconf 90' lang='grc'>))</span> 
     </span>
     <span class='ocr_line' id='line_1_115' title="bbox 1369 1248 1382 1262; baseline 0 0"><span class='ocrx_word' id='word_1_398' title='bbox 1369 1248 1382 1262; x_wconf 81' lang='grc'>&gt;)</span> 
     </span>
     <span class='ocr_line' id='line_1_116' title="bbox 1369 1301 1381 1315; baseline 0 0"><span class='ocrx_word' id='word_1_399' title='bbox 1369 1301 1381 1315; x_wconf 91' lang='grc'>))</span> 
     </span>
     <span class='ocr_line' id='line_1_117' title="bbox 1369 1354 1381 1368; baseline 0 0"><span class='ocrx_word' id='word_1_400' title='bbox 1369 1354 1381 1368; x_wconf 82' lang='grc'>))</span> 
     </span>
     <span class='ocr_line' id='line_1_118' title="bbox 1369 1407 1381 1421; baseline 0 0"><span class='ocrx_word' id='word_1_401' title='bbox 1369 1407 1381 1421; x_wconf 90' lang='grc'>))</span> 
     </span>
     <span class='ocr_line' id='line_1_119' title="bbox 1368 1459 1382 1474; baseline 0 0"><span class='ocrx_word' id='word_1_402' title='bbox 1368 1459 1382 1474; x_wconf 69' lang='grc' dir='ltr'>Ὶ)</span> 
     </span>
     <span class='ocr_line' id='line_1_120' title="bbox 1369 1512 1382 1527; baseline 0 0"><span class='ocrx_word' id='word_1_403' title='bbox 1369 1512 1382 1527; x_wconf 83' lang='grc'>))</span> 
     </span>
     <span class='ocr_line' id='line_1_121' title="bbox 1369 1565 1382 1580; baseline 0 0"><span class='ocrx_word' id='word_1_404' title='bbox 1369 1565 1382 1580; x_wconf 88' lang='grc'>))</span> 
     </span>
     <span class='ocr_line' id='line_1_122' title="bbox 1369 1619 1382 1633; baseline 0 0"><span class='ocrx_word' id='word_1_405' title='bbox 1369 1619 1382 1633; x_wconf 87' lang='grc'>))</span> 
     </span>
     <span class='ocr_line' id='line_1_123' title="bbox 1369 1672 1382 1687; baseline 0 0"><span class='ocrx_word' id='word_1_406' title='bbox 1369 1672 1382 1687; x_wconf 72' lang='grc' dir='ltr'>ὶ)</span> 
     </span>
     <span class='ocr_line' id='line_1_124' title="bbox 1369 1725 1382 1739; baseline 0 0"><span class='ocrx_word' id='word_1_407' title='bbox 1369 1725 1382 1739; x_wconf 65' lang='lat' dir='ltr'>D</span> 
     </span>
    </p>
   </div>
   <div class='ocr_carea' id='block_1_14' title="bbox 1369 1778 1382 1793">
    <p class='ocr_par' dir='ltr' id='par_1_21' title="bbox 1369 1778 1382 1793">
     <span class='ocr_line' id='line_1_125' title="bbox 1369 1778 1382 1793; baseline -0.077 0"><span class='ocrx_word' id='word_1_408' title='bbox 1369 1778 1382 1793; x_wconf 68' lang='lat'>³)</span> 
     </span>
    </p>
   </div>
   <div class='ocr_carea' id='block_1_15' title="bbox 1369 1884 1382 2005">
    <p class='ocr_par' dir='ltr' id='par_1_22' title="bbox 1369 1884 1382 2005">
     <span class='ocr_line' id='line_1_126' title="bbox 1369 1884 1382 1899; baseline 0 0"><span class='ocrx_word' id='word_1_409' title='bbox 1369 1884 1382 1899; x_wconf 91' lang='grc'>))</span> 
     </span>
     <span class='ocr_line' id='line_1_127' title="bbox 1369 1937 1381 1950; baseline 0 0"><span class='ocrx_word' id='word_1_410' title='bbox 1369 1937 1381 1950; x_wconf 75' lang='grc'>))</span> 
     </span>
     <span class='ocr_line' id='line_1_128' title="bbox 1369 1990 1382 2005; baseline 0 0"><span class='ocrx_word' id='word_1_411' title='bbox 1369 1990 1382 2005; x_wconf 81' lang='lat'>›&gt;</span> 
     </span>
    </p>
   </div>
   <div class='ocr_carea' id='block_1_16' title="bbox 1370 2043 1382 2057">
    <p class='ocr_par' dir='ltr' id='par_1_23' title="bbox 1370 2043 1382 2057">
     <span class='ocr_line' id='line_1_129' title="bbox 1370 2043 1382 2057; baseline 0 0"><span class='ocrx_word' id='word_1_412' title='bbox 1370 2043 1382 2057; x_wconf 84' lang='grc'>))</span> 
     </span>
    </p>
   </div>
   <div class='ocr_carea' id='block_1_17' title="bbox 1369 2150 1385 2905">
    <p class='ocr_par' dir='ltr' id='par_1_24' title="bbox 1369 2150 1385 2905">
     <span class='ocr_line' id='line_1_130' title="bbox 1370 2150 1382 2165; baseline 0 0"><span class='ocrx_word' id='word_1_413' title='bbox 1370 2150 1382 2165; x_wconf 73' lang='grc' dir='ltr'>ὶ)</span> 
     </span>
     <span class='ocr_line' id='line_1_131' title="bbox 1369 2204 1382 2218; baseline 0 0"><span class='ocrx_word' id='word_1_414' title='bbox 1369 2204 1382 2218; x_wconf 89' lang='grc'>))</span> 
     </span>
     <span class='ocr_line' id='line_1_132' title="bbox 1369 2257 1382 2271; baseline 0 0"><span class='ocrx_word' id='word_1_415' title='bbox 1369 2257 1382 2271; x_wconf 90' lang='grc'>))</span> 
     </span>
     <span class='ocr_line' id='line_1_133' title="bbox 1369 2310 1381 2324; baseline 0 0"><span class='ocrx_word' id='word_1_416' title='bbox 1369 2310 1381 2324; x_wconf 80' lang='grc'>))</span> 
     </span>
     <span class='ocr_line' id='line_1_134' title="bbox 1369 2363 1382 2378; baseline 0 0"><span class='ocrx_word' id='word_1_417' title='bbox 1369 2363 1382 2378; x_wconf 87' lang='grc'>))</span> 
     </span>
     <span class='ocr_line' id='line_1_135' title="bbox 1370 2416 1382 2429; baseline 0 0"><span class='ocrx_word' id='word_1_418' title='bbox 1370 2416 1382 2429; x_wconf 87' lang='grc'>))</span> 
     </span>
     <span class='ocr_line' id='line_1_136' title="bbox 1370 2469 1382 2483; baseline -0.083 0"><span class='ocrx_word' id='word_1_419' title='bbox 1370 2469 1382 2483; x_wconf 87' lang='grc'>))</span> 
     </span>
     <span class='ocr_line' id='line_1_137' title="bbox 1370 2522 1382 2536; baseline 0 0"><span class='ocrx_word' id='word_1_420' title='bbox 1370 2522 1382 2536; x_wconf 73' lang='grc'>))</span> 
     </span>
     <span class='ocr_line' id='line_1_138' title="bbox 1370 2574 1382 2588; baseline 0 0"><span class='ocrx_word' id='word_1_421' title='bbox 1370 2574 1382 2588; x_wconf 85' lang='grc'>&gt;)</span> 
     </span>
     <span class='ocr_line' id='line_1_139' title="bbox 1371 2628 1383 2642; baseline 0.083 -1"><span class='ocrx_word' id='word_1_422' title='bbox 1371 2628 1383 2642; x_wconf 86' lang='grc'>))</span> 
     </span>
     <span class='ocr_line' id='line_1_140' title="bbox 1371 2680 1383 2694; baseline 0 0"><span class='ocrx_word' id='word_1_423' title='bbox 1371 2680 1383 2694; x_wconf 83' lang='grc'>))</span> 
     </span>
     <span class='ocr_line' id='line_1_141' title="bbox 1371 2732 1384 2746; baseline 0 0"><span class='ocrx_word' id='word_1_424' title='bbox 1371 2732 1384 2746; x_wconf 82' lang='lat'>»</span> 
     </span>
     <span class='ocr_line' id='line_1_142' title="bbox 1370 2785 1385 2799; baseline -0.067 0"><span class='ocrx_word' id='word_1_425' title='bbox 1370 2785 1385 2799; x_wconf 67' lang='grc' dir='ltr'>ὶ)</span> 
     </span>
     <span class='ocr_line' id='line_1_143' title="bbox 1371 2838 1384 2852; baseline -0.077 0"><span class='ocrx_word' id='word_1_426' title='bbox 1371 2838 1384 2852; x_wconf 82' lang='grc'>&gt;)</span> 
     </span>
     <span class='ocr_line' id='line_1_144' title="bbox 1372 2890 1385 2905; baseline 0 0"><span class='ocrx_word' id='word_1_427' title='bbox 1372 2890 1385 2905; x_wconf 87' lang='grc'>))</span> 
     </span>
    </p>
   </div>
   <div class='ocr_carea' id='block_1_18' title="bbox 1371 2943 1386 2958">
    <p class='ocr_par' dir='ltr' id='par_1_25' title="bbox 1371 2943 1386 2958">
     <span class='ocr_line' id='line_1_145' title="bbox 1371 2943 1386 2958; baseline 0 0"><span class='ocrx_word' id='word_1_428' title='bbox 1371 2943 1386 2958; x_wconf 75' lang='grc' dir='ltr'>ὶ)</span> 
     </span>
    </p>
   </div>
   <div class='ocr_carea' id='block_1_19' title="bbox 1001 266 1650 298">
    <p class='ocr_par' dir='ltr' id='par_1_26' title="bbox 1001 266 1650 298">
     <span class='ocr_line' id='line_1_146' title="bbox 1001 266 1650 298; baseline 0.005 -3"><span class='ocrx_word' id='word_1_429' title='bbox 1001 266 1240 296; x_wconf 77' lang='lat' dir='ltr'>REGISTRES</span> <span class='ocrx_word' id='word_1_430' title='bbox 1262 266 1570 298; x_wconf 78' lang='lat' dir='ltr'>D&#39;ALEXANDRE</span> <span class='ocrx_word' id='word_1_431' title='bbox 1593 269 1650 298; x_wconf 82' lang='lat' dir='ltr'>IV.</span> 
     </span>
    </p>
   </div>
   <div class='ocr_carea' id='block_1_20' title="bbox 1407 333 2384 2968">
    <p class='ocr_par' dir='ltr' id='par_1_27' title="bbox 1408 333 2379 843">
     <span class='ocr_line' id='line_1_147' title="bbox 1408 333 2377 376; baseline 0.006 -14"><span class='ocrx_word' id='word_1_432' title='bbox 1408 333 1625 371; x_wconf 72' lang='lat' dir='ltr'>assignanda,</span> <span class='ocrx_word' id='word_1_433' title='bbox 1653 335 1780 365; x_wconf 89' lang='lat' dir='ltr'>scilicet</span> <span class='ocrx_word' id='word_1_434' title='bbox 1806 336 2013 374; x_wconf 87' lang='lat' dir='ltr'>postmodum</span> <span class='ocrx_word' id='word_1_435' title='bbox 2038 336 2122 375; x_wconf 87' lang='lat' dir='ltr'>ipsis</span> <span class='ocrx_word' id='word_1_436' title='bbox 2146 337 2296 376; x_wconf 84' lang='lat' dir='ltr'>partibus</span> <span class='ocrx_word' id='word_1_437' title='bbox 2323 337 2377 369; x_wconf 90' lang='lat' dir='ltr'>vel</span> 
     </span>
     <span class='ocr_line' id='line_1_148' title="bbox 1409 386 2377 429; baseline 0.007 -15"><span class='ocrx_word' id='word_1_438' title='bbox 1409 394 1522 415; x_wconf 86' lang='lat' dir='ltr'>earum</span> <span class='ocrx_word' id='word_1_439' title='bbox 1539 386 1707 421; x_wconf 84' lang='lat' dir='ltr'>alterutri,</span> <span class='ocrx_word' id='word_1_440' title='bbox 1729 393 1824 426; x_wconf 89' lang='lat' dir='ltr'>prout</span> <span class='ocrx_word' id='word_1_441' title='bbox 1845 389 1884 419; x_wconf 91' lang='lat' dir='ltr'>de</span> <span class='ocrx_word' id='word_1_442' title='bbox 1908 389 1956 419; x_wconf 89' lang='lat' dir='ltr'>eis</span> <span class='ocrx_word' id='word_1_443' title='bbox 1975 399 2032 428; x_wconf 83' lang='lat' dir='ltr'>per</span> <span class='ocrx_word' id='word_1_444' title='bbox 2051 398 2110 420; x_wconf 91' lang='lat' dir='ltr'>nos</span> <span class='ocrx_word' id='word_1_445' title='bbox 2123 390 2307 429; x_wconf 85' lang='lat' dir='ltr'>judicatum</span> <span class='ocrx_word' id='word_1_446' title='bbox 2323 390 2377 422; x_wconf 83' lang='lat' dir='ltr'>vel</span> 
     </span>
     <span class='ocr_line' id='line_1_149' title="bbox 1408 439 2375 482; baseline 0.006 -14"><span class='ocrx_word' id='word_1_447' title='bbox 1408 439 1604 470; x_wconf 86' lang='lat' dir='ltr'>arbitratum</span> <span class='ocrx_word' id='word_1_448' title='bbox 1634 441 1790 472; x_wconf 82' lang='lat' dir='ltr'>existeret</span> <span class='ocrx_word' id='word_1_449' title='bbox 1815 442 1849 472; x_wconf 91' lang='lat' dir='ltr'>in</span> <span class='ocrx_word' id='word_1_450' title='bbox 1878 447 2045 481; x_wconf 88' lang='lat' dir='ltr'>posterum</span> <span class='ocrx_word' id='word_1_451' title='bbox 2078 452 2138 473; x_wconf 79' lang='lat' dir='ltr'>seu</span> <span class='ocrx_word' id='word_1_452' title='bbox 2170 444 2340 482; x_wconf 86' lang='lat' dir='ltr'>provisum</span> <span class='ocrx_word' id='word_1_453' title='bbox 2365 454 2375 474; x_wconf 70' lang='grc' dir='ltr'><em>τ</em></span> 
     </span>
     <span class='ocr_line' id='line_1_150' title="bbox 1409 492 2376 533; baseline 0.006 -12"><span class='ocrx_word' id='word_1_454' title='bbox 1409 497 1440 522; x_wconf 86' lang='lat' dir='ltr'>et</span> <span class='ocrx_word' id='word_1_455' title='bbox 1462 492 1526 530; x_wconf 88' lang='lat' dir='ltr'>ipsi</span> <span class='ocrx_word' id='word_1_456' title='bbox 1550 493 1705 524; x_wconf 89' lang='lat' dir='ltr'>dominus</span> <span class='ocrx_word' id='word_1_457' title='bbox 1731 504 1815 533; x_wconf 86' lang='lat' dir='ltr'>papa</span> <span class='ocrx_word' id='word_1_458' title='bbox 1837 499 1867 525; x_wconf 89' lang='lat' dir='ltr'>et</span> <span class='ocrx_word' id='word_1_459' title='bbox 1897 496 2046 525; x_wconf 86' lang='lat' dir='ltr'>Romana</span> <span class='ocrx_word' id='word_1_460' title='bbox 2071 496 2220 526; x_wconf 82' lang='lat' dir='ltr'>Ecclesia</span> <span class='ocrx_word' id='word_1_461' title='bbox 2247 501 2376 527; x_wconf 89' lang='lat' dir='ltr'>tantum</span> 
     </span>
     <span class='ocr_line' id='line_1_151' title="bbox 1408 545 2377 588; baseline 0.005 -14"><span class='ocrx_word' id='word_1_462' title='bbox 1408 545 1442 574; x_wconf 89' lang='lat' dir='ltr'>in</span> <span class='ocrx_word' id='word_1_463' title='bbox 1460 545 1508 575; x_wconf 90' lang='lat' dir='ltr'>eis</span> <span class='ocrx_word' id='word_1_464' title='bbox 1524 555 1582 584; x_wconf 91' lang='lat' dir='ltr'>pro</span> <span class='ocrx_word' id='word_1_465' title='bbox 1599 547 1688 577; x_wconf 87' lang='lat' dir='ltr'>veris</span> <span class='ocrx_word' id='word_1_466' title='bbox 1703 548 1953 586; x_wconf 84' lang='lat' dir='ltr'>possessoribus</span> <span class='ocrx_word' id='word_1_467' title='bbox 1969 548 2183 584; x_wconf 78' lang='lat' dir='ltr'>haberentur,</span> <span class='ocrx_word' id='word_1_468' title='bbox 2202 549 2293 579; x_wconf 92' lang='lat' dir='ltr'>nullo</span> <span class='ocrx_word' id='word_1_469' title='bbox 2304 558 2377 588; x_wconf 90' lang='lat' dir='ltr'>pos-</span> 
     </span>
     <span class='ocr_line' id='line_1_152' title="bbox 1408 598 2377 641; baseline 0.006 -13"><span class='ocrx_word' id='word_1_470' title='bbox 1408 598 1569 629; x_wconf 86' lang='lat' dir='ltr'>sessionis</span> <span class='ocrx_word' id='word_1_471' title='bbox 1588 600 1757 630; x_wconf 85' lang='lat' dir='ltr'>commodo</span> <span class='ocrx_word' id='word_1_472' title='bbox 1769 601 1802 630; x_wconf 92' lang='lat' dir='ltr'>in</span> <span class='ocrx_word' id='word_1_473' title='bbox 1815 601 1988 640; x_wconf 86' lang='lat' dir='ltr'>premissis</span> <span class='ocrx_word' id='word_1_474' title='bbox 2001 601 2050 631; x_wconf 75' lang='lat' dir='ltr'>vel</span> <span class='ocrx_word' id='word_1_475' title='bbox 2067 601 2179 641; x_wconf 88' lang='lat' dir='ltr'>aliquo</span> <span class='ocrx_word' id='word_1_476' title='bbox 2196 602 2377 641; x_wconf 88' lang='lat' dir='ltr'>premisso-</span> 
     </span>
     <span class='ocr_line' id='line_1_153' title="bbox 1409 652 2376 693; baseline 0.006 -13"><span class='ocrx_word' id='word_1_477' title='bbox 1409 661 1480 681; x_wconf 90' lang='lat' dir='ltr'>rum</span> <span class='ocrx_word' id='word_1_478' title='bbox 1504 652 1635 692; x_wconf 87' lang='lat' dir='ltr'>dejure</span> <span class='ocrx_word' id='word_1_479' title='bbox 1658 653 1708 684; x_wconf 87' lang='lat' dir='ltr'>vel</span> <span class='ocrx_word' id='word_1_480' title='bbox 1731 654 1770 684; x_wconf 89' lang='lat' dir='ltr'>de</span> <span class='ocrx_word' id='word_1_481' title='bbox 1791 654 1877 684; x_wconf 82' lang='lat' dir='ltr'>facto</span> <span class='ocrx_word' id='word_1_482' title='bbox 1898 655 1995 685; x_wconf 89' lang='lat' dir='ltr'>dictis</span> <span class='ocrx_word' id='word_1_483' title='bbox 2018 655 2168 693; x_wconf 88' lang='lat' dir='ltr'>partibus</span> <span class='ocrx_word' id='word_1_484' title='bbox 2189 655 2241 686; x_wconf 87' lang='lat' dir='ltr'>vel</span> <span class='ocrx_word' id='word_1_485' title='bbox 2259 664 2376 686; x_wconf 86' lang='lat' dir='ltr'>earum</span> 
     </span>
     <span class='ocr_line' id='line_1_154' title="bbox 1408 705 2376 746; baseline 0.005 -12"><span class='ocrx_word' id='word_1_486' title='bbox 1408 705 1560 735; x_wconf 86' lang='lat' dir='ltr'>alterutri</span> <span class='ocrx_word' id='word_1_487' title='bbox 1576 710 1759 742; x_wconf 89' lang='lat' dir='ltr'>reservato,</span> <span class='ocrx_word' id='word_1_488' title='bbox 1780 715 1910 737; x_wconf 91' lang='lat' dir='ltr'>omnem</span> <span class='ocrx_word' id='word_1_489' title='bbox 1930 708 2175 746; x_wconf 84' lang='lat' dir='ltr'>possessionem</span> <span class='ocrx_word' id='word_1_490' title='bbox 2192 708 2243 738; x_wconf 92' lang='lat' dir='ltr'>vel</span> <span class='ocrx_word' id='word_1_491' title='bbox 2259 708 2376 740; x_wconf 85' lang='lat' dir='ltr'>deten-</span> 
     </span>
     <span class='ocr_line' id='line_1_155' title="bbox 1409 759 2379 801; baseline 0.004 -13"><span class='ocrx_word' id='word_1_492' title='bbox 1409 759 1532 789; x_wconf 84' lang='lat' dir='ltr'>tionem</span> <span class='ocrx_word' id='word_1_493' title='bbox 1548 759 1711 789; x_wconf 89' lang='lat' dir='ltr'>dictorum</span> <span class='ocrx_word' id='word_1_494' title='bbox 1727 760 1873 791; x_wconf 87' lang='lat' dir='ltr'>locorum</span> <span class='ocrx_word' id='word_1_495' title='bbox 1890 765 1921 791; x_wconf 90' lang='lat' dir='ltr'>et</span> <span class='ocrx_word' id='word_1_496' title='bbox 1939 761 2065 800; x_wconf 89' lang='lat' dir='ltr'>jurium</span> <span class='ocrx_word' id='word_1_497' title='bbox 2084 761 2124 790; x_wconf 83' lang='lat' dir='ltr'>ab</span> <span class='ocrx_word' id='word_1_498' title='bbox 2140 761 2265 792; x_wconf 89' lang='lat' dir='ltr'>eisdem</span> <span class='ocrx_word' id='word_1_499' title='bbox 2280 761 2379 801; x_wconf 86' lang='lat' dir='ltr'>peni-</span> 
     </span>
     <span class='ocr_line' id='line_1_156' title="bbox 1408 813 1712 843; baseline 0 -1"><span class='ocrx_word' id='word_1_500' title='bbox 1408 813 1500 843; x_wconf 90' lang='lat' dir='ltr'>nitus</span> <span class='ocrx_word' id='word_1_501' title='bbox 1517 813 1712 843; x_wconf 87' lang='lat' dir='ltr'>abdicando.</span> 
     </span>
    </p>

    <p class='ocr_par' dir='ltr' id='par_1_28' title="bbox 1407 866 2380 1804">
     <span class='ocr_line' id='line_1_157' title="bbox 1410 866 2376 906; baseline 0.004 -11"><span class='ocrx_word' id='word_1_502' title='bbox 1410 878 1422 892; x_wconf 77' lang='lat' dir='ltr'>n</span> <span class='ocrx_word' id='word_1_503' title='bbox 1450 866 1700 896; x_wconf 85' lang='lat' dir='ltr'>Declaravimus</span> <span class='ocrx_word' id='word_1_504' title='bbox 1722 867 1860 905; x_wconf 89' lang='lat' dir='ltr'>insuper</span> <span class='ocrx_word' id='word_1_505' title='bbox 1879 867 1983 906; x_wconf 84' lang='lat' dir='ltr'>quod,</span> <span class='ocrx_word' id='word_1_506' title='bbox 2004 876 2077 897; x_wconf 89' lang='lat' dir='ltr'>cum</span> <span class='ocrx_word' id='word_1_507' title='bbox 2099 868 2140 898; x_wconf 88' lang='lat' dir='ltr'>ad</span> <span class='ocrx_word' id='word_1_508' title='bbox 2159 868 2376 904; x_wconf 85' lang='lat' dir='ltr'>decisionem,</span> 
     </span>
     <span class='ocr_line' id='line_1_158' title="bbox 1407 918 2379 959; baseline 0.003 -12"><span class='ocrx_word' id='word_1_509' title='bbox 1407 918 1650 949; x_wconf 82' lang='lat' dir='ltr'>ordinationem</span> <span class='ocrx_word' id='word_1_510' title='bbox 1667 928 1725 949; x_wconf 88' lang='lat' dir='ltr'>seu</span> <span class='ocrx_word' id='word_1_511' title='bbox 1742 919 1977 949; x_wconf 82' lang='lat' dir='ltr'>diffinitionem</span> <span class='ocrx_word' id='word_1_512' title='bbox 1994 919 2179 950; x_wconf 81' lang='lat' dir='ltr'>faciendam</span> <span class='ocrx_word' id='word_1_513' title='bbox 2197 919 2236 950; x_wconf 87' lang='lat' dir='ltr'>de</span> <span class='ocrx_word' id='word_1_514' title='bbox 2251 919 2379 959; x_wconf 87' lang='lat' dir='ltr'>predic-</span> 
     </span>
     <span class='ocr_line' id='line_1_159' title="bbox 1408 972 2377 1011; baseline 0.002 -9"><span class='ocrx_word' id='word_1_515' title='bbox 1408 972 1449 1002; x_wconf 84' lang='lat' dir='ltr'>tis</span> <span class='ocrx_word' id='word_1_516' title='bbox 1466 981 1529 1011; x_wconf 88' lang='lat' dir='ltr'>que</span> <span class='ocrx_word' id='word_1_517' title='bbox 1547 976 1624 1002; x_wconf 88' lang='lat' dir='ltr'>sunt</span> <span class='ocrx_word' id='word_1_518' title='bbox 1641 976 1849 1011; x_wconf 83' lang='lat' dir='ltr'>sequestrata</span> <span class='ocrx_word' id='word_1_519' title='bbox 1871 973 2025 1011; x_wconf 87' lang='lat' dir='ltr'>superius</span> <span class='ocrx_word' id='word_1_520' title='bbox 2042 973 2228 1008; x_wconf 84' lang='lat' dir='ltr'>veniretur,</span> <span class='ocrx_word' id='word_1_521' title='bbox 2245 973 2377 1004; x_wconf 82' lang='lat' dir='ltr'>ratione</span> 
     </span>
     <span class='ocr_line' id='line_1_160' title="bbox 1407 1025 2379 1064; baseline 0.001 -9"><span class='ocrx_word' id='word_1_522' title='bbox 1407 1025 1630 1063; x_wconf 83' lang='lat' dir='ltr'>possessionis</span> <span class='ocrx_word' id='word_1_523' title='bbox 1657 1034 1716 1055; x_wconf 89' lang='lat' dir='ltr'>seu</span> <span class='ocrx_word' id='word_1_524' title='bbox 1745 1025 1947 1056; x_wconf 87' lang='lat' dir='ltr'>detentionis</span> <span class='ocrx_word' id='word_1_525' title='bbox 1973 1034 2087 1055; x_wconf 88' lang='lat' dir='ltr'>eorum</span> <span class='ocrx_word' id='word_1_526' title='bbox 2114 1026 2149 1055; x_wconf 92' lang='lat' dir='ltr'>in</span> <span class='ocrx_word' id='word_1_527' title='bbox 2177 1025 2316 1064; x_wconf 89' lang='lat' dir='ltr'>quibus,</span> <span class='ocrx_word' id='word_1_528' title='bbox 2341 1029 2379 1056; x_wconf 85' lang='lat' dir='ltr'>ut</span> 
     </span>
     <span class='ocr_line' id='line_1_161' title="bbox 1407 1077 2378 1116; baseline 0.002 -10"><span class='ocrx_word' id='word_1_529' title='bbox 1407 1077 1530 1107; x_wconf 86' lang='lat' dir='ltr'>dictum</span> <span class='ocrx_word' id='word_1_530' title='bbox 1557 1082 1616 1113; x_wconf 89' lang='lat' dir='ltr'>est,</span> <span class='ocrx_word' id='word_1_531' title='bbox 1638 1078 1829 1107; x_wconf 85' lang='lat' dir='ltr'>invenimus</span> <span class='ocrx_word' id='word_1_532' title='bbox 1845 1082 1956 1116; x_wconf 85' lang='lat' dir='ltr'>partes</span> <span class='ocrx_word' id='word_1_533' title='bbox 1977 1077 2079 1116; x_wconf 72' lang='lat' dir='ltr'>ipsas.</span> <span class='ocrx_word' id='word_1_534' title='bbox 2104 1078 2144 1107; x_wconf 89' lang='lat' dir='ltr'>ad</span> <span class='ocrx_word' id='word_1_535' title='bbox 2157 1077 2378 1116; x_wconf 86' lang='lat' dir='ltr'>judicandum</span> 
     </span>
     <span class='ocr_line' id='line_1_162' title="bbox 1407 1130 2377 1168; baseline 0.001 -8"><span class='ocrx_word' id='word_1_536' title='bbox 1407 1130 1530 1160; x_wconf 87' lang='lat' dir='ltr'>dudum</span> <span class='ocrx_word' id='word_1_537' title='bbox 1556 1131 1607 1160; x_wconf 82' lang='lat' dir='ltr'>vel</span> <span class='ocrx_word' id='word_1_538' title='bbox 1633 1131 1873 1168; x_wconf 80' lang='lat' dir='ltr'>assignandum</span> <span class='ocrx_word' id='word_1_539' title='bbox 1898 1131 1938 1161; x_wconf 89' lang='lat' dir='ltr'>oh</span> <span class='ocrx_word' id='word_1_540' title='bbox 1964 1139 2035 1161; x_wconf 89' lang='lat' dir='ltr'>eam</span> <span class='ocrx_word' id='word_1_541' title='bbox 2061 1139 2196 1160; x_wconf 88' lang='lat' dir='ltr'>causam</span> <span class='ocrx_word' id='word_1_542' title='bbox 2220 1130 2282 1161; x_wconf 86' lang='lat' dir='ltr'>hoc</span> <span class='ocrx_word' id='word_1_543' title='bbox 2306 1130 2377 1167; x_wconf 87' lang='lat' dir='ltr'>isti,</span> 
     </span>
     <span class='ocr_line' id='line_1_163' title="bbox 1408 1183 2379 1223; baseline 0.002 -11"><span class='ocrx_word' id='word_1_544' title='bbox 1408 1183 1469 1213; x_wconf 88' lang='lat' dir='ltr'>hoc</span> <span class='ocrx_word' id='word_1_545' title='bbox 1488 1183 1554 1218; x_wconf 90' lang='lat' dir='ltr'>illi,</span> <span class='ocrx_word' id='word_1_546' title='bbox 1573 1192 1633 1213; x_wconf 92' lang='lat' dir='ltr'>nos</span> <span class='ocrx_word' id='word_1_547' title='bbox 1653 1183 1704 1213; x_wconf 91' lang='lat' dir='ltr'>vel</span> <span class='ocrx_word' id='word_1_548' title='bbox 1727 1184 1837 1222; x_wconf 87' lang='lat' dir='ltr'>quivis</span> <span class='ocrx_word' id='word_1_549' title='bbox 1854 1183 1940 1214; x_wconf 88' lang='lat' dir='ltr'>alius</span> <span class='ocrx_word' id='word_1_550' title='bbox 1959 1184 2059 1223; x_wconf 83' lang='lat' dir='ltr'>judex</span> <span class='ocrx_word' id='word_1_551' title='bbox 2076 1183 2200 1214; x_wconf 87' lang='lat' dir='ltr'>arbiter</span> <span class='ocrx_word' id='word_1_552' title='bbox 2222 1192 2282 1214; x_wconf 87' lang='lat' dir='ltr'>seu</span> <span class='ocrx_word' id='word_1_553' title='bbox 2301 1192 2379 1222; x_wconf 87' lang='lat' dir='ltr'>pro-</span> 
     </span>
     <span class='ocr_line' id='line_1_164' title="bbox 1408 1235 2379 1275; baseline 0.002 -10"><span class='ocrx_word' id='word_1_554' title='bbox 1408 1236 1497 1265; x_wconf 85' lang='lat' dir='ltr'>visor</span> <span class='ocrx_word' id='word_1_555' title='bbox 1512 1235 1704 1266; x_wconf 88' lang='lat' dir='ltr'>nullatenus</span> <span class='ocrx_word' id='word_1_556' title='bbox 1717 1244 1917 1271; x_wconf 85' lang='lat' dir='ltr'>arceremur,</span> <span class='ocrx_word' id='word_1_557' title='bbox 1930 1245 2016 1270; x_wconf 64' lang='lat' dir='ltr'>cum,</span> <span class='ocrx_word' id='word_1_558' title='bbox 2032 1240 2179 1275; x_wconf 87' lang='lat' dir='ltr'>pretextu</span> <span class='ocrx_word' id='word_1_559' title='bbox 2192 1236 2379 1275; x_wconf 85' lang='lat' dir='ltr'>possessio-</span> 
     </span>
     <span class='ocr_line' id='line_1_165' title="bbox 1407 1288 2378 1328; baseline 0.001 -10"><span class='ocrx_word' id='word_1_560' title='bbox 1407 1289 1460 1319; x_wconf 84' lang='lat' dir='ltr'>nis</span> <span class='ocrx_word' id='word_1_561' title='bbox 1477 1293 1533 1318; x_wconf 87' lang='lat' dir='ltr'>aut</span> <span class='ocrx_word' id='word_1_562' title='bbox 1546 1289 1748 1318; x_wconf 89' lang='lat' dir='ltr'>detentionis</span> <span class='ocrx_word' id='word_1_563' title='bbox 1760 1288 1964 1327; x_wconf 74' lang='lat' dir='ltr'>hujusmodi,</span> <span class='ocrx_word' id='word_1_564' title='bbox 1976 1289 2139 1319; x_wconf 89' lang='lat' dir='ltr'>nollemus</span> <span class='ocrx_word' id='word_1_565' title='bbox 2151 1293 2278 1328; x_wconf 87' lang='lat' dir='ltr'>partem</span> <span class='ocrx_word' id='word_1_566' title='bbox 2290 1289 2378 1328; x_wconf 83' lang='lat' dir='ltr'>parti</span> 
     </span>
     <span class='ocr_line' id='line_1_166' title="bbox 1408 1341 2379 1381; baseline 0.002 -10"><span class='ocrx_word' id='word_1_567' title='bbox 1408 1341 1620 1380; x_wconf 87' lang='lat' dir='ltr'>aliquatenus</span> <span class='ocrx_word' id='word_1_568' title='bbox 1647 1341 1822 1376; x_wconf 82' lang='lat' dir='ltr'>anteferri,</span> <span class='ocrx_word' id='word_1_569' title='bbox 1841 1345 1888 1377; x_wconf 83' lang='lat' dir='ltr'>et,</span> <span class='ocrx_word' id='word_1_570' title='bbox 1909 1341 1937 1371; x_wconf 90' lang='lat' dir='ltr'>si</span> <span class='ocrx_word' id='word_1_571' title='bbox 1961 1342 2143 1380; x_wconf 83' lang='lat' dir='ltr'>contigeret</span> <span class='ocrx_word' id='word_1_572' title='bbox 2165 1341 2253 1373; x_wconf 85' lang='lat' dir='ltr'>idem</span> <span class='ocrx_word' id='word_1_573' title='bbox 2275 1350 2379 1381; x_wconf 86' lang='lat' dir='ltr'>nego-</span> 
     </span>
     <span class='ocr_line' id='line_1_167' title="bbox 1407 1394 2379 1432; baseline 0.001 -8"><span class='ocrx_word' id='word_1_574' title='bbox 1407 1395 1496 1425; x_wconf 89' lang='lat' dir='ltr'>cium</span> <span class='ocrx_word' id='word_1_575' title='bbox 1514 1395 1625 1424; x_wconf 83' lang='lat' dir='ltr'>forsan</span> <span class='ocrx_word' id='word_1_576' title='bbox 1643 1403 1701 1432; x_wconf 89' lang='lat' dir='ltr'>per</span> <span class='ocrx_word' id='word_1_577' title='bbox 1715 1403 1774 1424; x_wconf 92' lang='lat' dir='ltr'>nos</span> <span class='ocrx_word' id='word_1_578' title='bbox 1789 1394 1927 1425; x_wconf 88' lang='lat' dir='ltr'>minime</span> <span class='ocrx_word' id='word_1_579' title='bbox 1945 1394 2134 1430; x_wconf 86' lang='lat' dir='ltr'>terminari,</span> <span class='ocrx_word' id='word_1_580' title='bbox 2148 1394 2251 1425; x_wconf 90' lang='lat' dir='ltr'>iidem</span> <span class='ocrx_word' id='word_1_581' title='bbox 2271 1394 2379 1425; x_wconf 86' lang='lat' dir='ltr'>domi-</span> 
     </span>
     <span class='ocr_line' id='line_1_168' title="bbox 1408 1446 2379 1486; baseline 0 -9"><span class='ocrx_word' id='word_1_582' title='bbox 1408 1456 1470 1477; x_wconf 88' lang='lat' dir='ltr'>nus</span> <span class='ocrx_word' id='word_1_583' title='bbox 1494 1451 1524 1477; x_wconf 88' lang='lat' dir='ltr'>et</span> <span class='ocrx_word' id='word_1_584' title='bbox 1547 1446 1697 1477; x_wconf 85' lang='lat' dir='ltr'>Ecclesia</span> <span class='ocrx_word' id='word_1_585' title='bbox 1718 1448 1884 1481; x_wconf 84' lang='lat' dir='ltr'>Romana,</span> <span class='ocrx_word' id='word_1_586' title='bbox 1910 1447 1945 1476; x_wconf 91' lang='lat' dir='ltr'>in</span> <span class='ocrx_word' id='word_1_587' title='bbox 1966 1447 2038 1485; x_wconf 86' lang='lat' dir='ltr'>ipso</span> <span class='ocrx_word' id='word_1_588' title='bbox 2054 1447 2141 1486; x_wconf 87' lang='lat' dir='ltr'>juris</span> <span class='ocrx_word' id='word_1_589' title='bbox 2163 1446 2279 1477; x_wconf 88' lang='lat' dir='ltr'>ordine</span> <span class='ocrx_word' id='word_1_590' title='bbox 2302 1455 2379 1486; x_wconf 87' lang='lat' dir='ltr'>pro-</span> 
     </span>
     <span class='ocr_line' id='line_1_169' title="bbox 1407 1499 2379 1539; baseline 0 -9"><span class='ocrx_word' id='word_1_591' title='bbox 1407 1499 1635 1535; x_wconf 81' lang='lat' dir='ltr'>cedentes,illi</span> <span class='ocrx_word' id='word_1_592' title='bbox 1645 1500 1790 1538; x_wconf 89' lang='lat' dir='ltr'>partium</span> <span class='ocrx_word' id='word_1_593' title='bbox 1806 1508 1905 1539; x_wconf 86' lang='lat' dir='ltr'>quam</span> <span class='ocrx_word' id='word_1_594' title='bbox 1920 1499 1954 1529; x_wconf 90' lang='lat' dir='ltr'>in</span> <span class='ocrx_word' id='word_1_595' title='bbox 1971 1499 2171 1538; x_wconf 85' lang='lat' dir='ltr'>proprietate</span> <span class='ocrx_word' id='word_1_596' title='bbox 2183 1499 2239 1539; x_wconf 84' lang='lat' dir='ltr'>jus</span> <span class='ocrx_word' id='word_1_597' title='bbox 2254 1499 2379 1530; x_wconf 81' lang='lat' dir='ltr'>hahere</span> 
     </span>
     <span class='ocr_line' id='line_1_170' title="bbox 1407 1552 2374 1592; baseline -0.001 -9"><span class='ocrx_word' id='word_1_598' title='bbox 1407 1557 1584 1589; x_wconf 85' lang='lat' dir='ltr'>constaret,</span> <span class='ocrx_word' id='word_1_599' title='bbox 1603 1553 1832 1592; x_wconf 84' lang='lat' dir='ltr'>adjudicarent</span> <span class='ocrx_word' id='word_1_600' title='bbox 1855 1553 1969 1583; x_wconf 89' lang='lat' dir='ltr'>eadem</span> <span class='ocrx_word' id='word_1_601' title='bbox 1985 1557 2016 1583; x_wconf 84' lang='lat' dir='ltr'>et</span> <span class='ocrx_word' id='word_1_602' title='bbox 2033 1553 2134 1583; x_wconf 88' lang='lat' dir='ltr'>etiam</span> <span class='ocrx_word' id='word_1_603' title='bbox 2153 1552 2374 1591; x_wconf 83' lang='lat' dir='ltr'>assignarent,</span> 
     </span>
     <span class='ocr_line' id='line_1_171' title="bbox 1407 1605 2379 1645; baseline -0.001 -9"><span class='ocrx_word' id='word_1_604' title='bbox 1407 1611 1439 1637; x_wconf 87' lang='lat' dir='ltr'>et</span> <span class='ocrx_word' id='word_1_605' title='bbox 1461 1607 1490 1636; x_wconf 87' lang='lat' dir='ltr'>si</span> <span class='ocrx_word' id='word_1_606' title='bbox 1513 1615 1589 1645; x_wconf 89' lang='lat' dir='ltr'>pars</span> <span class='ocrx_word' id='word_1_607' title='bbox 1609 1610 1751 1645; x_wconf 85' lang='lat' dir='ltr'>utraque</span> <span class='ocrx_word' id='word_1_608' title='bbox 1776 1606 1916 1636; x_wconf 83' lang='lat' dir='ltr'>forsitan</span> <span class='ocrx_word' id='word_1_609' title='bbox 1937 1605 1976 1636; x_wconf 90' lang='lat' dir='ltr'>de</span> <span class='ocrx_word' id='word_1_610' title='bbox 1999 1614 2059 1635; x_wconf 90' lang='lat' dir='ltr'>suo</span> <span class='ocrx_word' id='word_1_611' title='bbox 2077 1606 2153 1644; x_wconf 87' lang='lat' dir='ltr'>jure</span> <span class='ocrx_word' id='word_1_612' title='bbox 2173 1605 2290 1636; x_wconf 85' lang='lat' dir='ltr'>docere</span> <span class='ocrx_word' id='word_1_613' title='bbox 2311 1613 2379 1635; x_wconf 92' lang='lat' dir='ltr'>non</span> 
     </span>
     <span class='ocr_line' id='line_1_172' title="bbox 1408 1657 2380 1699; baseline -0.001 -10"><span class='ocrx_word' id='word_1_614' title='bbox 1408 1664 1528 1699; x_wconf 85' lang='lat' dir='ltr'>posset,</span> <span class='ocrx_word' id='word_1_615' title='bbox 1546 1660 1581 1689; x_wconf 92' lang='lat' dir='ltr'>in</span> <span class='ocrx_word' id='word_1_616' title='bbox 1596 1659 1659 1689; x_wconf 91' lang='lat' dir='ltr'>hoc</span> <span class='ocrx_word' id='word_1_617' title='bbox 1675 1668 1754 1689; x_wconf 83' lang='lat' dir='ltr'>casu</span> <span class='ocrx_word' id='word_1_618' title='bbox 1775 1659 1933 1697; x_wconf 86' lang='lat' dir='ltr'>predictis</span> <span class='ocrx_word' id='word_1_619' title='bbox 1952 1658 2103 1689; x_wconf 87' lang='lat' dir='ltr'>ecclesiis</span> <span class='ocrx_word' id='word_1_620' title='bbox 2125 1657 2176 1688; x_wconf 90' lang='lat' dir='ltr'>vel</span> <span class='ocrx_word' id='word_1_621' title='bbox 2196 1666 2311 1688; x_wconf 87' lang='lat' dir='ltr'>earum</span> <span class='ocrx_word' id='word_1_622' title='bbox 2329 1657 2380 1688; x_wconf 88' lang='lat' dir='ltr'>al-</span> 
     </span>
     <span class='ocr_line' id='line_1_173' title="bbox 1408 1710 2380 1750; baseline -0.002 -8"><span class='ocrx_word' id='word_1_623' title='bbox 1408 1713 1471 1743; x_wconf 86' lang='lat' dir='ltr'>teri</span> <span class='ocrx_word' id='word_1_624' title='bbox 1492 1716 1523 1742; x_wconf 87' lang='lat' dir='ltr'>et</span> <span class='ocrx_word' id='word_1_625' title='bbox 1540 1711 1623 1742; x_wconf 90' lang='lat' dir='ltr'>nulli</span> <span class='ocrx_word' id='word_1_626' title='bbox 1640 1711 1699 1742; x_wconf 85' lang='lat' dir='ltr'>alii</span> <span class='ocrx_word' id='word_1_627' title='bbox 1721 1712 1911 1741; x_wconf 80' lang='lat' dir='ltr'>conferrent</span> <span class='ocrx_word' id='word_1_628' title='bbox 1928 1720 1986 1750; x_wconf 89' lang='lat' dir='ltr'>pro</span> <span class='ocrx_word' id='word_1_629' title='bbox 2009 1720 2070 1741; x_wconf 88' lang='lat' dir='ltr'>sua</span> <span class='ocrx_word' id='word_1_630' title='bbox 2094 1710 2320 1749; x_wconf 88' lang='lat' dir='ltr'>providentia,</span> <span class='ocrx_word' id='word_1_631' title='bbox 2347 1714 2380 1741; x_wconf 84' lang='lat' dir='ltr'>et</span> 
     </span>
     <span class='ocr_line' id='line_1_174' title="bbox 1408 1765 2191 1804; baseline -0.001 -8"><span class='ocrx_word' id='word_1_632' title='bbox 1408 1766 1618 1803; x_wconf 80' lang='lat' dir='ltr'>assignarent</span> <span class='ocrx_word' id='word_1_633' title='bbox 1634 1765 1783 1804; x_wconf 87' lang='lat' dir='ltr'>predicta</span> <span class='ocrx_word' id='word_1_634' title='bbox 1800 1765 1954 1803; x_wconf 86' lang='lat' dir='ltr'>superius</span> <span class='ocrx_word' id='word_1_635' title='bbox 1972 1768 2191 1803; x_wconf 86' lang='lat' dir='ltr'>sequestrata.</span> 
     </span>
    </p>

    <p class='ocr_par' dir='ltr' id='par_1_29' title="bbox 1407 1817 2379 2061">
     <span class='ocr_line' id='line_1_175' title="bbox 1408 1817 2379 1857; baseline 0 -9"><span class='ocrx_word' id='word_1_636' title='bbox 1408 1831 1423 1845; x_wconf 92' lang='lat'>»</span> <span class='ocrx_word' id='word_1_637' title='bbox 1442 1818 1580 1849; x_wconf 87' lang='lat' dir='ltr'>Interim</span> <span class='ocrx_word' id='word_1_638' title='bbox 1597 1827 1673 1848; x_wconf 89' lang='lat' dir='ltr'>vero</span> <span class='ocrx_word' id='word_1_639' title='bbox 1693 1817 1894 1856; x_wconf 86' lang='lat' dir='ltr'>episcopalia</span> <span class='ocrx_word' id='word_1_640' title='bbox 1906 1818 1983 1857; x_wconf 87' lang='lat' dir='ltr'>jura</span> <span class='ocrx_word' id='word_1_641' title='bbox 1997 1822 2027 1847; x_wconf 89' lang='lat' dir='ltr'>et</span> <span class='ocrx_word' id='word_1_642' title='bbox 2042 1817 2232 1856; x_wconf 85' lang='lat' dir='ltr'>spiritualia</span> <span class='ocrx_word' id='word_1_643' title='bbox 2247 1826 2311 1856; x_wconf 84' lang='lat' dir='ltr'>que</span> <span class='ocrx_word' id='word_1_644' title='bbox 2325 1825 2379 1857; x_wconf 84' lang='lat' dir='ltr'>pe-</span> 
     </span>
     <span class='ocr_line' id='line_1_176' title="bbox 1407 1869 2376 1909; baseline -0.001 -8"><span class='ocrx_word' id='word_1_645' title='bbox 1407 1872 1562 1902; x_wconf 84' lang='lat' dir='ltr'>tebantur</span> <span class='ocrx_word' id='word_1_646' title='bbox 1578 1871 1657 1901; x_wconf 88' lang='lat' dir='ltr'>hinc</span> <span class='ocrx_word' id='word_1_647' title='bbox 1673 1871 1750 1901; x_wconf 91' lang='lat' dir='ltr'>inde</span> <span class='ocrx_word' id='word_1_648' title='bbox 1772 1871 1807 1900; x_wconf 94' lang='lat' dir='ltr'>in</span> <span class='ocrx_word' id='word_1_649' title='bbox 1824 1870 1982 1909; x_wconf 86' lang='lat' dir='ltr'>predictis</span> <span class='ocrx_word' id='word_1_650' title='bbox 1998 1870 2150 1900; x_wconf 83' lang='lat' dir='ltr'>ecclesiis</span> <span class='ocrx_word' id='word_1_651' title='bbox 2166 1874 2264 1909; x_wconf 83' lang='lat' dir='ltr'>atque</span> <span class='ocrx_word' id='word_1_652' title='bbox 2282 1869 2376 1905; x_wconf 88' lang='lat' dir='ltr'>locis,</span> 
     </span>
     <span class='ocr_line' id='line_1_177' title="bbox 1407 1922 2376 1961; baseline -0.001 -7"><span class='ocrx_word' id='word_1_653' title='bbox 1407 1924 1603 1954; x_wconf 87' lang='lat' dir='ltr'>auctoritate</span> <span class='ocrx_word' id='word_1_654' title='bbox 1613 1923 1775 1954; x_wconf 89' lang='lat' dir='ltr'>dictorum</span> <span class='ocrx_word' id='word_1_655' title='bbox 1788 1923 1913 1953; x_wconf 88' lang='lat' dir='ltr'>domini</span> <span class='ocrx_word' id='word_1_656' title='bbox 1923 1932 2005 1961; x_wconf 89' lang='lat' dir='ltr'>pape</span> <span class='ocrx_word' id='word_1_657' title='bbox 2017 1927 2047 1953; x_wconf 90' lang='lat' dir='ltr'>et</span> <span class='ocrx_word' id='word_1_658' title='bbox 2058 1924 2206 1953; x_wconf 87' lang='lat' dir='ltr'>Romane</span> <span class='ocrx_word' id='word_1_659' title='bbox 2216 1922 2376 1958; x_wconf 86' lang='lat' dir='ltr'>Ecclesie‚</span> 
     </span>
     <span class='ocr_line' id='line_1_178' title="bbox 1408 1976 2379 2015; baseline -0.001 -7"><span class='ocrx_word' id='word_1_660' title='bbox 1408 1982 1641 2008; x_wconf 83' lang='lat' dir='ltr'>exercerentur</span> <span class='ocrx_word' id='word_1_661' title='bbox 1659 1986 1716 2015; x_wconf 89' lang='lat' dir='ltr'>per</span> <span class='ocrx_word' id='word_1_662' title='bbox 1735 1986 1810 2007; x_wconf 89' lang='lat' dir='ltr'>eum</span> <span class='ocrx_word' id='word_1_663' title='bbox 1832 1976 1883 2006; x_wconf 90' lang='lat' dir='ltr'>vel</span> <span class='ocrx_word' id='word_1_664' title='bbox 1909 1985 1980 2009; x_wconf 85' lang='lat' dir='ltr'>eos,</span> <span class='ocrx_word' id='word_1_665' title='bbox 2000 1985 2097 2015; x_wconf 88' lang='lat' dir='ltr'>quem</span> <span class='ocrx_word' id='word_1_666' title='bbox 2113 1976 2165 2006; x_wconf 88' lang='lat' dir='ltr'>vel</span> <span class='ocrx_word' id='word_1_667' title='bbox 2183 1985 2265 2015; x_wconf 88' lang='lat' dir='ltr'>quos</span> <span class='ocrx_word' id='word_1_668' title='bbox 2282 1985 2379 2007; x_wconf 83' lang='lat' dir='ltr'>assu-</span> 
     </span>
     <span class='ocr_line' id='line_1_179' title="bbox 1407 2030 1697 2061; baseline -0.003 -1"><span class='ocrx_word' id='word_1_669' title='bbox 1407 2039 1574 2061; x_wconf 86' lang='lat' dir='ltr'>meremus</span> <span class='ocrx_word' id='word_1_670' title='bbox 1591 2030 1631 2060; x_wconf 88' lang='lat' dir='ltr'>ad</span> <span class='ocrx_word' id='word_1_671' title='bbox 1648 2039 1697 2060; x_wconf 89' lang='lat' dir='ltr'>ea.</span> 
     </span>
    </p>

    <p class='ocr_par' dir='ltr' id='par_1_30' title="bbox 1407 2082 2384 2968">
     <span class='ocr_line' id='line_1_180' title="bbox 1410 2082 2380 2122; baseline -0.002 -7"><span class='ocrx_word' id='word_1_672' title='bbox 1410 2097 1422 2111; x_wconf 83' lang='lat'>»</span> <span class='ocrx_word' id='word_1_673' title='bbox 1448 2084 1632 2115; x_wconf 76' lang='lat' dir='ltr'>statuimus</span> <span class='ocrx_word' id='word_1_674' title='bbox 1651 2092 1797 2122; x_wconf 86' lang='lat' dir='ltr'>quoque,</span> <span class='ocrx_word' id='word_1_675' title='bbox 1815 2087 1851 2112; x_wconf 88' lang='lat' dir='ltr'>ut</span> <span class='ocrx_word' id='word_1_676' title='bbox 1869 2083 1996 2112; x_wconf 84' lang='lat' dir='ltr'>fructus</span> <span class='ocrx_word' id='word_1_677' title='bbox 2014 2091 2128 2112; x_wconf 90' lang='lat' dir='ltr'>omnes</span> <span class='ocrx_word' id='word_1_678' title='bbox 2145 2082 2380 2120; x_wconf 86' lang='lat' dir='ltr'>provenientes</span> 
     </span>
     <span class='ocr_line' id='line_1_181' title="bbox 1408 2134 2381 2177; baseline -0.002 -9"><span class='ocrx_word' id='word_1_679' title='bbox 1408 2147 1445 2168; x_wconf 84' lang='lat' dir='ltr'>ex</span> <span class='ocrx_word' id='word_1_680' title='bbox 1463 2137 1681 2177; x_wconf 84' lang='lat' dir='ltr'>sequestratis</span> <span class='ocrx_word' id='word_1_681' title='bbox 1699 2136 1837 2173; x_wconf 88' lang='lat' dir='ltr'>eisdem,</span> <span class='ocrx_word' id='word_1_682' title='bbox 1854 2145 1912 2174; x_wconf 89' lang='lat' dir='ltr'>per</span> <span class='ocrx_word' id='word_1_683' title='bbox 1928 2135 2022 2165; x_wconf 90' lang='lat' dir='ltr'>illum</span> <span class='ocrx_word' id='word_1_684' title='bbox 2041 2135 2091 2165; x_wconf 80' lang='lat' dir='ltr'>vel</span> <span class='ocrx_word' id='word_1_685' title='bbox 2108 2135 2194 2170; x_wconf 90' lang='lat' dir='ltr'>illos,</span> <span class='ocrx_word' id='word_1_686' title='bbox 2213 2144 2311 2174; x_wconf 86' lang='lat' dir='ltr'>quem</span> <span class='ocrx_word' id='word_1_687' title='bbox 2327 2134 2381 2166; x_wconf 84' lang='lat' dir='ltr'>vel</span> 
     </span>
     <span class='ocr_line' id='line_1_182' title="bbox 1408 2189 2380 2230; baseline -0.003 -9"><span class='ocrx_word' id='word_1_688' title='bbox 1408 2200 1490 2230; x_wconf 88' lang='lat' dir='ltr'>quos</span> <span class='ocrx_word' id='word_1_689' title='bbox 1511 2191 1745 2229; x_wconf 85' lang='lat' dir='ltr'>deputaremus</span> <span class='ocrx_word' id='word_1_690' title='bbox 1762 2189 1802 2219; x_wconf 89' lang='lat' dir='ltr'>ad</span> <span class='ocrx_word' id='word_1_691' title='bbox 1818 2189 1867 2223; x_wconf 83' lang='lat' dir='ltr'>id,</span> <span class='ocrx_word' id='word_1_692' title='bbox 1885 2189 2122 2224; x_wconf 59' lang='lat' dir='ltr'>collis-verentur</span> <span class='ocrx_word' id='word_1_693' title='bbox 2137 2193 2169 2218; x_wconf 85' lang='lat' dir='ltr'>et.</span> <span class='ocrx_word' id='word_1_694' title='bbox 2185 2189 2285 2218; x_wconf 89' lang='lat' dir='ltr'>etiam</span> <span class='ocrx_word' id='word_1_695' title='bbox 2308 2197 2380 2219; x_wconf 91' lang='lat' dir='ltr'>ser-</span> 
     </span>
     <span class='ocr_line' id='line_1_183' title="bbox 1407 2242 2380 2282; baseline -0.001 -9"><span class='ocrx_word' id='word_1_696' title='bbox 1407 2249 1582 2279; x_wconf 80' lang='lat' dir='ltr'>varentur;</span> <span class='ocrx_word' id='word_1_697' title='bbox 1601 2244 1670 2282; x_wconf 78' lang='lat' dir='ltr'>qui,</span> <span class='ocrx_word' id='word_1_698' title='bbox 1686 2243 1835 2272; x_wconf 82' lang='lat' dir='ltr'>deductis</span> <span class='ocrx_word' id='word_1_699' title='bbox 1853 2242 2007 2280; x_wconf 81' lang='lat' dir='ltr'>expensis</span> <span class='ocrx_word' id='word_1_700' title='bbox 2023 2242 2062 2271; x_wconf 89' lang='lat' dir='ltr'>ab</span> <span class='ocrx_word' id='word_1_701' title='bbox 2079 2242 2137 2278; x_wconf 87' lang='lat' dir='ltr'>eis,</span> <span class='ocrx_word' id='word_1_702' title='bbox 2157 2250 2240 2280; x_wconf 87' lang='lat' dir='ltr'>quas</span> <span class='ocrx_word' id='word_1_703' title='bbox 2256 2242 2290 2271; x_wconf 91' lang='lat' dir='ltr'>in</span> <span class='ocrx_word' id='word_1_704' title='bbox 2306 2242 2380 2281; x_wconf 87' lang='lat' dir='ltr'>ipso</span> 
     </span>
     <span class='ocr_line' id='line_1_184' title="bbox 1408 2295 2378 2336; baseline -0.003 -9"><span class='ocrx_word' id='word_1_705' title='bbox 1408 2297 1559 2335; x_wconf 77' lang='lat' dir='ltr'>negocio,</span> <span class='ocrx_word' id='word_1_706' title='bbox 1575 2297 1666 2336; x_wconf 79' lang='lat' dir='ltr'>juxta</span> <span class='ocrx_word' id='word_1_707' title='bbox 1684 2295 1909 2334; x_wconf 88' lang='lat' dir='ltr'>provisionem</span> <span class='ocrx_word' id='word_1_708' title='bbox 1928 2300 2091 2329; x_wconf 85' lang='lat' dir='ltr'>nostram,</span> <span class='ocrx_word' id='word_1_709' title='bbox 2109 2295 2182 2324; x_wconf 86' lang='lat' dir='ltr'>fieri</span> <span class='ocrx_word' id='word_1_710' title='bbox 2201 2298 2378 2333; x_wconf 85' lang='lat' dir='ltr'>oporteret,</span> 
     </span>
     <span class='ocr_line' id='line_1_185' title="bbox 1407 2346 2380 2389; baseline -0.001 -10"><span class='ocrx_word' id='word_1_711' title='bbox 1407 2350 1557 2389; x_wconf 87' lang='lat' dir='ltr'>partibus</span> <span class='ocrx_word' id='word_1_712' title='bbox 1577 2349 1757 2379; x_wconf 86' lang='lat' dir='ltr'>nominatis</span> <span class='ocrx_word' id='word_1_713' title='bbox 1774 2348 1824 2378; x_wconf 83' lang='lat' dir='ltr'>vel</span> <span class='ocrx_word' id='word_1_714' title='bbox 1844 2357 1956 2378; x_wconf 87' lang='lat' dir='ltr'>earum</span> <span class='ocrx_word' id='word_1_715' title='bbox 1975 2347 2082 2381; x_wconf 81' lang='lat' dir='ltr'>alteri,</span> <span class='ocrx_word' id='word_1_716' title='bbox 2101 2346 2284 2377; x_wconf 88' lang='lat' dir='ltr'>secundum</span> <span class='ocrx_word' id='word_1_717' title='bbox 2301 2355 2380 2378; x_wconf 84' lang='lat' dir='ltr'>nos-</span> 
     </span>
     <span class='ocr_line' id='line_1_186' title="bbox 1408 2399 2381 2440; baseline -0.003 -8"><span class='ocrx_word' id='word_1_718' title='bbox 1408 2407 1491 2432; x_wconf 82' lang='lat' dir='ltr'>tram</span> <span class='ocrx_word' id='word_1_719' title='bbox 1511 2401 1764 2440; x_wconf 82' lang='lat' dir='ltr'>providentiam.</span> <span class='ocrx_word' id='word_1_720' title='bbox 1786 2401 2006 2431; x_wconf 74' lang='lat' dir='ltr'>u·a‹lerenun-.</span> <span class='ocrx_word' id='word_1_721' title='bbox 2026 2400 2121 2431; x_wconf 87' lang='lat' dir='ltr'>Circa</span> <span class='ocrx_word' id='word_1_722' title='bbox 2133 2399 2381 2438; x_wconf 84' lang='lat' dir='ltr'>possessionem</span> 
     </span>
     <span class='ocr_line' id='line_1_187' title="bbox 1408 2452 2381 2494; baseline -0.002 -9"><span class='ocrx_word' id='word_1_723' title='bbox 1408 2466 1495 2486; x_wconf 83' lang='lat' dir='ltr'>vero.</span> <span class='ocrx_word' id='word_1_724' title='bbox 1509 2455 1558 2485; x_wconf 87' lang='lat' dir='ltr'>vel</span> <span class='ocrx_word' id='word_1_725' title='bbox 1573 2455 1680 2494; x_wconf 82' lang='lat' dir='ltr'>quasi,</span> <span class='ocrx_word' id='word_1_726' title='bbox 1693 2464 1750 2483; x_wconf 86' lang='lat' dir='ltr'>seu</span> <span class='ocrx_word' id='word_1_727' title='bbox 1763 2454 1987 2484; x_wconf 75' lang='lat' dir='ltr'>detentionem</span> <span class='ocrx_word' id='word_1_728' title='bbox 2003 2452 2229 2491; x_wconf 60' lang='lat' dir='ltr'>ligitaniensis</span> <span class='ocrx_word' id='word_1_729' title='bbox 2241 2452 2381 2483; x_wconf 81' lang='lat' dir='ltr'>ecclesie</span> 
     </span>
     <span class='ocr_line' id='line_1_188' title="bbox 1408 2506 2381 2545; baseline -0.004 -6"><span class='ocrx_word' id='word_1_730' title='bbox 1408 2510 1443 2539; x_wconf 89' lang='lat' dir='ltr'>in</span> <span class='ocrx_word' id='word_1_731' title='bbox 1467 2510 1594 2543; x_wconf 81' lang='lat' dir='ltr'>Fui-no,</span> <span class='ocrx_word' id='word_1_732' title='bbox 1619 2508 1749 2538; x_wconf 76' lang='lat' dir='ltr'>Telario</span> <span class='ocrx_word' id='word_1_733' title='bbox 1773 2512 1802 2537; x_wconf 85' lang='lat' dir='ltr'>et</span> <span class='ocrx_word' id='word_1_734' title='bbox 1829 2507 1905 2537; x_wconf 84' lang='lat' dir='ltr'>aliis</span> <span class='ocrx_word' id='word_1_735' title='bbox 1930 2506 2214 2545; x_wconf 70' lang='lat' dir='ltr'>possessionibus,</span> <span class='ocrx_word' id='word_1_736' title='bbox 2239 2514 2322 2545; x_wconf 88' lang='lat' dir='ltr'>quas</span> <span class='ocrx_word' id='word_1_737' title='bbox 2345 2506 2381 2535; x_wconf 88' lang='lat' dir='ltr'>in</span> 
     </span>
     <span class='ocr_line' id='line_1_189' title="bbox 1410 2558 2382 2596; baseline -0.003 -5"><span class='ocrx_word' id='word_1_738' title='bbox 1410 2562 1561 2591; x_wconf 88' lang='lat' dir='ltr'>terminis</span> <span class='ocrx_word' id='word_1_739' title='bbox 1578 2561 1616 2591; x_wconf 83' lang='lat' dir='ltr'>de</span> <span class='ocrx_word' id='word_1_740' title='bbox 1633 2560 1762 2591; x_wconf 78' lang='lat' dir='ltr'>Celei-io</span> <span class='ocrx_word' id='word_1_741' title='bbox 1780 2560 1923 2590; x_wconf 82' lang='lat' dir='ltr'>tenebat.</span> <span class='ocrx_word' id='word_1_742' title='bbox 1944 2568 2070 2588; x_wconf 66' lang='lat' dir='ltr'>net-non</span> <span class='ocrx_word' id='word_1_743' title='bbox 2091 2563 2119 2587; x_wconf 89' lang='lat' dir='ltr'>et</span> <span class='ocrx_word' id='word_1_744' title='bbox 2141 2558 2228 2588; x_wconf 89' lang='lat' dir='ltr'>circa</span> <span class='ocrx_word' id='word_1_745' title='bbox 2249 2566 2382 2596; x_wconf 86' lang='lat' dir='ltr'>posses-</span> 
     </span>
     <span class='ocr_line' id='line_1_190' title="bbox 1409 2610 2380 2652; baseline -0.004 -8"><span class='ocrx_word' id='word_1_746' title='bbox 1409 2615 1548 2650; x_wconf 84' lang='lat' dir='ltr'>sionem,</span> <span class='ocrx_word' id='word_1_747' title='bbox 1561 2614 1610 2643; x_wconf 81' lang='lat' dir='ltr'>vel</span> <span class='ocrx_word' id='word_1_748' title='bbox 1627 2614 1734 2652; x_wconf 81' lang='lat' dir='ltr'>quasi,</span> <span class='ocrx_word' id='word_1_749' title='bbox 1749 2623 1806 2643; x_wconf 82' lang='lat' dir='ltr'>seu</span> <span class='ocrx_word' id='word_1_750' title='bbox 1822 2612 2045 2642; x_wconf 74' lang='lat' dir='ltr'>detentionem</span> <span class='ocrx_word' id='word_1_751' title='bbox 2064 2611 2170 2649; x_wconf 82' lang='lat' dir='ltr'>ipsius</span> <span class='ocrx_word' id='word_1_752' title='bbox 2186 2611 2221 2640; x_wconf 86' lang='lat' dir='ltr'>in</span> <span class='ocrx_word' id='word_1_753' title='bbox 2235 2610 2380 2647; x_wconf 85' lang='lat' dir='ltr'>Guarda,</span> 
     </span>
     <span class='ocr_line' id='line_1_191' title="bbox 1408 2662 2383 2702; baseline -0.005 -5"><span class='ocrx_word' id='word_1_754' title='bbox 1408 2669 1526 2702; x_wconf 75' lang='lat' dir='ltr'>&#39;saut-o,</span> <span class='ocrx_word' id='word_1_755' title='bbox 1545 2667 1660 2697; x_wconf 87' lang='lat' dir='ltr'>Castro</span> <span class='ocrx_word' id='word_1_756' title='bbox 1673 2665 1841 2696; x_wconf 82' lang='lat' dir='ltr'>Menendi.</span> <span class='ocrx_word' id='word_1_757' title='bbox 1861 2665 1888 2694; x_wconf 91' lang='lat' dir='ltr'>si</span> <span class='ocrx_word' id='word_1_758' title='bbox 1908 2669 2015 2693; x_wconf 86' lang='lat' dir='ltr'>tamen</span> <span class='ocrx_word' id='word_1_759' title='bbox 2034 2663 2115 2692; x_wconf 84' lang='lat' dir='ltr'>illud</span> <span class='ocrx_word' id='word_1_760' title='bbox 2131 2663 2304 2698; x_wconf 81' lang='lat' dir='ltr'>detineret¹</span> <span class='ocrx_word' id='word_1_761' title='bbox 2323 2662 2383 2693; x_wconf 78' lang='lat' dir='ltr'>Al-</span> 
     </span>
     <span class='ocr_line' id='line_1_192' title="bbox 1408 2716 2382 2757; baseline -0.002 -8"><span class='ocrx_word' id='word_1_762' title='bbox 1408 2719 1522 2749; x_wconf 84' lang='lat' dir='ltr'>vendi.</span> <span class='ocrx_word' id='word_1_763' title='bbox 1542 2719 1749 2754; x_wconf 79' lang='lat' dir='ltr'>Germaelos,</span> <span class='ocrx_word' id='word_1_764' title='bbox 1768 2718 1817 2747; x_wconf 89' lang='lat' dir='ltr'>vel</span> <span class='ocrx_word' id='word_1_765' title='bbox 1835 2717 1962 2757; x_wconf 88' lang='lat' dir='ltr'>jurium</span> <span class='ocrx_word' id='word_1_766' title='bbox 1982 2717 2015 2745; x_wconf 92' lang='lat' dir='ltr'>in</span> <span class='ocrx_word' id='word_1_767' title='bbox 2036 2716 2176 2748; x_wconf 79' lang='lat' dir='ltr'>eisdem,</span> <span class='ocrx_word' id='word_1_768' title='bbox 2195 2724 2323 2746; x_wconf 85' lang='lat' dir='ltr'>necnon</span> <span class='ocrx_word' id='word_1_769' title='bbox 2350 2720 2382 2747; x_wconf 81' lang='lat' dir='ltr'>et</span> 
     </span>
     <span class='ocr_line' id='line_1_193' title="bbox 1409 2768 2384 2807; baseline -0.003 -5"><span class='ocrx_word' id='word_1_770' title='bbox 1409 2772 1663 2802; x_wconf 84' lang='lat' dir='ltr'>Colimbriensis</span> <span class='ocrx_word' id='word_1_771' title='bbox 1689 2771 1827 2801; x_wconf 78' lang='lat' dir='ltr'>ecclesie</span> <span class='ocrx_word' id='word_1_772' title='bbox 1853 2771 1886 2799; x_wconf 90' lang='lat' dir='ltr'>in</span> <span class='ocrx_word' id='word_1_773' title='bbox 1912 2770 2010 2799; x_wconf 78' lang='lat' dir='ltr'>locis.</span> <span class='ocrx_word' id='word_1_774' title='bbox 2030 2768 2180 2798; x_wconf 68' lang='lat' dir='ltr'>ecclesiis</span> <span class='ocrx_word' id='word_1_775' title='bbox 2202 2774 2231 2799; x_wconf 77' lang='lat' dir='ltr'>et</span> <span class='ocrx_word' id='word_1_776' title='bbox 2250 2777 2384 2807; x_wconf 81' lang='lat' dir='ltr'>posses-</span> 
     </span>
     <span class='ocr_line' id='line_1_194' title="bbox 1410 2822 2380 2863; baseline -0.003 -8"><span class='ocrx_word' id='word_1_777' title='bbox 1410 2826 1561 2855; x_wconf 79' lang='lat' dir='ltr'>sionibus</span> <span class='ocrx_word' id='word_1_778' title='bbox 1579 2825 1814 2863; x_wconf 78' lang='lat' dir='ltr'>infrascriptis,</span> <span class='ocrx_word' id='word_1_779' title='bbox 1830 2823 1879 2853; x_wconf 88' lang='lat' dir='ltr'>vel</span> <span class='ocrx_word' id='word_1_780' title='bbox 1894 2823 2020 2862; x_wconf 84' lang='lat' dir='ltr'>jurium</span> <span class='ocrx_word' id='word_1_781' title='bbox 2040 2823 2072 2850; x_wconf 92' lang='lat' dir='ltr'>in</span> <span class='ocrx_word' id='word_1_782' title='bbox 2092 2822 2227 2857; x_wconf 86' lang='lat' dir='ltr'>eisdem,</span> <span class='ocrx_word' id='word_1_783' title='bbox 2242 2822 2380 2857; x_wconf 81' lang='lat' dir='ltr'>scilicet,</span> 
     </span>
     <span class='ocr_line' id='line_1_195' title="bbox 1412 2875 2379 2915; baseline -0.003 -8"><span class='ocrx_word' id='word_1_784' title='bbox 1412 2879 1444 2907; x_wconf 92' lang='lat' dir='ltr'>in</span> <span class='ocrx_word' id='word_1_785' title='bbox 1469 2879 1584 2915; x_wconf 64' lang='lat' dir='ltr'>Cogi-a,</span> <span class='ocrx_word' id='word_1_786' title='bbox 1607 2879 1815 2915; x_wconf 68' lang='lat' dir='ltr'>Pedi-ogano,</span> <span class='ocrx_word' id='word_1_787' title='bbox 1837 2877 2012 2911; x_wconf 57' lang='lat' dir='ltr'>l⁴‘i5.*ueroo,</span> <span class='ocrx_word' id='word_1_788' title='bbox 2034 2876 2191 2904; x_wconf 82' lang='lat' dir='ltr'>Laurosa.</span> <span class='ocrx_word' id='word_1_789' title='bbox 2214 2875 2379 2909; x_wconf 81' lang='lat' dir='ltr'>Midones,</span> 
     </span>
     <span class='ocr_line' id='line_1_196' title="bbox 1412 2926 2382 2968; baseline -0.003 -9"><span class='ocrx_word' id='word_1_790' title='bbox 1412 2933 1528 2967; x_wconf 59' lang='lat' dir='ltr'>‚xi-ega.</span> <span class='ocrx_word' id='word_1_791' title='bbox 1545 2931 1675 2961; x_wconf 80' lang='lat' dir='ltr'>Dornis.</span> <span class='ocrx_word' id='word_1_792' title='bbox 1698 2930 1802 2968; x_wconf 66' lang='lat' dir='ltr'>Aquis</span> <span class='ocrx_word' id='word_1_793' title='bbox 1819 2928 1926 2959; x_wconf 75' lang='lat' dir='ltr'>bellis.</span> <span class='ocrx_word' id='word_1_794' title='bbox 1945 2927 2045 2957; x_wconf 61' lang='lat' dir='ltr'>‹simnil</span> <span class='ocrx_word' id='word_1_795' title='bbox 2061 2935 2166 2965; x_wconf 82' lang='lat' dir='ltr'>usque</span> <span class='ocrx_word' id='word_1_796' title='bbox 2183 2926 2334 2957; x_wconf 81' lang='lat' dir='ltr'>ecclesiis</span> <span class='ocrx_word' id='word_1_797' title='bbox 2349 2931 2382 2958; x_wconf 88' lang='lat' dir='ltr'>et</span> 
     </span>
    </p>
   </div>
   <div class='ocr_carea' id='block_1_21' title="bbox 2485 2028 2498 2609">
    <p class='ocr_par' dir='ltr' id='par_1_31' title="bbox 2485 2028 2498 2609">
     <span class='ocr_line' id='line_1_197' title="bbox 2485 2028 2498 2609; textangle 90"><span class='ocrx_word' id='word_1_798' title='bbox 2491 2587 2498 2609; x_wconf 64' lang='grc'>.-</span> <span class='ocrx_word' id='word_1_799' title='bbox 2486 2543 2498 2568; x_wconf 62' lang='grc' dir='ltr'>ιΔ</span> <span class='ocrx_word' id='word_1_800' title='bbox 2485 2084 2498 2518; x_wconf 52' lang='grc' dir='ltr'>ῌ-ῌι-ῌ*</span> <span class='ocrx_word' id='word_1_801' title='bbox 2492 2028 2498 2038; x_wconf 67' lang='grc'><strong>.</strong></span> 
     </span>
    </p>
   </div>
  </div>
 </body>
</html>
