2441 3330
210 242 248 272 58
935 233 1175 265 REGISTRES
1195 233 1504 264 D'ALEXANDRE
1526 235 1583 264 IV.

209 307 292 339 dene,
308 303 540 333 Saresbirtensis
553 303 687 332 diocesis.
705 301 776 332 Etsi
791 305 924 339 propter
938 300 1154 331 ambitionem
1167 317 1216 329 —-.

211 359 281 388 Dat.
302 355 452 394 Neapoli,
473 356 501 386 V
518 363 622 385 nonas
638 353 761 389 martii,
780 362 866 384 anno
882 353 1000 392 primo.
1023 366 1036 380 »

282 528 370 557 21²

245 591 353 617 Abbati
381 590 547 616 monasterii
575 588 825 623 'l'i·en01·cbiensis‚
853 588 1053 616 Cabilonensis
1083 588 1218 619 diocesis,

211 639 405 674 cognitionem
417 646 571 665 causarum
582 638 731 664 bominum
746 637 910 664 monasterii
928 642 1064 664 reservat.
1078 637 1162 671 (ΠΕΟ.
1175 637 1218 668 24,

209 697 236 715 c.
256 687 315 719 181,
330 687 348 714 t‘.
366 688 434 720 ²23v.)

764 525 882 560 Naples‚
903 527 932 552 15
950 526 1052 552 sevi-ier
1072 526 1146 553 1255.

253 801 265 815 ι(
287 811 319 823 ..,
339 788 441 817 abbati
460 793 486 817 et
510 789 675 817 conventui
694 789 874 816 monasterii
892 788 1151 822 Tremor-chiensis,
1170 796 1221 816 or-

210 842 297 880 dini-s,
314 842 414 870 sancti
428 841 598 875 Benedicti,
617 840 822 870 Cabilonensis
845 840 982 875 diocesis,
999 840 1038 869 ad
1053 841 1222 868 Romanam

212 881 377 924 Ecclesiam
396 894 483 922 ‘nullo
506 893 603 922 'medio
621 893 816 930 pertinentis.
834 893 951 921 Vestro
974 892 1103 921 meritis
1123 891 1222 921 devo-

212 947 312 978 tionis
328 946 520 976 inducimur
535 949 570 976 ut
590 954 647 976 vos
666 945 777 975 favore
796 944 948 974 benivolo
969 953 1220 982 prosequamur,

210 1000 267 1030 sed
286 1000 321 1028 in
339 999 406 1029 hiis
421 998 576 1037 precipue
593 1007 656 1036 que
673 1002 819 1027 vestrum
840 997 967 1035 possint
983 997 1222 1027 monasterium

211 1062 229 1082 a
245 1052 419 1090 dispendio
434 1060 638 1090 preservare.
658 1050 743 1080 Hinc
762 1054 811 1080 est
829 1050 916 1089 quod
932 1058 991 1079 nos
1008 1050 1127 1080 vestris
1143 1059 1222 1088 sup-

211 1105 446 1145 plicationibus
463 1108 659 1139 annuentes,
678 1108 713 1133 ut
729 1103 880 1133 homines
897 1107 928 1133 et
941 1103 1078 1133 vassalli
1094 1112 1222 1133 monas-

210 1159 286 1189 terii
303 1162 333 1188 et
350 1158 573 1188 membrorum
591 1157 662 1196 ejus
685 1165 784 1194 super
806 1156 1075 1194 possessionibus
1098 1159 1129 1185 et
1145 1156 1222 1186 aliis

211 1211 307 1240 bonis
321 1220 384 1249 qne
402 1220 420 1240 a
435 1209 636 1239 monasterio
653 1214 683 1238 et
702 1209 859 1239 membris
873 1209 955 1248 ipsis
973 1212 1085 1239 tenent
1102 1209 1137 1238 in
1153 1210 1222 1239 feu-

211 1264 289 1305 duin
305 1272 370 1292 non
383 1263 511 1301 possint
525 1271 635 1291 coram
647 1261 712 1291 alio
726 1261 909 1296 conveniri,
920 1261 1013 1291 vohis
1027 1262 1222 1292 auctoritate

210 1315 417 1355 presentium
437 1314 664 1352 indulgemus,
690 1314 865 1344 dummodo
889 1314 991 1344 iidem
1016 1314 1168 1344 homines
1191 1318 1222 1344 et

210 1367 347 1398 vassalli
372 1376 482 1398 coram
506 1371 537 1397 te
562 1367 610 1396 fili
638 1367 739 1397 abbas
765 1371 796 1397 et
821 1367 1070 1398 successoribus
1098 1367 1164 1397 tuis
1185 1376 1222 1397 ac

211 1421 377 1459 prioribus
402 1420 564 1450 dictorum
591 1419 814 1450 membrorum
841 1429 859 1449 a
884 1419 1006 1458 quibus
1030 1419 1222 1459 hujusmodi

212 1473 310 1504 feuda
332 1476 445 1503 tenent
465 1473 573 1511 parati
593 1472 661 1502 sint
677 1472 715 1502 de
737 1482 771 1502 se
789 1472 1071 1512 conquerentibus
1090 1472 1222 1512 justitie

211 1527 454 1566 plenitudinem
484 1526 651 1557 exhibere.
679 1525 773 1556 Nulli
805 1530 866 1556 etc.
900 1530 1011 1556 nostre
1034 1525 1222 1556 eoncessio-

212 1580 264 1610 nis
294 1584 355 1610 etc.
386 1581 459 1610 Dat.
491 1578 648 1618 Neapoli,
680 1579 742 1609 XV
776 1578 936 1609 kalendas
972 1578 1101 1615 martii,
1135 1587 1222 1609 anno

212 1633 328 1671 primo.
348 1644 361 1659 ι)

283 1796 374 1824 213

252 1857 436 1892 [Laurentio]‚
458 1859 594 1893 episcopo
616 1858 765 1888 Sem-ensi,
787 1858 935 1889 concedit,
953 1863 984 1884 ut
1004 1858 1130 1885 «iohanni
1153 1858 1221 1885 Sca·

212 1908 290 1934 rensi
307 1907 475 1942 presbytero
491 1907 634 1933 defectum
653 1907 787 1933 natalium
807 1907 952 1941 indulgeat
969 1908 1053 1941 eique
1069 1908 1221 1934 ecelesiam

213 1957 247 1983 de
264 1955 391 1989 Ballabu,
411 1955 542 1990 ejusdem
558 1956 701 1989 diocesis,
720 1956 747 1982 in
764 1964 819 1990 qua
835 1956 978 1990 quondam
997 1960 1075 1991 pater
1091 1956 1221 1990 ejusdem

211 2004 356 2031 Johannis
382 2004 522 2039 plebanus
546 2005 675 2039 proximo
700 2004 881 2034 ministravit,
906 2004 1045 2039 assignet.
1069 2004 1150 2039 (Rau.
1176 2005 1222 2039 24,

212 2062 237 2079 c.
258 2052 317 2086 188,
333 2052 352 2080 f.
367 2052 429 2084 23v;
450 2052 594 2079 poa-misr
614 2053 717 2083 157‘27.)

808 1796 926 1831 Naples,
944 1797 959 1823 9
977 1804 1052 1822 mars
1072 1796 1149 1823 1255.

256 2166 268 2180 a
289 2177 321 2188 ..,
339 2156 472 2192 episcopo
493 2155 643 2183 Searensi.
667 2154 838 2185 Johannes
857 2155 1030 2184 Scarensis
1048 2155 1223 2194 presbyter

213 2224 262 2235 —-.
280 2207 354 2236 Dat.
372 2206 522 2245 Neapoli.
539 2208 602 2238 VII
617 2207 691 2237 idus
707 2208 839 2242 marcii,
854 2216 940 2237 anno
956 2208 1074 2246 primo.
1094 2220 1107 2235 »

285 2377 376 2404 2¹4

250 2438 466 2464 Accuritnbono
492 2439 595 2464 rectori
617 2442 645 2464 et
668 2438 802 2465 fratribus
825 2439 975 2474 hospitalis
997 2449 1022 2467 s.
1047 2441 1174 2475 Spiritus
1195 2444 1222 2468 in

216 2486 302 2513 Saxis
331 2494 403 2512 novo
433 2487 526 2512 firmat
548 2486 717 2520 diplomate,
743 2496 815 2521 quae
841 2488 1079 2522 praedecessores
1104 2491 1150 2516 sui
1173 2489 1221 2524 H.‚

789 2378 904 2413 Naples,
927 2379 962 2404 ler
979 2387 1054 2405 mars
1072 2379 1150 2406 1255.

216 2535 375 2569 Gregorius
390 2539 417 2561 et
436 2534 621 2561 innocentius
638 2535 671 2560 de
687 2536 809 2562 statione
826 2537 899 2570 apud
917 2546 967 2563 eos
979 2539 1134 2572 quotannis
1149 2539 1224 2565 cele-

208 2583 322 2609 branda
341 2587 369 2609 et
390 2583 491 2618 effigiei
514 2584 670 2610 Salvator-is
691 2584 831 2611 delatione
848 2594 898 2620 per
917 2588 1072 2614 canonicos
1089 2587 1223 2614 basilicae

219 2632 359 2666 Principis
377 2632 581 2665 Apostolorum
599 2632 727 2659 habenda
743 2633 938 2662 decreverant.
956 2634 1039 2667 (Rffi.
1053 2635 1095 2667 24.
1115 2644 1141 2664 e.
1161 2637 1222 2671 189,

216 2681 234 2706 f.
251 2680 312 2712 ‘23v;
332 2679 478 2707 Porrsisr
495 2681 602 2713 15711.)

258 2793 271 2807 «
289 2781 509 2810 ,tecm—imbono
524 2783 635 2811 rectori
652 2787 677 2811 et
696 2783 847 2819 fratribus
863 2784 1022 2821 hospitalis
1037 2787 1136 2815 sancti
1153 2787 1224 2824 Spi-

217 2835 296 2863 ritus
316 2835 348 2863 in
363 2834 459 2863 Samia
475 2834 508 2863 ‹tt›
527 2835 609 2863 l'rbe.
632 2835 681 2864 Ad
699 2836 1002 2867 commemorandas
1021 2838 1154 2876 nuptias
1173 2857 1218 2867 —.

217 2887 290 2916 Dat.
308 2886 458 2925 Neapoli,
474 2886 624 2917 kalendis
641 2888 763 2922 martii,
782 2897 868 2918 anno
884 2889 1001 2927 primo.
1022 2902 1034 2916 »

1372 299 1462 328 215

1341 360 1510 396 [Gregm-iol,
1536 362 1628 389 electo
1657 362 1858 397 Aquilegensi,
1874 363 2010 394 mandat,
2041 366 2071 390 ut
2094 371 2161 390 cum
2189 363 2311 391 ecclesis

1899 300 2016 336 Naples.
2034 301 2049 329 3
2066 310 2143 328 mars
2160 301 2238 329 1255.

1302 409 1509 445 Aquilegensis
1533 411 1738 438 canonicorum
1764 411 1947 438 multitudine
1971 414 2087 438 onerata
2110 411 2149 438 sit
2173 414 2203 439 et
2228 419 2310 447 prae-
2359 435 2362 437 r

1302 457 1411 484 bendae
1426 466 1526 485 eorum
1540 462 1598 485 tam
1615 461 1718 486 tenues
1733 460 1791 486 sint
1807 462 1838 486 ut
1854 463 1966 494 praeter
1978 459 2161 494 quotidianas
2175 458 2313 486 distribu-

1301 507 1396 532 tiones
1422 506 1468 532 vix
1493 509 1553 534 tres
1577 515 1689 534 marcas
1713 508 1825 542 argenti
1847 507 1971 543 quisque
1991 508 2138 535 annuatim
2161 508 2310 544 percipiat,

1302 555 1480 590 praebendas
1489 555 1688 583 decedentium
1698 556 1727 582 in
1736 564 1907 584 communes
1920 565 1992 584 usus
2002 560 2161 584 convertat.
2171 556 2254 590 (Rau.
2264 557 2311 592 21,

1302 612 1329 630 c.
1349 604 1407 637 ¹90,
1426 604 1444 630 f.
1460 604 1524 638 ‘23';
1544 603 1691 631 Powfflsr
1710 605 1817 638 15715.)

1345 718 1358 732 α
1379 728 1411 740 ..,
1429 706 1517 735 eleeto
1536 707 1741 744 Aquileqensi.
1766 705 1859 748 Sicut
1878 709 1910 736 te
1932 715 1969 736 ac
1991 723 2040 736 -.
2062 707 2136 737 Dat.
2160 705 2312 746 Neapoli,

1302 758 1331 788 V
1347 766 1451 788 nonas
1470 758 1592 794 martii,
1608 767 1695 788 anno
1710 758 1828 797 primo.
1850 770 1864 786 »

1376 948 1467 976 2¹8
1878 949 1995 985 Naples,
2011 950 2028 977 5
2042 950 2147 977 sevrier
2163 950 2243 977 1255.

1342 1009 1515 1048 Flprentino,
1532 1010 1670 1045 episcopo
1685 1010 1859 1049 Acconensi,
1873 1011 2012 1046 indulget,
2029 1014 2060 1038 ut
2074 1011 2139 1046 cogi
2151 1019 2207 1038 non
2223 1012 2317 1047 possit

1304 1058 1339 1085 ad
1373 1058 1569 1093 recipiendum
1604 1066 1780 1093 quemquam
1814 1059 1848 1086 ad
1884 1059 2023 1086 beneficia
2055 1059 2113 1087 sibi
2143 1059 2314 1094 spectantia.

1306 1107 1390 1141 (Rso.
1406 1107 1449 1139 2⁴,
1467 1115 1492 1133 c.
1513 1108 1572 1141 191,
1588 1107 1608 1135 f.
1624 1107 1678 1139 24.)

1347 1221 1361 1235 «
1378 1209 1570 1244 Florentino,
1588 1209 1721 1247 episcopo
1740 1210 1917 1239 Acconensi.
1937 1209 2132 1240 Devotionis
2151 1212 2207 1240 tue
2229 1209 2317 1249 apud

1304 1278 1354 1290 —.
1372 1261 1459 1292 Hinc
1475 1265 1524 1292 est
1539 1260 1626 1300 quod
1642 1269 1702 1291 nos
1724 1261 1790 1291 tuis
1807 1261 2107 1300 supplicationibus
2122 1261 2316 1292 favorabili-

1304 1318 1354 1344 ter
1371 1318 1568 1350 annuentes,
1586 1315 1781 1345 auctoritate
1796 1315 1856 1344 tihi
1868 1315 2075 1353 presentium
2090 1315 2315 1354 indulgemus,

1305 1377 1347 1398 ne
1365 1368 1404 1398 de
1420 1367 1614 1406 capellaniis
1631 1368 1700 1398 sive
1718 1368 1904 1406 parrochiis
1920 1377 1979 1398 seu
1995 1367 2071 1398 aliis
2087 1368 2260 1399 beneficiis
2276 1367 2318 1398 ad

1304 1424 1396 1451 tuam
1411 1420 1694 1459 presentationem
1709 1420 1761 1450 vel
1779 1420 1990 1451 collationem
2012 1419 2240 1459 spectantibus
2255 1419 2319 1451 ali-

1306 1475 1359 1505 cui
1382 1474 1550 1513 provideri
1574 1474 1682 1504 valeat
1703 1478 1734 1504 te
1757 1474 1862 1504 invito
1887 1483 1948 1504 nec
1973 1479 2008 1504 tu
2027 1474 2068 1504 ad
2089 1473 2318 1513 recipiendum

1305 1536 1507 1566 quemquam
1526 1527 1568 1557 ad
1584 1526 1643 1557 illa
1662 1527 1714 1557 vel
1735 1526 1870 1557 illorum
1890 1526 2025 1566 aliquod
2045 1527 2119 1565 cogi
2136 1527 2246 1566 possis
2259 1535 2319 1566 per

1304 1580 1433 1610 litteras
1456 1579 1634 1618 apostolice
1648 1579 1744 1610 Sedis
1764 1579 1815 1609 vel
1831 1579 2017 1617 legatorum
2035 1579 2143 1618 ipsius
2159 1579 2320 1618 impetra-

1304 1637 1372 1670 tas,
1399 1642 1457 1672 per
1479 1642 1562 1672 quas
1582 1642 1681 1671 super
1697 1632 1823 1662 eisdem
1846 1632 2041 1671 capellaniis
2059 1632 2112 1663 vel
2132 1632 2318 1672 parrochiis

1305 1690 1362 1716 aut
1376 1686 1549 1716 beneficiis
1568 1685 1715 1715 nondum
1731 1685 1774 1715 sit
1787 1686 1842 1724 jus
1859 1685 1960 1715 alicui
1977 1685 2180 1724 acquisitum
2194 1684 2247 1716 vel
2258 1685 2318 1715 im-

1304 1739 1493 1777 petrandas,
1504 1739 1539 1768 in
1553 1739 1675 1777 quibus
1691 1747 1811 1768 nomen
1827 1742 1919 1768 tuum
1933 1747 2127 1776 expressum
2139 1742 2171 1769 et
2184 1746 2318 1777 presen-

1306 1791 1348 1821 tis
1362 1791 1569 1829 indulgentie
1580 1791 1727 1821 insertus
1739 1799 1805 1820 non
1816 1791 1917 1820 fuerit
1930 1795 2017 1821 totus
2030 1795 2133 1821 tenor.
2148 1790 2243 1822 Nulli
2253 1795 2316 1822 etc.

1305 1849 1417 1874 nostre
1433 1843 1658 1874 concessionis
1675 1848 1733 1874 etc.
1753 1844 1826 1873 Dat.
1844 1843 1999 1882 Neapoli,
2024 1844 2122 1875 nonis
2140 1843 2315 1880 februarii,

1307 1906 1394 1927 anno
1409 1897 1528 1936 primo.
1548 1910 1561 1924 »

1379 2089 1466 2118 21¹²
1861 2089 1978 2125 Naples,
1997 2089 2030 2117 20
2046 2089 2150 2117 fevrier
2166 2089 2244 2118 1255.

1341 2151 1492 2186 H[ugoni]‚
1509 2151 1601 2178 electo
1618 2151 1754 2183 Midensi,
1772 2151 1872 2178 tribuit
1887 2151 2050 2178 facultatem
2065 2151 2253 2179 construendi
2267 2159 2318 2179 eo-

1305 2200 1422 2226 clesiam
1437 2199 1628 2226 cathedralem
1641 2199 1668 2226 in
1684 2199 1853 2234 episcopatu
1865 2207 1918 2226 suo
1929 2199 1992 2226 sine
2005 2199 2181 2235 praeiudicio
2192 2199 2316 2235 alicujus

1305 2248 1516 2283 metropolitani
1538 2248 1592 2274 loci
1616 2255 1726 2274 necnon
1747 2250 1776 2274 et
1795 2247 1842 2274 sui
1861 2247 1979 2283 capituli
1996 2248 2037 2274 vel
2054 2248 2132 2279 cleri,
2149 2248 2175 2274 si
2191 2256 2247 2275 nou
2262 2248 2316 2275 ha-

1305 2297 1370 2323 beat
1384 2296 1552 2331 capitulum.
1569 2295 1650 2330 (Rus.
1667 2296 1712 2328 24,
1727 2304 1753 2323 c.
1772 2296 1831 2331 192,
1848 2297 1866 2323 f.
1884 2296 1914 2323 ‘34
1928 2305 1935 2326 ς
1954 2297 2100 2324 ΡοττΗΑετ
2115 2297 2221 2332 15698.)

1347 2410 1359 2424 «
1378 2399 1427 2433 Η.,
1443 2399 1531 2427 electo
1546 2398 1682 2427 midensi.
1703 2397 1785 2428 Cum
1802 2398 1887 2427 sicut
1903 2398 1998 2428 nobis
2012 2415 2061 2427 —.
2075 2398 2150 2428 Dat.
2162 2397 2314 2437 Neapoli,

1303 2451 1335 2480 X
1352 2450 1510 2481 kalendas
1527 2450 1650 2486 martii,
1669 2459 1755 2480 anno
1773 2450 1891 2489 primo.
1909 2462 1921 2477 »

1379 2641 1466 2670 218

1342 2704 1572 2739 Arcbiepiscopo
1588 2703 1767 2730 Salernitauo
1785 2703 1910 2738 mandat,
1927 2707 1958 2730 ut
1972 2703 2078 2738 Conso,
2090 2704 2157 2731 olim
2173 2704 2314 2732 monacho
2331 2732 2336 2736 ,

1307 2752 1472 2778 monasterii
1489 2760 1514 2780 s.
1528 2751 1675 2779 Benedicti
1691 2752 1726 2778 de
1743 2752 1862 2779 Salei-no
1877 2751 1986 2779 ordinis
2002 2759 2027 2780 s,
2045 2751 2203 2786 Benedicti,
2220 2752 2248 2779 in
2262 2752 2314 2779 ab·

1306 2801 1400 2826 batem
1429 2801 1595 2828 monasterii
1620 2809 1644 2827 s.
1671 2800 1827 2828 Salvatoris
1857 2801 1891 2828 de
1916 2800 2013 2827 Monte
2040 2800 2176 2828 Termino
2203 2800 2314 2828 ordinis

1305 2849 1435 2883 eiusdem
1453 2850 1544 2876 electo
1558 2854 1586 2876 et
1601 2850 1636 2876 ab
1647 2850 1864 2885 archiepiscopo
1877 2850 2002 2885 praefato
2013 2849 2193 2883 confirmato,
2206 2857 2313 2877 munus

1305 2897 1514 2924 benedictionis
1540 2897 1699 2932 impendat,
1724 2906 1778 2924 non
1803 2898 1935 2925 obstante
1955 2897 2035 2939 *quod
2059 2897 2160 2924 electio
2184 2900 2312 2932 tempore

1853 2641 1971 2676 Naples,
1988 2641 2022 2668 26
2035 2641 2150 2676 janvier
2166 2641 2243 2669 1255.
2257 2645 2262 2650 “
