2456 3585
132 340 151 370 8
854 332 1094 364 REGISTRES
1115 331 1423 362 D'ALEXANDRE
1446 332 1502 361 IV.

204 405 260 433 2'2
696 400 812 435 Naptes,
829 401 844 426 7
858 400 972 434 janvier
987 398 1064 426 1255.

167 465 299 500 capituto
314 467 343 490 et
357 463 433 490 clero
450 463 578 497 Reginae
593 462 733 488 ecclesiae
750 460 881 492 mandat,
899 465 930 488 ut
945 459 1136 486 obedientiam

133 513 281 541 intendant
297 516 326 538 et
343 512 498 538 exhibeant
516 510 669 542 Vernatio,
685 510 751 536 olim
773 509 920 544 capellano
942 516 1031 544 papae
1048 507 1137 535 Inno-

133 562 218 589 centii
234 559 286 593 IV,
301 569 317 586 a
332 559 408 586 dicto
425 568 496 594 papa
511 559 538 585 in
555 559 804 593 archiepiscopum
822 557 966 592 Reginum
983 557 1137 593 praefecto.

133 610 214 644 (Rae.
232 609 277 642 ⁶24,
295 618 320 635 c.
337 608 380 639 23,
399 608 417 634 s.
435 608 485 640 tit.)

175 723 188 737 «
206 710 345 748 capitulo
362 710 473 746 Reyino
495 713 520 737 et
538 709 615 738 clero
638 709 826 745 Reqinarum
844 708 981 737 civitatis
996 712 1022 736 et
1039 707 1138 737 dioce-

132 765 184 794 sis.
202 762 350 794 Ecclesia
365 761 494 799 Regina
506 760 701 800 jamdudum
715 777 764 789 —.
784 760 858 790 Dat.
878 763 914 790 ut
930 768 1040 798 supra.
1063 771 1076 786 »

170 870 201 897 In
217 879 243 898 e.
259 878 296 896 m.
314 869 502 903 suffraganeis
519 867 639 894 ecclesie
656 867 777 901 Regino.

204 1051 262 1080 28
698 1048 815 1083 Names,
832 1049 847 1075 5
859 1049 973 1083 janvier
990 1049 1068 1076 1255.

168 1114 275 1140 Abbati
287 1121 311 1140 s.
324 1113 486 1140 Genovefae
501 1111 674 1138 Parisiensis
686 1110 811 1144 mandat,
825 1115 1037 1138 utconventum
1048 1112 1140 1138 eccle-

134 1162 194 1190 siae
212 1161 427 1188 Wintoniensis
445 1161 478 1187 ad
497 1160 706 1187 restituendum
724 1158 874 1186 CCGXLV
895 1168 1006 1187 mareas
1026 1160 1141 1186 stertin-

134 1219 262 1246 goruma
278 1211 364 1236 certis
381 1209 588 1236 mercatoribus
607 1208 787 1235 senensibus
810 1212 955 1235 mutuatas
977 1209 1138 1243 compellat,

134 1258 471 1291 excommunicationem,
483 1257 667 1284 interdictum
682 1260 720 1291 et,
732 1257 847 1283 duobus
862 1257 1012 1284 mensibus
1023 1258 1138 1292 elapsis,

135 1307 355 1342 suspensionem
367 1310 395 1333 et
404 1307 567 1333 citationem
583 1306 616 1332 ad
634 1305 748 1332 Curiam
762 1306 947 1341 apostoticam
966 1305 1138 1333 adhibendo.

135 1355 219 1390 (Rau.
235 1355 278 1386 24,
297 1363 322 1382 c.
339 1355 382 1387 24,
399 1355 418 1382 f.
435 1355 470 1386 5.)

176 1468 188 1482 α
205 1479 239 1491 ..,
254 1457 354 1485 abbati
366 1460 467 1484 sancte
482 1456 622 1491 Genovese
634 1455 828 1484 Parisiensis.
848 1454 931 1485 Cum
946 1455 1142 1486 Deuteaiwa

134 1509 314 1543 Guidonis,
338 1507 488 1537 Andreas
508 1507 707 1537 Christosori
726 1511 756 1536 et
777 1502 1031 1537 Bartholomeus
1051 1508 1143 1538 Petri

134 1571 192 1601 pro
212 1570 245 1592 se
263 1564 293 1591 et
309 1570 422 1591 eorum
443 1560 543 1590 sociis
559 1559 688 1589 civibus
706 1563 737 1589 et
754 1560 994 1590 mercatoribus
1015 1560 1142 1590 Senen-

136 1615 227 1646 sibus
241 1614 370 1644 dilectis
384 1613 463 1643 filiis
482 1637 513 1649 ..‚
528 1613 631 1652 priori
645 1613 844 1643 cathedralis
858 1613 995 1644 ecclesie
1009 1613 1143 1643 Winte-

137 1667 274 1701 niensis‚
294 1676 330 1696 ac
345 1666 523 1696 &uillelmo
544 1666 582 1695 de
600 1666 724 1702 Kingat
740 1670 770 1696 et
793 1666 947 1704 Philippo
970 1666 1008 1695 de
1029 1666 1142 1696 Osnan

136 1719 307 1749 monachis
323 1723 353 1748 et
370 1718 637 1757 procuratoribus
654 1718 801 1757 ejusdem
816 1719 936 1756 prioris
953 1723 983 1748 et
1000 1728 1142 1749 conven-

137 1776 188 1802 tus
203 1771 340 1801 ecclesie
352 1771 549 1809 supradicte,
563 1771 689 1800 ordinis
704 1770 810 1800 sancti
824 1771 1007 1806 Benedicti,
1023 1780 1142 1801 renun-

136 1825 301 1856 ciantibus
322 1825 550 1854 constitutioni
574 1825 611 1853 de
633 1824 761 1854 duabus
778 1824 875 1854 dietis
893 1825 997 1854 edicte
1014 1825 1048 1854 in
1065 1834 1143 1854 cou-

136 1878 212 1908 cilio
228 1877 374 1915 generali
390 1881 421 1907 et
437 1877 591 1907 ‹junnibus
607 1876 727 1907 litteris
744 1881 775 1906 et
790 1877 1009 1914 indulgentiis
1026 1886 1043 1907 a
1060 1878 1143 1907 Sede

137 1930 313 1969 apostolica
334 1929 518 1967 impetratis
541 1938 577 1959 ac
600 1929 699 1959 etiam
721 1929 954 1967 impetrandis,
980 1934 1143 1960 trecentas

136 1988 167 2014 et
178 1983 396 2022 quadraginta
408 1983 554 2021 quinque
568 1991 694 2012 mareas
704 1982 938 2020 sterlingorum
949 1983 1143 2013 auctoritate

135 2036 320 2065 litterarum
335 2035 523 2065 eorumdem
538 2035 657 2073 prioris
674 2039 703 2065 et
721 2040 901 2065 conventus
916 2045 1014 2073 super
1030 2040 1143 2065 mutuo

136 2087 358 2118 contrahendo
375 2088 597 2117 consertarum
615 2087 700 2125 apud
716 2087 834 2117 Sedem
851 2088 988 2117 eandem
1010 2098 1068 2126 pro
1089 2096 1144 2117 ex-

134 2140 307 2178 pediendis
330 2139 552 2178 predictorum
576 2139 713 2177 prioris,
741 2144 922 2169 conventus
950 2143 979 2169 et
1005 2140 1144 2170 ecclesie

136 2193 277 2229 negotiis
298 2193 478 2222 mutuarint
503 2193 601 2221 certis
621 2193 683 2221 sibi
706 2192 779 2222 loeo
795 2197 825 2222 et
848 2193 998 2222 terminis
1019 2193 1144 2231 persol-

136 2246 274 2281 vendos,
292 2250 387 2283 prout
407 2245 441 2274 in
464 2245 686 2275 instrunwnto
708 2245 840 2283 publico
862 2245 978 2274 exinde
996 2246 1144 2275 conserto

136 2298 266 2337 plenius
280 2299 477 2333 continetur,
494 2298 684 2327 discretioni
703 2302 755 2327 lue
771 2298 811 2327 ad
824 2298 1045 2335 predictorum
1059 2298 1143 2336 prio-

135 2353 181 2382 ris
204 2356 234 2381 et
256 2356 503 2390 procuratorum
526 2351 720 2381 instantiam
742 2361 800 2389 per
820 2351 999 2389 apostolica
1023 2351 1143 2390 scripta

135 2405 329 2434 mandamus
346 2404 514 2442 quatinus,
533 2404 560 2433 si
579 2404 656 2433 ‹tit-{i
674 2404 763 2441 prior
779 2408 810 2433 et
828 2408 1009 2433 conventus
1027 2407 1057 2432 rt
1074 2412 1143 2433 suc-

135 2467 281 2488 cessores
297 2467 410 2487 eorum
432 2457 467 2485 in
490 2457 623 2486 statutis
646 2457 716 2487 loco
737 2461 764 2486 et
791 2457 942 2485 terminis
959 2457 1051 2495 juxta
1073 2457 1144 2485 ins-

137 2510 293 2540 trumenti
308 2510 447 2547 predicti
465 2514 621 2545 hfnorem,
640 2510 683 2538 ita
703 2510 789 2547 quod
807 2509 896 2538 nulla
915 2509 977 2538 alia
996 2509 1143 2547 probatio

135 2562 186 2592 vel
200 2562 360 2592 certitudo
375 2572 472 2599 snper
488 2562 676 2601 hujusmodi
695 2562 804 2591 debito
821 2562 971 2598 exigatur
989 2566 1143 2591 inerrato-

134 2615 227 2644 ribus
243 2615 336 2652 ipsis,
355 2614 475 2652 quibus
491 2619 639 2651 pretextu
657 2614 798 2652 alirujus
821 2614 1068 2643 constitutionis
1089 2624 1143 2643 ca-

136 2668 253 2697 nonice
270 2667 321 2695 vel
337 2667 445 2695 civilis
463 2671 515 2695 ant
535 2667 772 2705 rnjnsruinqne
788 2666 955 2704 privileg-rii
971 2666 1019 2695 vel
1038 2666 1143 2695 indul-

135 2720 244 2758 gentie
275 2720 312 2749 de
344 2719 464 2757 quibus
494 2719 625 2757 plenam
653 2724 681 2748 et
715 2728 903 2756 expressam
933 2723 1079 2756 oporteat
1108 2719 1142 2748 in

134 2772 345 2812 presentibus
374 2772 446 2801 lieri
480 2771 681 2801 mentionem
716 2771 875 2809 probandi
910 2771 1142 2800 necessitatem

135 2825 287 2855 volumus
314 2825 506 2854 incumbere
530 2824 615 2863 quod
642 2825 782 2862 pecunia
807 2824 878 2862 ipsa
904 2824 939 2853 in
963 2824 1142 2853 utilitatem

134 2878 260 2917 prefate
277 2877 416 2913 ecclesie
432 2877 474 2906 sit
490 2886 659 2911 conversa,
678 2877 716 2906 de
732 2876 872 2914 pecunia,
889 2885 954 2905 non
971 2876 1142 2905 satisfece-

134 2931 202 2960 rint
217 2934 412 2965 memorata,
432 2934 466 2959 tu
483 2929 605 2959 dictum
621 2929 765 2967 priorem
783 2929 834 2958 vel
851 2936 1074 2959 successorem
1092 2928 1142 2966 ip·-

135 2983 205 3013 sius
221 2983 279 3022 qui
301 2986 379 3012 tunc
401 2982 556 3020 temporis
578 2982 679 3012 suerit
699 2980 1049 3011 excommunicationis
1069 2990 1142 3010 mu-

1219 405 1317 426 crone
1346 395 1529 435 percellens
1555 400 1670 426 contra
1698 395 1809 434 ipsum
1837 394 1968 425 sublato
1996 394 2228 434 appellationis

1218 448 1387 480 obstaculo
1413 448 1639 479 ecclesiastico
1663 447 1810 479 subicias
1832 446 2019 482 interdicto,
2046 451 2077 477 et
2099 447 2229 486 jamdiu

1218 502 1361 541 priorem
1383 501 1435 532 vel
1457 510 1684 532 successorem
1705 500 1812 539 ipsius
1837 508 1874 530 ac
1896 498 1979 529 alios
2003 499 2042 529 de
2064 503 2230 529 conventu

1218 554 1518 585 excommunicatos
1532 554 1636 584 facias
1647 553 1778 592 publice
1792 552 1941 583 nuntiari
1955 551 2098 590 singulis
2111 551 2229 582 diebus

1218 608 1394 638 dominicis
1411 612 1441 637 et
1458 607 1599 642 festivis,
1617 606 1758 645 pulsatis
1774 605 1944 644 campanis
1965 609 1996 634 et
2011 603 2158 634 candelis
2174 612 2229 634 ac-

1218 660 1339 695 censis,
1357 660 1459 690 donec
1470 659 1609 698 prefatis
1623 658 1862 689 mercatoribus
1874 657 1912 688 de
1926 657 2071 696 predicta
2087 656 2230 695 pecunia

1219 713 1402 752 cumJ'ustis
1413 717 1444 742 et
1457 712 1636 743 moderatis
1648 711 1801 750 expensis
1815 720 1851 741 ac
1863 710 1973 741 debita
1987 709 2230 740 restauratione

1218 766 1452 804 dampnorum⁷
1471 774 1570 807 super
1592 765 1713 804 quibus
1729 763 1872 803 simplici
1890 763 1989 794 verbo
2008 766 2229 792 mercatorum

1218 819 1366 856 ipsorum
1382 818 1433 849 vel
1448 818 1589 858 alicujus
1606 826 1719 848 eorum
1735 817 1807 847 sine
1823 817 1934 855 aliqua
1955 816 2019 846 alia
2036 815 2229 854 probatione

1219 871 1299 901 dicti
1313 872 1434 910 prioris
1450 876 1480 902 et
1497 876 1679 902 conventus
1695 871 1827 901 credere
1844 873 2020 900 teneantur
2036 868 2148 898 usuris
2163 876 2230 898 om-

1220 925 1299 955 nino
1315 926 1523 955 cessantibus
1546 925 1645 955 fuerit
1663 924 1883 954 satisfactum.
1901 922 1936 952 Si
1953 932 2029 952 vero
2045 921 2125 950 dicti
2139 921 2230 959 prior

1220 982 1251 1008 et
1271 983 1453 1008 conventus
1471 978 1506 1008 in
1523 977 1713 1017 hujusmodi
1730 975 1907 1007 sententiis
1926 984 1985 1014 per
1999 974 2082 1004 duos
2098 982 2230 1004 menses

1219 1032 1389 1067 steterint,
1408 1032 1448 1061 ab
1469 1031 1757 1062 administratione
1773 1028 1999 1068 spiritualium
2019 1032 2050 1058 et
2067 1032 2231 1066 tempora-

1219 1083 1302 1114 lium
1336 1084 1537 1123 suspendas,
1569 1084 1701 1115 eosdem
1734 1084 1899 1122 prefigens
1933 1082 2015 1120 ipsis
2050 1081 2230 1111 terminum

1220 1137 1477 1175 peremptorium
1503 1141 1759 1176 competentem,
1789 1144 1854 1175 quo
1882 1135 1972 1173 prior
1999 1133 2229 1173 personaliter,

1221 1194 1402 1220 conventus
1417 1196 1494 1220 vero
1510 1199 1568 1228 per
1582 1193 1811 1228 procuratores
1824 1188 1960 1218 idoneos
1974 1191 2086 1217 nostro
2102 1195 2137 1216 se
2153 1194 2232 1216 con-

1221 1242 1349 1280 spectui
1364 1246 1593 1281 representent
1606 1251 1724 1281 penam
1740 1241 1884 1271 debitam
1900 1249 1958 1278 pro
1974 1238 2102 1269 meritis
2118 1246 2232 1277 recep-

1222 1295 1300 1325 turi.
1326 1295 1604 1326 Contradictores.
1628 1295 1701 1324 Non
1724 1294 1875 1324 obstante
1899 1293 1927 1323 si
1951 1292 2049 1322 dictis
2075 1291 2178 1330 priori
2200 1295 2233 1322 et

1222 1348 1400 1378 conventui
1428 1352 1483 1378 aut
1510 1347 1679 1386 aliquibus
1713 1347 1789 1377 aliis
1819 1346 1906 1385 quod
1934 1344 2229 1378 excommunicari,

1223 1400 1381 1438 suspendi
1397 1400 1448 1430 vel
1462 1400 1616 1430 interdici
1631 1399 1868 1430 autconveniri
1883 1403 1974 1429 extra
1990 1402 2078 1428 certa
2094 1397 2164 1428 loca
2180 1396 2232 1427 vel

1223 1452 1264 1482 ad
1279 1452 1478 1483 solutionem
1496 1452 1684 1491 aliquorum
1699 1452 1885 1482 debitorum
1901 1451 1968 1481 nisi
1987 1450 2166 1480 creditores
2183 1449 2232 1480 le-

1223 1505 1336 1543 gitime
1347 1505 1559 1543 probaverint
1571 1514 1610 1535 ea
1620 1505 1655 1535 in
1666 1504 1845 1535 utilitatem
1858 1504 1964 1542 ipsius
1975 1502 2114 1533 ecclesie
2127 1502 2232 1532 fuisse

1223 1566 1392 1593 conversa,
1408 1557 1560 1596 compelli
1574 1566 1638 1587 non
1652 1556 1783 1587 valeant
1797 1566 1815 1586 a
1828 1556 1911 1587 Sede
1927 1555 2106 1594 apostolica
2121 1555 2165 1585 sit
2179 1554 2234 1584 in-

1195 1609 1198 1612 ’
1223 1610 1351 1640 dultum
1367 1615 1398 1641 et
1413 1611 1581 1641 universis
1596 1610 1794 1649 privilegiis,
1811 1608 2030 1646 indulgentiis
2045 1608 2096 1638 vel
2110 1607 2234 1638 litteris

1224 1663 1413 1702 apostolicis
1430 1663 1642 1701 generalibus
1662 1663 1713 1693 vel
1730 1662 1930 1701 specialibus
1947 1661 2008 1691 sub
2023 1669 2233 1700 quacumque

1223 1718 1329 1747 forma
1348 1717 1525 1747 verborum
1545 1717 1689 1747 obtentis
1712 1720 1742 1746 et
1763 1715 1953 1746 obtinendis
1974 1719 2004 1744 et
2027 1713 2234 1753 quibuslibet

1224 1769 1299 1799 aliis
1315 1778 1449 1808 perque
1465 1769 1498 1798 id
1512 1769 1666 1807 impediri
1682 1768 1733 1799 vel
1749 1768 1876 1797 ditserri
1889 1767 1996 1797 valeat
2010 1771 2038 1796 et
2056 1767 2094 1796 de
2111 1765 2232 1805 quibus

1223 1832 1282 1851 seu
1303 1822 1525 1860 predictorum
1545 1821 1811 1859 privilegiorum,
1829 1820 2114 1858 indulgentiarum
2136 1823 2167 1849 et·
2182 1818 2233 1848 lit-

1224 1879 1369 1905 terarum
1387 1875 1462 1904 totis
1480 1874 1649 1904 tenoribus
1665 1874 1703 1904 de
1720 1873 1819 1903 verbo
1839 1873 1879 1902 ad
1895 1873 2030 1903 verbum
2051 1872 2183 1910 plenam
2199 1876 2241 1908 et,

1223 1936 1411 1966 expressam
1428 1927 1500 1957 fieri
1522 1930 1669 1965 oporteat
1691 1926 1725 1955 in
1745 1925 1955 1964 presentibus
1978 1925 2180 1954 mentionem
2201 1929 2231 1954 et

1224 1980 1459 2011 constitutione
1480 1980 1518 2009 de
1540 1979 1667 2009 duabus
1687 1979 1785 2009 dietis
1802 1978 1907 2008 edicta
1925 1978 1959 2006 in
1977 1977 2117 2008 concilio
2133 1985 2233 2015 gene-

1223 2033 1296 2063 rali.
1314 2035 1387 2063 Dat.
1404 2031 1555 2070 Neapoli,
1574 2032 1670 2061 nonis
1683 2031 1841 2070 januarii,
1859 2040 1946 2060 anno
1961 2030 2078 2068 primo.
2099 2042 2111 2055 ι)

1297 2231 1354 2258 29
1790 2228 1907 2264 Napies,
1925 2229 1938 2255 4
1955 2229 2065 2263 janvien-
2085 2228 2161 2255 1255.

1261 2293 1359 2319 Eidem
1373 2293 1488 2319 mandat
1500 2292 1572 2319 idom
1585 2292 1619 2317 (ic
1631 2292 1684 2318 alio
1698 2295 1796 2318 mutuo
1811 2290 1950 2317 CCXXX
1965 2298 2123 2317 marcarum
2135 2300 2150 2316 a
2167 2298 2233 2325 pro-

1224 2341 1407 2368 curatoribus
1419 2346 1579 2367 couveutus
1590 2340 1729 2367 ecclcsiae
1742 2339 1959 2366 wintoniensis
1970 2347 2036 2373 erga
2049 2343 2144 2365 certos
2157 2346 2233 2365 mer-

1225 2394 1338 2416 catores
1355 2390 1498 2415 Senenses
1515 2393 1543 2416 et
1560 2388 1707 2415 Romanos
1722 2392 1880 2415 contracto.
1895 2387 1977 2420 (um.
1993 2387 2038 2416 ⁴24.
2055 2394 2080 2413 c.
2094 2386 2149 2418 ⁴242,
2162 2386 2180 2414 f.
2193 2387 2234 2420 5.)

1267 2517 1279 2531 t(
1296 2505 1412 2533 Enhm.
1435 2504 1518 2535 Cum
1540 2503 1733 2533 Denteaiwa
1755 2502 1933 2533 Gnidoriis.
1952 2501 2100 2530 Andreas
2117 2500 2233 2531 Chris—

1225 2558 1338 2593 totori,
1372 2557 1623 2586 Bai-tholonnffus
1653 2555 1760 2590 Pon-i,
1793 2556 1910 2584 Petrus
1942 2554 2170 2584 Montanarius
2201 2558 2230 2583 et

1223 2610 1393 2641 ,Iohannes
1410 2609 1538 2639 Cesarii
1553 2618 1609 2646 pro
1624 2618 1657 2638 sc
1675 2612 1702 2637 et
1721 2616 1833 2637 eorum
1850 2607 1948 2636 soriis
1963 2607 2091 2636 civibus
2103 2611 2133 2647 et
2149 2614 2232 2636 mer-

1224 2663 1391 2693 catoribus
1413 2661 1618 2692 Staiensilms
1639 2665 1667 2691 et
1686 2660 1845 2690 Romanis
1861 2660 1980 2690 dilecto
1997 2660 2064 2689 lilio
2084 2659 2231 2690 Johanni

1224 2716 1262 2746 de
1279 2715 1466 2745 Harcwrlla
1489 2714 1649 2744 monacho
1665 2718 1696 2743 ct
1711 2713 1915 2751 procuratori
1931 2713 2126 2742 dilectorum
2145 2711 2231 2744 filio·—

1221 2776 1296 2798 rum
1315 2791 1347 2803 ..,
1364 2767 1486 2806 prioris
1502 2771 1533 2797 et
1553 2770 1734 2797 conventus
1750 2765 1950 2796 cathedralis
1972 2765 2110 2795 ecclesie
2130 2764 2230 2794 Win-

1224 2821 1402 2856 tomensis,
1421 2820 1547 2849 ordinis
1563 2819 1670 2849 sancti
1686 2818 1869 2853 Benedicti,
1886 2817 2099 2848 renuncianti
2115 2820 2175 2847 etc.
2192 2820 2230 2846 ut

1223 2874 1259 2902 in
1275 2873 1340 2903 alia
1356 2882 1460 2911 usque
1477 2871 1705 2910 irnpetramlis,
1723 2871 1881 2901 ducentas
1902 2875 1933 2901 et
1950 2870 2086 2908 triginta
2101 2877 2230 2899 marcas

1224 2926 1459 2964 sterlingorum
1471 2925 1664 2955 auctoritate
1678 2924 1864 2954 litterarum
1874 2923 2096 2962 predictorum
2108 2921 2230 2960 prioris

1224 2983 1253 3009 et
1284 2982 1464 3008 conventus
1491 2987 1589 3016 super
1616 2976 1839 3007 contrahendo
1868 2981 1982 3006 mutuo
2006 2975 2230 3006 confectarum
