2498 3325
944 206 1173 244 DEUXOEME
1196 207 1355 243 ANNEE.

104 285 218 319 gnato,
246 281 346 310 aliam
368 281 578 318 dignitatem,
605 281 704 310 etiam
732 281 761 310 si
787 289 899 309 curam
923 279 1109 308 animarum

103 333 240 363 haberet
257 342 428 368 annexam,
446 333 536 363 licite
554 333 698 371 recipere
715 342 751 362 ac
768 333 910 362 retinere
928 332 1065 363 valeres,
1082 331 1110 360 si

103 386 164 416 tilii
181 386 338 416 canonice
357 386 541 421 offerretur,
564 386 609 415 ita
629 390 735 415 tamen
753 385 855 424 quod.
877 385 905 413 si
922 385 960 413 ad
977 384 1110 422 pontifi-

104 443 197 468 catus
213 438 371 468 honorem
389 442 418 468 te
433 438 542 468 vocari
556 438 773 475 contingeret.
791 437 885 467 illum
901 446 1109 475 nequaquan]

104 491 269 529 reciperes
293 491 417 530 absque
435 491 571 520 licentia
592 491 686 521 Sedis
704 490 880 528 apostolice
902 489 1035 528 speciali
1054 499 1111 527 per

105 553 183 573 suas
208 544 337 573 duxerit
360 544 489 573 litteras
517 543 775 581 indulgendmn3
802 552 877 577 nos,
903 543 1110 572 attendentes

105 597 192 635 quod
219 596 409 635 hujusmodi
437 597 600 626 desectum
627 596 787 625 natalium
814 595 966 634 suppleas
994 596 1111 625 merito

104 649 296 687 probitatis,
322 658 359 679 ao
378 649 526 679 volentes
544 659 580 679 ex
604 649 665 678 hoc
684 649 743 678 tihi
761 649 900 685 gratiam
917 649 1024 678 facere
1042 658 1111 677 ani-

105 701 256 740 pliorem,
277 702 340 731 tuis
358 706 387 731 et
402 702 514 732 dilecti
528 702 587 731 filii
606 702 755 739 magistri
767 701 937 731 Tholomei
952 702 989 731 de
1007 701 1110 736 Pilco,

106 752 269 790 capellani
288 757 317 781 et
337 753 578 790 consanguinei
600 753 721 787 nostri,
741 746 1039 790 supplicationibus
1060 752 1112 780 in-

106 804 233 839 clinati,
249 809 284 834 ut
299 805 521 842 pontificalem
536 805 634 834 etiam
647 805 853 839 dignitatem.
868 805 894 832 si
912 808 940 833 te
953 805 992 833 ad
1006 805 1112 842 ipsam

106 857 263 886 canonice
281 857 391 886 vocari
409 857 594 894 contigerit,
613 857 703 886 licite
722 857 867 894 recipere
885 866 920 886 ac
939 857 1042 886 liliere
1060 866 1112 886 re-

105 909 211 939 tinere
228 909 349 941 valeas,
368 910 498 939 defectu
515 918 579 939 non
596 909 746 939 obstante
762 909 925 947 predicto,
945 909 1112 939 devotioni

104 967 158 992 tue
192 963 386 992 auctoritate
418 963 623 1000 presentium
659 962 880 999 indulgemus.
919 962 1013 992 Nulli
1049 966 1110 991 etc.

102 1019 213 1045 nostre
231 1015 455 1044 concessionis
473 1019 533 1045 etc.
557 1016 630 1044 Dat.
649 1015 820 1048 Laterani,
840 1015 936 1044 nonis
950 1015 1109 1054 januarii,

102 1076 189 1097 anno
206 1067 360 1097 secundo.
380 1079 393 1093 n

177 1239 294 1267 1028

137 1298 292 1325 Confirmat
308 1303 335 1325 vt
358 1299 444 1325 rest-rt
467 1300 638 1326 sententiani
662 1299 809 1330 lticcardi,
831 1300 860 1325 S.
879 1300 983 1334 Augen
999 1301 1111 1327 diaconi

101 1348 270 1382 cardinalis,
288 1348 396 1374 Romae
418 1347 531 1374 xx‘ntl
552 1349 597 1374 die
617 1349 779 1375 decembris
796 1348 920 1374 MCCLV
939 1351 1021 1375 latam
1039 1349 1112 1375 inter

103 1401 277 1422 conventum
301 1397 467 1423 monasterii
483 1397 518 1422 de
532 1397 672 1429 Trisulto,
690 1397 885 1424 (λιι-1051011515
901 1397 1025 1429 ordinis,
1042 1398 1111 1424 Ata-

104 1445 195 1470 trinae
212 1445 346 1476 diocesis,
364 1449 391 1471 et
411 1446 645 1471 communitatem
663 1445 754 1472 Casiri
773 1445 849 1476 Vici,
867 1454 940 1480 quae
957 1446 1112 1472 conventui

103 1493 251 1527 praedicto
267 1493 366 1519 silvam
384 1493 453 1527 Eyci
469 1493 577 1520 tribuit.
596 1493 678 1527 (lito.
695 1493 744 1526 2³4,
761 1494 780 1520 s.
800 1494 859 1527 127,
876 1503 942 1521 ann.
960 1494 996 1526 11,
1013 1502 1038 1520 c.
1056 1494 1112 1527 ⁵20.)

659 1239 770 1272 Lati-an,
791 1239 819 1265 12
832 1240 945 1273 janricr
965 1239 1040 1266 1956.

148 1606 162 1620 (ε
229 1595 332 1631 priori
353 1599 378 1623 el
401 1595 565 1623 conventui
584 1595 764 1623 monasterii
782 1595 815 1623 (Ze
837 1596 978 1629 Trisullo,
1002 1596 1113 1624 Cartil-

104 1647 214 1675 siensis
239 1647 376 1682 ordinis,
404 1648 545 1676 Alatrine
571 1647 705 1676 diocesi&
732 1647 777 1676 Ea
803 1656 866 1685 que
894 1647 1020 1686 judicio
1050 1651 1110 1677 etc.

105 1709 211 1738 usque
231 1709 237 1727 :
263 1699 472 1729 communiri.
493 1700 577 1729 Sane
595 1699 712 1737 petitio
727 1704 837 1729 vestra
854 1699 949 1729 nobis
966 1700 1113 1738 exposita

105 1752 306 1787 continebat,
320 1752 417 1790 quod,
433 1761 507 1781 cum
523 1752 557 1780 in
572 1760 672 1781 causa
688 1760 786 1790 quam
802 1751 986 1782 movebatis
1000 1756 1114 1782 contra

104 1814 278 1835 commune
307 1805 407 1834 castri
433 1804 526 1839 Vici,
550 1804 700 1834 Alatrine
726 1804 883 1840 diocesis,
906 1814 1005 1843 super
1028 1805 1113 1835 silva

104 1858 204 1896 Eyci,
222 1857 331 1887 felicis
348 1857 587 1887 recordationis
608 1858 634 1886 I.
657 1866 739 1895 papa
758 1857 972 1895 predecessor
988 1863 1110 1893 noster,

103 1911 209 1949 primo
236 1910 319 1939 bone
343 1910 501 1939 memorie
527 1910 559 1939 S.
586 1909 675 1939 tituli
698 1915 810 1940 sancte
835 1911 938 1941 Marie
962 1912 1113 1941 Transti-

103 1963 208 1993 berim
226 1962 448 2001 presbiterum
464 1962 678 1997 cardinalem,
697 1963 903 2000 postmodum
921 1963 979 1993 lite
997 1968 1060 1993 tam
1078 1965 1112 1994 in

103 2016 295 2055 hujusmodi
310 2025 409 2045 cansa
426 2025 523 2054 quam
538 2016 572 2044 in
590 2026 627 2045 ea
644 2025 742 2054 quam
759 2025 815 2054 per
832 2017 918 2046 viam
932 2026 1113 2047 reconven-

104 2068 206 2098 tionis
223 2068 345 2097 dictum
359 2077 532 2097 commune
545 2073 659 2097 contra
673 2078 728 2098 vos
746 2078 844 2106 super
856 2069 969 2099 eadem
984 2069 1068 2099 silva
1082 2074 1113 2100 et

105 2121 304 2160 quibusdam
322 2121 419 2150 terris
436 2120 510 2151 sitis
523 2121 615 2159 juxta
628 2130 698 2150 eam
717 2121 866 2151 movebat
880 2121 1027 2159 legitime
1039 2132 1112 2151 con-

105 2177 235 2208 testata,
255 2182 313 2202 nos
331 2173 487 2202 dilectum
505 2173 610 2202 tilium
628 2177 778 2203 nostrum
798 2175 835 2203 R.
858 2174 970 2203 Sancti
993 2175 1113 2211 Angeli

105 2225 281 2255 diaconum
305 2225 506 2254 cardinalem
531 2225 738 2255 dedissemus
757 2226 906 2264 partibus
923 2227 1110 2261 auditores:

106 2278 192 2308 idem
212 2279 264 2311 R.,
283 2278 425 2315 cognitis
443 2278 616 2316 utriusque
636 2287 733 2307 cause
757 2279 885 2308 meritis
903 2283 933 2309 et
952 2280 1038 2318 juris
1060 2289 1114 2309 or·-

60 2342 63 2345 ·
106 2330 183 2360 dine
202 2330 390 2363 observato,
417 2334 482 2359 tam
503 2330 537 2358 in
564 2339 663 2360 causa
685 2332 915 2361 conventionis
940 2342 1038 2371 quam
1062 2342 1113 2362 re-

106 2383 337 2413 conventiouis
353 2383 544 2421 hujusmodi
562 2383 771 2413 diffinitivam
792 2394 848 2422 pro
865 2385 957 2415 vohis
975 2389 1113 2424 utraque

106 2440 197 2474 parte
216 2440 366 2473 presente
386 2436 586 2465 seutentiam
606 2436 841 2474 promulgavit,
861 2442 953 2475 prout
974 2438 1007 2467 in
1025 2438 1114 2467 litte-

106 2489 153 2518 115
170 2488 247 2517 inde
264 2488 424 2517 consectis
439 2496 564 2526 suoque
582 2488 692 2525 sigillo
709 2489 846 2518 mnnitis
864 2489 994 2527 plenius
1015 2491 1115 2520 eonti-

108 2545 216 2570 nctur.
241 2542 320 2575 Nos,
347 2541 450 2577 igitur
475 2540 594 2569 vestris
620 2540 918 2578 supplicationibus
943 2542 1113 2578 inclinati,

108 2593 308 2623 sententiani
333 2593 468 2621 eandem
493 2596 595 2621 ratam
617 2592 776 2623 habentes
799 2599 829 2624 et
851 2598 976 2631 gratam
998 2595 1114 2633 ipsam,

110 2654 174 2675 non
192 2646 342 2675 obstante
364 2645 584 2683 appellatmne
604 2645 738 2675 adverse
760 2647 878 2684 partis,
902 2657 998 2685 quain
1019 2658 1117 2686 repu-

111 2703 217 2728 tamus
232 2698 394 2732 srix'olam,
410 2698 604 2727 auctoritate
617 2698 794 2735 apostolica
807 2702 1041 2730 confirmamus
1056 2705 1116 2730 etc.

110 2760 215 2789 usque
235 2761 240 2779 :
259 2751 514 2780 communimus.
535 2751 694 2780 'sononia
712 2750 895 2780 litterarum
915 2752 1061 2790 ipsarum
1080 2752 1118 2781 dc

111 2803 210 2833 verbo
225 2803 263 2831 ad
281 2803 416 2831 verbum
433 2803 643 2840 presentibus
662 2803 763 2832 inseri
780 2804 950 2837 saviente-S,
969 2805 1025 2842 qui
1044 2804 1119 2833 talis

112 2859 161 2885 est
180 2866 185 2884 :

1206 2865 1219 2880 ὅ

2142 216 2200 247 309

1714 281 1813 311 Rome,
1835 282 1865 307 i‘.)
1881 281 2031 307 decembre
2052 282 2127 308 1255.

1235 345 1247 358 «
1267 334 1305 362 In
1323 335 1455 365 nomine
1474 336 1607 364 Domini
1623 336 1728 366 ‹Jhesu
1741 336 1877 370 Christi,
1897 346 2003 366 amen.
2022 336 2104 366 Cum
2121 346 2200 366 auc-

1234 386 1348 415 toritas
1361 387 1448 425 juris
1464 387 1524 417 hoc
1541 388 1649 425 exigat
1661 389 1905 426 etlitigantium
1925 389 2051 418 utilitas
2067 389 2128 418 hoc
2145 398 2201 419 ex-

1233 442 1359 475 poscat,
1391 444 1426 468 ut
1454 449 1491 469 ea
1519 449 1581 478 que
1610 445 1753 477 aguntur
1782 441 1815 469 in
1839 441 1974 480 judiciis
2004 442 2038 470 in
2067 442 2200 479 scriptis

1234 491 1391 521 memorie
1408 493 1690 523 commemlentur,
1710 493 1832 522 idcirco
1850 503 1907 522 nos
1927 494 2118 529 Riccardus,
2137 494 2201 523 1111-

1234 543 1398 573 seratione
1421 544 1531 572 divina
1556 545 1667 573 Sancti
1686 545 1803 579 Anca-li
1827 545 1984 575 diat-nnus
2008 546 2199 582 cardinalis,

1234 604 1367 625 causam
1389 605 1451 634 que
1475 597 1562 625 inter
1580 597 1723 634 priorem
1740 601 1770 626 et
1788 602 1985 627 conventum
2007 599 2201 628 monasterii

1235 647 1340 675 sancti
1358 647 1583 677 Bai-tholomei
1599 648 1637 677 de
1651 648 1807 677 Trisulto.
1823 649 1949 678 ordinis
1961 649 2198 685 Cartusiensis,

1235 700 1376 730 diocesis
1392 700 1543 730 Alatrine
1555 724 1561 735 ,
1580 710 1638 730 seu
1654 705 1899 738 procuratorem
1916 702 2061 739 ipsorum
2081 711 2202 732 eorun-

1235 752 1308 781 dem
1332 752 1465 781 nomine
1488 762 1525 782 ex
1549 758 1639 790 parte
1660 762 1742 786 una,
1765 757 1795 781 ct
1816 762 1988 782 commune
2007 755 2107 783 castri
2127 754 2202 784 Vici

1236 813 1292 833 seu
1307 804 1481 842 syndicum
1497 805 1744 834 communitatis
1759 805 1875 842 ipsius,
1891 805 2037 843 ‹‘·jusdem
2055 806 2200 842 nomine,

1235 866 1271 885 ex
1298 861 1388 894 parte
1413 857 1526 892 altera,
1552 857 1615 886 suit
1640 857 1805 895 proposita
1832 862 1860 887 et
1886 862 2021 887 tractata
2044 863 2108 887 tam
2127 859 2203 897 jure

1235 910 1465 938 conventionis
1486 919 1522 939 ex
1546 914 1636 948 parte
1660 910 1853 939 monasterii
1876 920 1974 948 quam
1992 911 2065 949 jure
2088 920 2203 940 recon-

1236 963 1400 992 ventionis
1418 972 1453 991 ex
1468 967 1557 1000 parte,
1575 963 1719 1000 predicte
1737 963 1995 997 communitatis,
2012 967 2077 991 tam
2094 971 2203 992 coram

1236 1015 1318 1044 bone
1350 1015 1506 1044 memorie
1538 1015 1717 1045 reverendo
1747 1020 1836 1053 patre
1864 1015 1996 1044 domino
2024 1015 2202 1053 Stephano,

1236 1067 1322 1096 tituli
1336 1072 1447 1097 sancte
1462 1068 1564 1097 Mai-ie
1579 1067 1819 1097 Transtiberim
1833 1067 2016 1105 presbitero
2030 1067 2203 1102 cardinali,

1232 1128 1250 1148 a
1271 1119 1353 1148 Sede
1373 1119 1550 1156 apostolica
1570 1119 1720 1157 pai-tilius
1740 1119 1888 1149 auditore
1906 1128 2072 1153 concesso,
2092 1128 2203 1158 quam,

1235 1171 1305 1208 ipso
1318 1171 1405 1200 viam
1419 1171 1571 1201 universe
1583 1171 1691 1201 carnis
1702 1171 1863 1208 ingresso.
1876 1171 2082 1209 postmodum
2094 1180 2205 1201 coram

1236 1224 1342 1256 nobis,
1361 1225 1485 1254 eisdem
1505 1225 1654 1262 partibus
1672 1225 1711 1253 al]
1729 1225 1841 1254 cadem
1860 1225 1942 1254 Sede
1960 1225 2108 1254 auditore
2126 1233 2206 1254 con-

1235 1286 1338 1308 cessov
1357 1278 1439 1307 actis
1458 1278 1606 1315 ipsarum
1625 1286 1800 1307 causarum
1820 1277 1859 1306 al)
1876 1282 2014 1315 utraque
2032 1282 2123 1315 parte
2141 1286 2204 1316 que

1236 1331 1368 1359 fuerant
1382 1339 1490 1359 coram
1505 1331 1631 1367 prefato
1649 1329 1810 1359 cardinali
1827 1330 1939 1359 habita
1957 1330 2098 1359 fideliter
2114 1330 2205 1359 exhi-

1235 1383 1314 1412 bitis
1338 1392 1446 1412 coram
1469 1383 1564 1412 nobis
1587 1386 1618 1412 et
1640 1392 1657 1411 a
1673 1382 1823 1420 partibus
1844 1383 2063 1412 communiter
2084 1391 2203 1421 appro-

1234 1436 1335 1470 batis,
1361 1435 1507 1473 presenti
1532 1435 1653 1473 scripto
1679 1435 1832 1464 duximus
1855 1435 2013 1465 memorie
2036 1443 2203 1465 commen-

1234 1488 1386 1517 dandam.

1237 1552 1249 1566 2)
1270 1541 1316 1569 Ex
1336 1544 1427 1578 parte
1446 1539 1549 1577 igitur
1564 1539 1703 1577 predicti
1720 1539 1913 1568 monasterii
1930 1548 2040 1569 coram
2055 1539 2204 1577 predicto

1235 1592 1398 1622 cardinali
1425 1596 1539 1621 contra
1567 1592 1749 1629 predictam
1774 1592 2045 1621 communitatem
2069 1591 2204 1621 libellus

1235 1645 1299 1674 suit
1315 1644 1503 1683 propositus
1522 1645 1557 1673 in
1575 1644 1664 1673 hunc
1680 1644 1813 1673 modum
1831 1654 1837 1672 :
1858 1644 1975 1674 Coram
1991 1644 2096 1679 vobis,
2114 1653 2205 1674 reve-

1236 1698 1337 1727 rende
1360 1702 1452 1736 pater
1473 1697 1622 1732 domine,
1641 1697 1673 1727 S.
1692 1696 1782 1726 tituli
1804 1701 1916 1726 sancte
1933 1697 2036 1726 Marie
2054 1696 2206 1726 Transti-

1235 1750 1343 1780 berim
1363 1750 1547 1788 presbitero
1571 1749 1734 1779 cardinali
1756 1749 1906 1787 partibus
1930 1759 1948 1779 a
1967 1749 2100 1779 domino
2122 1758 2207 1787 papa,

1236 1803 1385 1833 auditore
1403 1812 1577 1838 concesso,
1600 1803 1680 1832 dicit
1699 1806 1730 1832 et
1747 1802 1899 1840 proponit
1916 1802 2087 1832 Heremita
2102 1803 2208 1832 Nota-

1235 1856 1321 1891 rius,
1345 1859 1538 1894 procurator
1569 1878 1586 1884 ..
1613 1855 1733 1893 prioris
1755 1859 1786 1885 et
1807 1859 1989 1884 conventus
2010 1854 2207 1884 monasterii

1236 1908 1342 1938 sancti
1359 1907 1585 1937 Bartholomei
1599 1908 1638 1937 de
1651 1907 1807 1942 Trisulto,
1822 1907 1949 1937 ordinis
1966 1907 2205 1942 Cartusiensis‚

1236 1965 1350 1990 contra
1366 1969 1540 1990 commune
1554 1960 1655 1989 castri
1668 1960 1742 1990 Vici
1756 1964 1786 1989 et
1803 1964 1916 1989 contra
1930 1959 2082 1989 homines
2099 1959 2207 1998 ipsius

1236 2013 1337 2042 castri
1360 2017 1390 2042 et
1407 2021 1520 2042 eorum
1542 2012 1728 2050 legitimum
1747 2012 1971 2046 defensorem,
1990 2012 2103 2041 dicens
2120 2011 2209 2050 quod

1237 2074 1311 2095 cum
1333 2065 1417 2095 silva
1439 2065 1477 2095 de
1502 2065 1601 2103 Eyci,
1628 2064 1778 2094 Alatrine
1801 2064 1954 2098 diocesis,
1978 2064 2143 2102 pertineat
2167 2064 2210 2093 ad

1236 2118 1360 2148 dictum
1378 2118 1617 2154 monasterium
1632 2118 1706 2156 jure
1724 2117 1863 2147 dominii
1885 2117 1935 2146 vel
1953 2117 2066 2155 quasi,
2085 2121 2115 2146 et
2130 2126 2207 2155 pre-

1236 2171 1334 2200 dictis
1357 2171 1496 2201 Vicanis
1520 2180 1557 2200 ex
1578 2175 1669 2208 parte
1696 2178 1901 2199 summorum
1924 2169 2117 2207 pontificum
2139 2169 2208 2198 Ho-

1238 2224 1341 2258 norii,
1369 2223 1522 2261 Gregorii
1550 2227 1581 2252 et
1611 2222 1800 2252 Innocentii
1831 2222 1873 2251 sit
1900 2222 2081 2250 inhibitum
2107 2230 2148 2250 ne
2172 2221 2208 2250 in

1237 2277 1384 2315 predicta
1413 2276 1497 2305 silva
1523 2275 1584 2305 5111)
1614 2284 1699 2313 pena
1723 2279 1856 2304 centum
1882 2274 2044 2303 librarum
2067 2273 2210 2303 debeant

1238 2338 1371 2367 pascere
1392 2337 1467 2357 cum
1486 2327 1688 2357 animalibus
1714 2327 1784 2356 suis
1804 2326 1856 2356 vel
1876 2326 1967 2364 ligna
1988 2326 2135 2356 incidere
2156 2325 2210 2355 vel

1238 2382 1315 2411 inde
1342 2380 1468 2419 aliquid
1493 2384 1709 2415 contractare,
1738 2379 1789 2409 vel
1814 2379 1848 2408 in
1876 2379 2023 2417 prodicta
2048 2378 2132 2408 silva
2152 2378 2209 2417 jus

1238 2434 1371 2472 aliquod
1385 2433 1559 2462 vendicare
1573 2433 1793 2462 communiter
1804 2431 1855 2461 vel
1869 2431 2064 2469 separatim,
2084 2431 2146 2468 ipsi
2160 2430 2207 2459 ni-

1238 2486 1451 2520 chilominus,
1470 2485 1557 2514 dicta
1571 2485 1724 2514 mandata
1740 2489 1770 2514 et
1787 2488 1939 2522 precepta
1951 2483 2207 2521 vilipendentes,

1239 2539 1342 2567 dictos
1364 2538 1538 2575 religiosos
1560 2546 1659 2575 super
1681 2537 1752 2575 ipsa
1775 2536 1859 2566 silva
1883 2536 2016 2565 turbant
2037 2539 2068 2565 et
2088 2535 2210 2564 moles-

1241 2595 1310 2621 tant
1326 2590 1502 2620 incidendo
1520 2590 1626 2627 ligna,
1645 2589 1803 2619 animalia
1823 2588 1986 2626 pascendo
2005 2592 2035 2617 et
2049 2588 2103 2626 jus
2120 2588 2153 2616 in
2171 2596 2211 2616 ea

1241 2654 1275 2673 se
1302 2643 1423 2672 habere
1452 2642 1640 2677 asserendo,
1671 2643 1704 2671 in
1733 2652 1830 2679 grave
1857 2642 2034 2678 dampnum
2061 2640 2210 2678 ejusdem

1242 2695 1435 2725 monasterii
1452 2699 1481 2725 et
1498 2695 1531 2724 in
1547 2695 1729 2733 periculiu‘u
1746 2695 1932 2723 animarum
1946 2702 2058 2722 corum
2072 2696 2211 2721 01501111-

1243 2748 1352 2777 dalum
1377 2747 1606 2785 plurimorum.
1630 2747 1724 2777 Unde
1746 2747 1826 2784 petit
1851 2756 1908 2783 per
1931 2755 1998 2777 vos,
2024 2744 2211 2774 venerande,

1245 2804 1345 2838 pater,
1363 2800 1508 2829 officium
1525 2804 1670 2828 vestrum
1692 2799 1914 2837 implorando,
1938 2797 2100 2835 predictos
2121 2805 2211 2825 com-

1245 2853 1334 2891 pesci
1350 2857 1385 2881 ut
1403 2861 1418 2882 a
1433 2852 1590 2890 predictis
1603 2852 1775 2882 desistant.
1792 2856 1822 2880 et
1837 2850 2081 2880 sententialiter
2095 2849 2143 2878 eis
2157 2849 2211 2876 in-
