2498 3325
276 250 337 281 3⁶26
1006 254 1246 285 REGISTRES
1268 253 1575 285 D‘ALEXANDRE
1598 256 1652 286 IV.

353 316 470 345 1⁰88

314 378 421 404 Abbati
444 382 471 405 et
490 380 645 406 conventui
669 381 832 408 monasterii
856 381 890 408 de
913 382 1068 409 Straffordc
1089 383 1236 415 concedit,
1259 387 1290 410 ut

277 426 430 453 ecclesiam
452 435 476 453 s.
498 426 592 462 Egidii
608 428 643 454 de
659 428 893 464 Malpetrestede,
918 430 1128 458 Londoniensis
1147 432 1288 467 diocesis,

277 475 306 502 in
330 483 386 509 qua
406 476 456 509 jus
477 480 644 510 patronatus
669 478 774 504 liabent
797 483 826 505 et.
849 480 935 514 cujus
959 484 1117 515 proventus
1141 472 1288 508 annuatim

853 319 966 353 Latran,
987 322 1001 347 5
1018 321 1121 347 sevricr
1141 320 1216 348 1‘256.

278 522 339 548 XX
358 531 516 549 marcarum
539 524 741 559 sterlingorum
759 527 910 553 valentiam
928 527 974 553 vix
994 529 1152 560 excedunt,
1171 529 1198 556 in
1217 538 1288 556 usus

277 572 410 606 proprios
427 573 548 598 retinere
566 574 689 605 valeant,
708 575 911 609 hospitalitatis
934 576 1056 603 officium
1078 577 1190 604 facilius
1205 586 1289 605 exet·-

278 620 374 647 cituri.
392 620 475 653 (nm.
491 621 540 653 24,
556 622 574 648 s.
595 622 654 653 134.
671 631 736 650 ann.
754 623 796 658 11,
814 632 839 651 c.
857 624 922 656 74³.)

320 747 332 760 a
357 757 390 770 ..,
415 736 526 771 abbati,
547 742 572 765 ec
593 739 758 767 conventui
775 740 956 768 monasterii
972 740 1005 769 cle
1022 740 1201 778 Strafforcle,
1222 742 1288 771 Cis-

277 789 434 817 terciensis
463 789 598 825 ordinis,
630 791 848 820 Lonclorciensis
877 792 1009 822 diocesis.
1043 793 1223 824 Caritatcrn
1251 795 1285 824 in

275 840 370 870 vobis
382 859 428 870 —.
444 842 515 871 Dat.
529 842 694 879 Laterani,
709 843 806 874 nonis
817 844 990 882 februarii,
1004 855 1090 876 anno
1102 848 1258 877 secundo.
1272 861 1284 874 xv

351 1049 468 1079 1089

313 1111 491 1139 Conventum
515 1118 544 1140 et
565 1115 716 1141 ecclesiam
733 1123 758 1141 s.
775 1114 877 1142 Crucis
892 1116 926 1142 dc
947 1116 1115 1144 Ormanario
1136 1119 1190 1145 sub
1212 1119 1285 1146 beati

277 1159 354 1186 Petri
372 1165 399 1186 ct
419 1169 470 1187 sua
494 1163 671 1196 protectione
693 1164 830 1198 suscipit,
848 1165 1108 1200 possessionesque
1131 1169 1195 1201 ejus
1220 1176 1285 1203 pro-

276 1209 348 1242 priis
370 1209 518 1235 vocabulis
539 1218 707 1244 expressim,
731 1215 836 1238 statuta
859 1216 913 1239 etc.
940 1213 1090 1248 privilegio
1115 1217 1285 1245 communit.

275 1256 359 1288 (Rea.
376 1257 420 1285 ⁶24,
438 1257 457 1283 f.
478 1257 674 1290 134‚ann.11,
691 1267 716 1286 c.
735 1260 802 1293 74⁶.)

832 1053 944 1085 Lati-an,
958 1055 992 1081 ‘26
1005 1056 1119 1089 janvier
1138 1056 1214 1085 1956.

317 1383 329 1397 «
355 1394 388 1406 ..,
404 1373 507 1409 priori
527 1374 644 1402 ecclesie
661 1380 764 1403 sancte
787 1375 893 1404 Crucis
909 1376 942 1405 de
962 1376 1148 1407 Ormanario
1164 1379 1286 1416 ejusque

271 1425 425 1460 fratribus
442 1430 502 1453 lam
517 1427 707 1463 presentibus
725 1436 817 1464 quam
837 1429 971 1463 futuris,
991 1431 1165 1467 reputarem
1187 1433 1284 1462 vitam

271 1479 416 1515 professis
440 1479 471 1507 in
491 1484 684 1516 perpetuum.
707 1480 911 1518 Religiosam
932 1483 1034 1512 vitani
1058 1488 1118 1514 etc.
1144 1495 1249 1524 usque
1277 1497 1282 1516 :

274 1530 450 1568 infringat.
477 1531 668 1570 Eapropter,
698 1533 810 1563 dilecti
835 1534 869 1563 in
897 1536 1038 1566 Domino
1063 1537 1136 1573 filii,
1166 1540 1284 1570 vestris

270 1583 373 1622 justis
393 1584 674 1622 postulationibus
697 1586 878 1617 clementer
899 1589 1095 1625 annuimus,
1124 1595 1153 1621 et
1179 1592 1285 1622 cccle-

274 1636 358 1666 siam
377 1640 489 1666 sancte
508 1637 641 1673 Crucis,
661 1638 850 1669 Florentino
867 1640 1021 1677 diocesis,
1039 1642 1073 1671 in
1091 1653 1155 1682 qua
1171 1644 1285 1676 divino

274 1689 355 1718 estis
383 1689 542 1728 obsequio
570 1688 856 1729 mant·ip.=1ti,'sub
883 1693 971 1723 beati
999 1695 1089 1725 Petri
1117 1701 1147 1726 et
1170 1702 1284 1728 nostra

274 1741 478 1779 protectione
501 1743 702 1781 suscipimus
724 1748 754 1774 et
774 1746 980 1783 presentium
996 1748 1194 1786 scriptorum
1215 1751 1284 1788 pri—

271 1794 393 1832 vilegio
419 1796 674 1825 communimus.
701 1798 739 1826 In
762 1798 879 1835 primis
900 1799 1065 1838 siquidem
1086 1806 1281 1839 statuentes,

271 1851 308 1877 ut
320 1847 398 1877 ordo
412 1848 602 1884 canonicus,
618 1849 674 1887 qui
687 1850 869 1880 secundum
882 1852 1033 1882 Deum-ct
1046 1853 1133 1883 beati
1150 1856 1283 1893 Augus-

270 1899 333 1929 tini
353 1900 500 1937 regulam
524 1901 558 1929 in
583 1901 696 1930 eadem
719 1902 859 1932 ecclesia
882 1904 1057 1935 institutus
1078 1916 1150 1937 esse
1169 1909 1282 1939 dinos-

271 1953 369 1987 citur,
383 1953 550 1991 perpetuis
566 1953 687 1983 ibidem
703 1956 904 1993 ten‘iporibus
919 1957 1160 1989 inviolabiliter
1173 1961 1282 1991 obser-

267 2010 372 2036 vetur.
393 2007 558 2042 Protei-ea,
577 2016 802 2046 quascumque
819 2011 1059 2047 possessiones,
1073 2022 1281 2052 quecumque

267 2058 353 2088 bona
375 2058 461 2087 dicta
485 2052 625 2089 ecclesia
646 2060 680 2088 in
697 2061 941 2098 presentiarum
954 2063 1043 2101 juste
1065 2074 1101 2094 ac
1122 2051 1280 2096 canonice

266 2111 412 2149 possidet
431 2116 486 2141 aut
503 2112 535 2140 in
554 2113 703 2141 futurum
722 2114 936 2144 concessione
956 2117 1160 2153 pontificum,
1178 2119 1280 2157 largi-

267 2164 356 2193 tione
373 2174 487 2201 regum
504 2164 553 2193 vel
566 2165 764 2203 principum,
781 2166 948 2197 oblatione
962 2161 1110 2199 fidelium
1127 2180 1185 2201 seu
1203 2172 1279 2202 aliis

261 2217 488 2256 justismodis
514 2222 681 2255 prestante
702 2219 844 2248 Domino
862 2220 981 2258 poterit
1005 2221 1160 2260 adipisci,
1184 2224 1279 2254 firma

266 2269 360 2298 vobis
377 2269 563 2308 vestrisque
586 2270 835 2301 successoribus
852 2276 883 2301 et
904 2272 1032 2303 illibata
1048 2281 1276 2312 permaneant.

267 2322 306 2351 In
319 2321 451 2359 quibus,
467 2321 525 2351 hcc
540 2323 682 2360 propriis
697 2323 852 2353 duximus
864 2325 1077 2363 exprimenda
1089 2329 1275 2360 vocabulis:

265 2374 388 2403 Locum
405 2373 514 2411 ipsum
528 2374 562 2403 in
580 2384 644 2412 quo
661 2376 787 2413 prefata
805 2377 945 2407 ecclesia
962 2379 1025 2408 sita
1042 2384 1102 2415 cst,
1116 2390 1190 2410 cum
1206 2391 1277 2412 om-

264 2425 364 2455 nibus
393 2426 606 2464 pertinentiis
637 2428 719 2457 suis.
747 2429 931 2459 Ecclesiam
961 2436 1073 2462 sancte
1103 2434 1206 2464 Marie
1237 2435 1276 2464 de

263 2477 428 2513 Claustro,
447 2487 520 2507 cum
536 2480 915 2518 omnibustpertinentiis
933 2484 1014 2519 suis,
1029 2494 1127 2523 [piam
1144 2486 1275 2517 habetis

261 2531 297 2560 in
314 2531 438 2561 diocesi
461 2532 594 2561 Pisana.
613 2533 797 2563 Ecclesiam
819 2540 932 2565 sancte
953 2537 1057 2567 Mai-ie
1079 2538 1117 2568 de
1134 2539 1274 2578 Campo-

259 2592 352 2618 rena,
375 2593 449 2613 cuni
468 2584 622 2614 omnibus
639 2586 852 2623 pertinentiis
869 2589 955 2624 suis,
973 2598 1073 2628 quam
1088 2590 1220 2622 habetis
1238 2593 1273 2622 in

258 2636 384 2666 diocesi
394 2636 588 2670 Vulterana,
604 2646 678 2667 cum
690 2639 798 2674 terris,
809 2640 923 2677 pratis,
936 2641 1054 2677 vineis,
1066 2644 1271 2680 nemoribus,

258 2689 411 2727 usuagiis
424 2693 454 2719 et
468 2690 600 2728 pascuis
614 2691 648 2720 in
663 2691 761 2721 bosco
774 2696 802 2722 et
816 2693 924 2730 plano,
938 2694 972 2723 in
985 2695 1081 2733 aquis
1098 2701 1129 2726 et
1144 2697 1272 2727 molen-

258 2741 360 2777 dinis,
380 2742 415 2771 in
431 2742 496 2772 viis
513 2746 542 2772 et
560 2744 688 2773 semitis
706 2748 735 2774 et
749 2745 904 2775 omnibus
921 2746 996 2776 aliis
1013 2747 1224 2779 libertatibus
1241 2755 1273 2780 et

256 2795 528 2825 immunitatibus
562 2796 644 2826 suis.
677 2797 762 2827 Sane
793 2798 962 2829 novalium
991 2805 1177 2831 vestrorum
1206 2811 1270 2840 que

256 2842 400 2885 propriis
423 2847 578 2878 manibus
602 2852 657 2878 aut
674 2850 861 2888 sumptibus
882 2850 990 2881 colitis
1007 2852 1045 2882 de
1064 2853 1186 2891 quibus
1207 2853 1270 2883 ali-

257 2899 333 2937 quis
349 2898 511 2930 hactenus
530 2909 596 2930 non
611 2901 772 2940 percepit,
792 2902 861 2932 sive
878 2903 917 2933 de
937 2908 1122 2935 vestrorum
1139 2906 1268 2936 anima-

1371 319 1453 349 lium
1477 321 1703 357 nutrimentis,
1729 322 1840 352 nullus
1863 332 1881 352 a
1900 323 1992 352 vobis
2009 323 2154 353 decimas
2175 324 2306 362 exigere
2328 323 2380 355 vel

1372 377 1566 412 extorquere
1596 380 1776 412 presumat.
1808 375 1919 405 Liceat
1946 385 2076 414 quoque
2102 376 2194 406 vobis
2221 385 2380 415 personas

1370 425 1493 455 liberas
1511 431 1541 456 et
1555 421 1723 457 absolutas
1737 436 1753 458 e
1768 427 1879 458 seculo
1890 428 2056 465 fugientes
2072 428 2113 458 ad
2128 429 2380 459 conversionem

1372 478 1518 516 recipere
1539 483 1569 508 ct
1593 488 1647 508 cas
1671 479 1796 518 alisque
1812 481 2072 511 contradictione
2094 481 2205 520 aliqua
2222 482 2378 512 retinere.

1371 531 1592 560 Protiihemus
1613 531 1750 570 iusuper
1773 536 1807 561 ut
1830 532 1914 561 nulli
1938 533 2079 562 fratrum
2100 538 2286 563 vestrorum
2306 538 2380 572 post

1372 584 1492 613 saetam
1520 584 1553 612 in
1579 584 1720 614 ecclesia
1747 589 1855 614 vestra
1880 585 2120 623 professionem
2147 586 2197 616 fas
2224 586 2278 620 sit,
2305 586 2378 617 sine

1370 635 1491 673 prioris
1510 635 1562 664 sui
1581 635 1716 665 licentia
1742 637 1806 665 nisi
1828 637 1961 666 artioris
1979 636 2152 673 religionis
2173 637 2320 672 obtentu,
2339 637 2378 668 de

1370 689 1482 718 eodem
1494 688 1563 717 loco
1573 689 1753 719 discedere.
1764 689 1994 719 Discedentem
2005 699 2082 720 vero
2093 690 2217 729 absque
2229 690 2379 720 omnium

1369 740 1555 770 litterarum
1578 745 1763 771 vestrarum
1780 742 1932 772 caumont}
1954 742 2065 772 nullus
2086 743 2204 772 audeat
2221 743 2376 773 retinere.

1369 794 1453 824 Cum
1479 798 1588 824 autem
1614 794 1767 830 gencrale
1788 794 2000 824 interdictum
2028 799 2112 825 terre
2136 795 2254 829 suerit,
2280 795 2380 826 liceat

1370 846 1474 881 vobis,
1491 846 1613 876 clausis
1626 847 1751 885 januis,
1767 847 1909 877 exclusis
1925 848 2218 878 excommunicatis
2230 853 2259 879 et
2274 848 2380 878 inter-

1369 899 1484 935 dictis,
1504 908 1568 928 non
1590 899 1730 937 pulsatis
1751 900 1936 938 campanis,
1954 909 2031 930 voce
2052 910 2244 939 suppressa,
2265 901 2379 931 divina

1369 952 1475 981 officia
1495 952 1661 981 celebrare
1687 962 1692 981 :
1715 952 1889 982 dummodo
1911 962 2044 983 causam
2064 962 2127 983 non
2151 953 2309 984 dederitis
2326 953 2380 983 in-

1370 1005 1516 1034 terdicto.
1536 1005 1666 1035 Crisiua
1685 1014 1772 1040 vero,
1791 1006 1907 1035 Oleum
1924 1010 2092 1039 sanctum,
2112 1006 2379 1037 consecrationes

1370 1057 1523 1087 altarium
1541 1068 1599 1088 seu
1617 1058 1846 1094 basilicarum,
1865 1059 2092 1089 ordinationes
2108 1059 2304 1089 clericorum
2320 1060 2379 1099 qui

1369 1111 1408 1140 ad
1425 1111 1558 1141 ordines
1575 1112 1699 1141 fuerint
1716 1112 1944 1149 promovendi,
1961 1122 1978 1141 a
1992 1112 2167 1142 diocesano
2187 1112 2379 1151 suscipietis

1369 1164 1539 1202 episcopo,
1572 1164 1600 1193 si
1629 1164 1761 1202 quidem
1795 1164 1977 1194 catholicus
2002 1165 2103 1195 suerit
2129 1169 2159 1195 et
2183 1166 2322 1203 gratiam
2347 1170 2380 1196 et

1368 1217 1634 1246 communionem
1657 1222 1864 1247 sacrosancte
1884 1219 2031 1248 Romane
2054 1214 2201 1248 Ecclesie
2224 1218 2379 1249 habuerit

1369 1274 1400 1300 et
1427 1278 1465 1299 ca
1491 1269 1583 1299 vobis
1615 1269 1755 1299 voluerit
1785 1271 1857 1299 sine
1884 1270 2045 1308 pravitate
2072 1270 2183 1309 aliqua
2207 1270 2376 1300 exhihere.

1372 1322 1592 1352 Proliibcnius
1620 1322 1767 1360 insuper,
1797 1327 1831 1351 ut
1856 1322 1944 1351 insra
1969 1322 2052 1352 fines
2075 1322 2248 1360 parrochie
2269 1327 2378 1354 vestre

1368 1375 1481 1404 nullus
1498 1374 1570 1404 sine
1589 1384 1729 1404 assensu
1746 1374 1913 1404 diocesani
1933 1374 2077 1413 episcopi
2095 1379 2126 1404 et
2144 1379 2252 1406 vesu-0
2268 1375 2378 1414 capel-

1367 1428 1433 1457 lani
1452 1436 1510 1457 scu
1532 1427 1712 1457 oratmium
1735 1427 1773 1457 de
1798 1437 1881 1457 novo
1904 1433 2095 1458 construere
2118 1428 2246 1458 audeat.
2268 1429 2377 1459 Salvis

1367 1480 1553 1518 privilegiis
1577 1480 1769 1518 pontilieuni
1797 1481 2033 1510 Romanorum.
2060 1480 2111 1510 Ad
2134 1480 2195 1511 hcc
2220 1490 2321 1511 novas
2346 1485 2378 1511 et

1368 1534 1535 1564 indebitas
1558 1533 1747 1563 exactiones
1771 1533 1810 1563 ali
1834 1533 2103 1572 archiepiscopis,
2127 1534 2301 1572 episcopis,
2323 1544 2378 1564 ar-

1366 1586 1619 1616 chidiaconibus
1636 1595 1693 1615 seu
1715 1586 1849 1615 decanis
1866 1586 2007 1625 aliisque
2029 1586 2184 1616 omnihus
2201 1586 2377 1617 ecelesias-

1367 1639 1442 1669 ticis
1473 1638 1721 1668 secularibusve
1758 1639 1909 1677 personis
1948 1648 1966 1668 a
2001 1639 2095 1669 vobis
2133 1639 2205 1669 ficri
2241 1640 2377 1670 omnino

1366 1692 1593 1730 proliilien'ius.
1623 1691 1833 1730 Sepultnram
1857 1701 1987 1730 quoque
2012 1692 2118 1730 ipsius
2146 1692 2209 1722 loci
2236 1692 2376 1722 liberam

1366 1754 1438 1775 csse
1452 1745 1674 1779 decernimus,
1692 1749 1725 1774 ut
1743 1754 1855 1774 corum
1873 1744 2039 1774 devotioni
2056 1749 2087 1775 et
2102 1750 2246 1775 extreme
2262 1745 2375 1776 volun-

1368 1799 1424 1829 tati
1443 1800 1499 1838 qui
1523 1808 1557 1828 se
1580 1799 1648 1828 illic
1667 1798 1813 1836 sepelliri
1834 1798 2108 1833 deliberaverint,
2128 1798 2194 1828 nisi
2216 1798 2298 1828 sorte
2320 1807 2375 1828 cx-

1365 1851 1599 1881 communi‹·ati
1628 1850 1678 1879 vel
1701 1850 1870 1879 interdicti
1895 1850 1962 1879 sint
1983 1854 2038 1879 aut
2060 1850 2191 1888 publice
2214 1850 2373 1884 usurarii,

1366 1904 1477 1933 nullus
1495 1903 1645 1933 obsistat.
1670 1902 1767 1931 Salva
1791 1907 1897 1931 tamen
1917 1903 2048 1940 justitia
2064 1902 2196 1932 illarum
2216 1902 2374 1933 ecclcsia-

1364 1966 1448 1991 rum,
1461 1966 1477 1986 a
1487 1957 1608 1995 quilius
1622 1960 1825 1985 mortuorum
1837 1964 1970 1993 corpora
1981 1960 2208 1985 assumuntur.
2220 1955 2374 1985 Deciinas

1364 2014 1513 2047 preterea
1530 2012 1558 2037 et
1581 2008 1809 2046 possessiones
1830 2008 1868 2037 ad
1881 2008 1936 2046 jus
1953 2007 2169 2037 ecclesiarum
2188 2013 2372 2038 vestrarum

1364 2065 1551 2099 spectantes
1577 2070 1639 2099 que
1668 2071 1685 2090 a
1713 2060 1794 2089 lacis
1825 2060 1887 2098 (sir)
1915 2060 2107 2089 detinentur
2132 2060 2316 2090 redimendi
2341 2065 2374 2090 et

1362 2114 1509 2151 legitime
1525 2113 1690 2143 liberandi
1706 2113 1744 2142 de
1760 2113 1913 2141 inanibus
1928 2122 2040 2141 eoruni
2058 2117 2086 2142 et
2105 2112 2145 2141 ad
2159 2112 2315 2142 ecclesias
2332 2112 2372 2142 ad

1362 2176 1444 2205 quas
1461 2167 1626 2204 pertinent
1645 2165 1831 2195 revocandi.
1845 2165 1948 2194 libera
1960 2165 2001 2194 sit
2016 2165 2108 2194 vobis
2122 2165 2160 2193 de
2172 2169 2283 2194 nostra
2298 2174 2372 2194 auc-

1362 2219 1493 2248 toritate
1520 2218 1668 2248 l'aeultas.
1697 2218 1847 2248 Ota-unte
1870 2227 1945 2247 vero
1963 2222 2008 2253 te,
2032 2226 2120 2247 nunc
2136 2217 2283 2256 ejusdem
2308 2217 2370 2247 loci

1360 2272 1480 2310 priore,
1493 2271 1542 2301 vel
1558 2276 1687 2300 tuorum
1701 2270 1846 2309 quolibet
1859 2279 2098 2306 successorum,
2113 2269 2225 2300 nullus
2237 2269 2282 2299 ibi
2294 2278 2371 2308 qua-

1359 2325 1440 2354 libet
1454 2324 1674 2362 surreptionis
1691 2323 1812 2353 astutia
1829 2333 1886 2352 seu
1902 2322 2061 2353 violentia
2074 2326 2284 2361 preponatur,
2304 2322 2370 2351 nisi

1360 2386 1457 2416 quem
1473 2378 1594 2407 fratres
1610 2376 1776 2406 communi
1795 2385 1959 2405 consensu
1976 2375 2027 2405 vel
2043 2384 2158 2405 eorum
2174 2375 2278 2414 major
2293 2383 2369 2412 pars

1358 2430 1491 2460 consilii
1515 2429 1659 2459 sanioris
1682 2430 1863 2458 secundum
1890 2429 1994 2458 Deum
2021 2424 2051 2458 et
2075 2427 2163 2457 beati
2186 2427 2368 2465 Augustini

1356 2483 1504 2521 regulam
1522 2482 1725 2520 providerint
1749 2481 1950 2519 cligcuidum.
1974 2481 2051 2510 Paci
2074 2488 2204 2519 quoque
2225 2484 2256 2509 ct
2276 2484 2368 2509 tran-

1356 2535 1515 2575 quillitati
1532 2539 1639 2565 vestre
1657 2539 1793 2573 paterna
1814 2535 1848 2563 in
1866 2538 2032 2572 posterum
2050 2533 2275 2563 sollicitudine
2291 2541 2367 2571 pro-

1357 2589 1468 2618 videre
1486 2588 1650 2623 volentes,
1669 2588 1865 2617 auctoritate
1883 2586 2062 2625 apostolica
2082 2586 2311 2624 prohibemus,
2331 2590 2366 2616 ut

1354 2642 1443 2671 infra
1467 2641 1639 2671 clausuras
1671 2641 1817 2670 locorum
1848 2650 1906 2669 ¹seu
1937 2639 2150 2677 grangiarum
2180 2642 2365 2668 vestrarum

1355 2694 1468 2724 nullus
1490 2694 1640 2732 rapinam
1670 2703 1727 2723 seu
1751 2694 1874 2722 furtum
1901 2693 2026 2727 facere,
2050 2692 2162 2729 ignem
2183 2699 2362 2729 apponere,

1354 2748 1551 2785 sanguinem
1567 2747 1719 2779 sundere,
1738 2746 1904 2775 bominem
1920 2750 2042 2774 temere
2059 2753 2174 2782 capere
2192 2742 2243 2773 vel
2259 2743 2364 2772 inter-

1353 2800 1461 2834 ficere,
1481 2808 1538 2829 seu
1555 2799 1747 2829 violentiam
1761 2799 1880 2829 audeat
1896 2806 2058 2828 exercere.
2077 2798 2232 2827 Preterca
2247 2804 2363 2826 omnes
2396 2814 2398 2816 v

1351 2852 1522 2883 libertates
1553 2857 1583 2882 et
1616 2852 1846 2881 immunitates
1873 2860 1889 2880 a
1922 2849 2211 2889 predecessoribus
2239 2847 2362 2878 nostris

1351 2905 1510 2936 Romanis
1528 2905 1741 2943 pontificibus
1753 2904 1891 2935 ecclesie
1906 2907 2013 2934 vestre
2029 2910 2214 2936 concessas,
2233 2908 2361 2933 necnon
