2498 3325
1013 249 1243 290 DEUXIEME
1266 251 1425 288 ANNEE.
2214 259 2272 289 389

215 342 227 357 »
252 330 399 368 Cumque
422 330 540 358 fratres
557 328 747 367 hujusmodi
769 328 809 357 ad
830 327 946 357 Sedem
965 325 1178 364 apostolicam

170 383 392 412 accessissent
412 390 521 411 coram
542 381 661 410 dilecto
685 380 753 409 filio
775 385 886 409 nostro
908 381 959 414 R,
982 378 1094 409 Sancti
1111 379 1179 407 An-

172 436 239 474 geli
262 435 400 465 diacono
427 434 603 465 cardinali,
632 442 729 472 quem
761 433 892 470 negotio
920 432 1055 462 unionis
1081 431 1180 469 perti-

169 489 288 519 ciendo
304 488 534 526 deputavimus
549 487 618 516 vice
636 490 757 521 nostra,
771 486 969 516 sufficientia
987 485 1025 514 ad
1042 485 1075 514 id
1091 484 1180 514 exbi-

172 542 274 571 buere
296 541 466 575 mandata,
485 544 515 569 et
531 540 565 568 in
583 539 730 577 generali
747 539 891 577 capitulo
909 543 1015 568 vestro
1038 538 1071 567 iu
1091 537 1179 568 Urbe

170 594 347 625 celebriter
359 598 567 631 congregato,
580 592 712 622 nomine
725 592 872 622 omnium
888 601 903 620 a
918 592 1038 630 quibus
1049 592 1181 620 fuerant

171 647 343 682 destinati,
372 651 403 677 et
430 647 468 676 de
493 646 660 676 communi
688 645 825 683 capituli
850 645 997 684 ejusdem
1022 653 1178 678 assensu,

172 709 230 730 vos
256 704 285 730 et
310 700 422 729 domos
447 703 573 728 vestras
598 699 631 727 in
657 707 756 728 unam
782 698 909 727 ordinis
935 697 1180 727 observantiam

172 753 328 786 uniendi,
347 752 524 782 formulam
543 752 744 781 uniformem
763 751 870 789 redigi
892 760 1062 789 unumque
1078 759 1114 779 ex
1133 749 1180 779 eis

171 806 259 837 ovile
282 806 353 835 fieri
373 805 539 843 generalis
563 805 683 843 prioris
706 805 909 842 presidentia
929 803 1182 842 gubernandum

172 860 378 890 unanimiter
390 862 642 892 consenserunt,
656 862 805 896 petentes
815 862 860 891 ut,
871 866 928 895 per
939 857 1079 894 gratiam
1088 856 1181 885 111110-

173 913 227 943 nis
244 917 275 942 et
296 912 538 942 conformitatis
557 911 764 950 hujusmodi,
790 911 848 944 eis,
873 911 966 949 juxta
989 913 1182 947 conceptum

172 971 285 996 votum
309 965 513 1004 paupertatis
537 969 732 1002 spontanee,
754 967 911 1002 perpetua
933 962 1184 1001 possessionum

173 1019 383 1050 terrestrium
409 1018 573 1047 abdicatio
596 1021 793 1051 remaneret,
817 1021 847 1046 et
871 1016 953 1054 ipsis
976 1015 1110 1045 baculos
1131 1014 1184 1044 vel

173 1072 299 1102 ferulas
315 1071 487 1101 deferendi
503 1070 657 1108 imposita
675 1069 857 1099 necessitas
872 1069 1051 1102 tolleretur,
1067 1068 1184 1097 collata

173 1126 209 1154 in
235 1124 437 1154 cardinalem
464 1123 603 1153 eundem
628 1122 821 1161 providendi
848 1122 955 1153 vobis,
977 1130 1013 1151 ea
1037 1121 1124 1153 vice,
1145 1121 1184 1150 110

173 1177 323 1216 generali
343 1177 452 1216 priore
475 1177 575 1206 totius
597 1176 724 1205 ordinis
748 1175 987 1205 nichilominus
1011 1178 1181 1213 potestate.

218 1243 230 1257 »
252 1232 353 1260 Porro
372 1230 459 1259 idem
482 1229 678 1263 cardinalis,
698 1229 803 1258 nostri
823 1229 1017 1258 auctoritate
1038 1227 1185 1257 mandati

175 1284 249 1313 vivo
267 1283 307 1313 ad
323 1292 397 1313 eum
412 1292 563 1312 sermone
579 1281 1185 1312 (111’0(·11.1100110110100110011110011111-

175 1336 250 1366 dem
266 1336 406 1365 fratrum
418 1344 453 1364 ac
473 1335 612 1373 predicti
630 1334 766 1372 capituli
786 1334 1004 1363 consensione
1026 1333 1184 1368 susultus,

175 1389 351 1418 universas
368 1389 480 1418 domos
497 1393 528 1418 ct
544 1389 817 1425 congregationes
832 1392 957 1417 vestras
971 1380 1005 1416 111
1019 1397 1119 1417 unam
1133 1396 1186 1416 or-

174 1442 265 1471 dinis
290 1441 528 1471 heremitarum
556 1442 661 1470 saucti
685 1441 865 1478 Augustini
890 1441 1132 1478 professionem
1156 1444 1187 1469 et

175 1494 363 1532 regularem
382 1494 627 1524 observantiam
644 1498 802 1532 perpetuo
821 1494 983 1528 counirat,
1002 1493 1063 1523 sub
1087 1502 1187 1531 gene-

176 1547 257 1577 ralis
274 1556 352 1577 01113
369 1547 488 1585 prioris
505 1547 663 1576 canonice
680 1547 879 1576 instituendi
896 1556 953 1584 pro
968 1551 1113 1584 tempore
1130 1555 1186 1584 pre

175 1600 254 1630 aliis
277 1599 539 1638 provincialibus
559 1608 618 1629 1100
641 1608 706 1628 11011
728 1603 758 1629 01
777 1599 1053 1628 001110111113111105
1071 1599 1188 1636 singu-

175 1653 285 1682 larum
301 1653 470 1682 domorum
489 1652 655 1690 prioribus
673 1651 870 1689 regulariter
887 1652 1129 1689 gubernandas.
1150 1652 1188 1681 Et

175 1710 213 1736 ut
236 1714 353 1735 novam
377 1705 475 1734 ovilis
497 1705 656 1734 dominici
677 1705 835 1734 unionem
852 1704 1053 1734 universalis
1070 1705 1187 1743 capitis

177 1758 291 1788 unitas
308 1762 529 1792 consumaret,
548 1762 589 1791 te,
606 1757 724 1787 dilecte
742 1757 800 1792 fili,
815 1758 917 1787 frater
933 1758 981 1791 L.,
1001 1758 1034 1786 in
1054 1767 1188 1795 genera-

177 1811 243 1841 lem
259 1811 386 1840 ordinis
401 1811 549 1849 ejusdem
562 1810 705 1848 priorem
720 1819 756 1840 ae
771 1814 907 1848 patrem.
919 1811 1062 1848 Spiritus
1076 1811 1189 1841 Sancti

176 1863 285 1901 gratia
307 1863 473 1893 invocata.
495 1863 633 1901 prefecit
652 1872 688 1892 ac
708 1863 823 1895 etiam,
845 1867 940 1901 prout
959 1873 976 1893 a
997 1864 1092 1893 nobis
1115 1873 1189 1902 spe-

176 1916 308 1947 cialiter
329 1916 363 1945 in
390 1916 555 1945 mandatis
582 1920 763 1954 acceperat,
788 1917 1006 1949 confirmavit,
1031 1926 1087 1947 vos
1114 1917 1189 1947 uni-

178 1977 291 1998 versos
326 1973 355 1997 et
386 1977 595 1998 successores
629 1973 754 1998 vestros
788 1978 806 1998 a
835 1969 963 1999 baculis
990 1970 1041 1999 vel
1073 1970 1189 2000 ferulis

177 2021 408 2059 deportandis,
442 2026 473 2051 et
498 2021 584 2059 quod
617 2031 681 2051 11011
715 2022 880 2059 cogamini
913 2022 952 2051 ad
981 2023 1190 2061 recipiendas

179 2075 408 2113 possessiones
423 2075 553 2113 aliquas
571 2075 621 2105 vel
640 2075 821 2111 habendas,
838 2076 1020 2105 decernens
1033 2081 1189 2115 perpetuo

179 2127 303 2157 liberos
321 2132 349 2157 et
368 2133 547 2165 exemptos.

223 2193 235 2207 »
251 2181 319 2210 Nos
334 2181 447 2218 igitur,
463 2181 582 2219 prefati
596 2181 775 2211 cardinalis
789 2191 979 2220 processum
994 2183 1191 2214 convenien-

180 2238 247 2263 tem
263 2242 337 2263 cum
355 2233 535 2263 voluntatis
553 2239 663 2264 nostre
681 2235 846 2273 proposito
864 2236 1098 2274 approbantes,
1117 2246 1192 2274 pre-

181 2286 285 2316 missa
298 2286 410 2316 omnia
423 2291 515 2324 grata
530 2287 690 2317 habemus
704 2292 731 2317 et
749 2293 829 2323 rata,
845 2289 983 2327 ipsaque
996 2290 1192 2319 auctoritate

180 2339 362 2378 apostolica
381 2339 615 2370 confirmamus
633 2345 693 2370 etc.
711 2350 816 2380 usque
835 2351 840 2370 :
860 2342 1114 2372 communimus.
1136 2343 1192 2372 In-

179 2400 282 2430 super
301 2396 411 2421 autem
433 2401 591 2430 personas
608 2397 639 2422 et
655 2393 767 2423 domos
790 2398 917 2424 vestras
939 2395 999 2423 sub
1020 2395 1192 2425 beatorum

184 2444 274 2474 Petri
294 2449 325 2474 et
343 2445 437 2475 Pauli
458 2445 662 2483 protectione
685 2447 905 2485 suscipientes
922 2452 952 2477 et
977 2452 1098 2484 nostra,
1120 2457 1193 2486 pre-

181 2497 328 2527 sentium
350 2498 546 2528 auctoritate
565 2499 759 2535 statuimus,
778 2505 813 2529 ut
830 2509 902 2535 vos,
922 2500 981 2529 filii
999 2501 1143 2539 prioreS,
1163 2505 1194 2530 et

181 2549 303 2579 fratres
319 2549 353 2579 in
371 2550 579 2588 professione
595 2551 734 2589 predicti
748 2551 886 2587 ordinis,
903 2552 936 2581 in
954 2553 1081 2590 prefato
1098 2561 1194 2590 gene-

182 2601 247 2632 rali
258 2603 402 2641 capitulo
418 2604 583 2638 ordinata,
598 2613 662 2643 quo
681 2605 814 2643 quidem
831 2605 946 2635 ordine
964 2615 1020 2636 vos
1037 2610 1194 2644 perpetuo

180 2656 314 2686 censeri
333 2656 499 2692 volumus,
519 2658 689 2687 vobiscum
716 2667 814 2696 super
836 2659 1042 2689 diversarum
1067 2660 1196 2698 profes-

182 2708 317 2739 sionum
333 2713 389 2739 aut
407 2709 677 2740 observationum
690 2711 810 2747 debito,
829 2721 911 2750 quas
925 2716 1022 2742 antea
1040 2712 1195 2742 feceratis

183 2761 221 2791 in
245 2761 403 2800 predictis
425 2762 476 2792 vel
501 2763 576 2792 aliis
593 2764 767 2794 ordinibus
784 2764 1033 2803 dispensantes,
1053 2765 1114 2795 sub
1139 2765 1196 2795 de-

184 2818 261 2845 vota
277 2815 442 2853 generalis
454 2817 587 2855 prioris,
606 2827 703 2856 quem
718 2827 806 2848 nune
822 2818 914 2848 vobis
932 2819 1045 2849 divina
1061 2819 1196 2849 ordina-

184 2867 233 2898 tio
253 2868 400 2907 pretulit,
419 2869 556 2909 ejusque
575 2880 805 2901 successorum
823 2872 1023 2908 obedientia,
1038 2876 1196 2911 perpetuo

183 2919 347 2950 virtutum
364 2921 505 2952 Domino
526 2923 720 2959 servientes,
740 2924 845 2962 nigris
862 2924 1029 2955 dumtaxat
1046 2929 1078 2955 et
1093 2924 1196 2955 nullis

1265 323 1341 354 aliis
1358 324 1495 355 alterius
1512 326 1631 356 coloris
1646 325 1785 356 cucullis
1798 329 1829 356 et
1840 325 2017 355 uniformis
2031 325 2183 360 amictus,
2200 334 2272 354 nor-

1265 385 1351 405 mam
1370 378 1518 416 ejusdem
1537 379 1571 408 in
1593 379 1684 409 vobis
1707 378 1925 417 professionis
1947 378 2109 413 ostendat,
2130 378 2274 407 utamini

1265 429 1414 459 decetero
1437 431 1598 461 universi.
1617 433 1656 462 Et
1672 437 1707 461 ut
1726 432 1785 461 1100
1803 436 1916 461 sancta
1931 431 2022 467 unio,
2042 440 2140 469 quam
2156 440 2274 469 perpe-

1265 486 1319 511 tue
1339 483 1428 520 pacis
1447 484 1686 522 tranquillitate
1705 484 1847 522 gaudere
1866 484 2030 519 volumus,
2049 484 2204 514 omnibus
2220 484 2274 514 in-

1265 535 1429 572 tegritatis
1447 545 1505 566 sue
1522 538 1666 574 perfecta
1682 537 1831 575 partibus
1849 536 1979 566 stabilis
1998 541 2198 575 perseveret,
2217 537 2275 567 de-

1265 588 1450 623 cernimus,
1469 593 1505 618 ut
1521 598 1635 619 01111105
1652 590 1768 619 domus
1786 590 1940 619 ordinum
1959 590 2271 628 suprascriptorum,

1265 650 1405 679 quarum
1427 642 1547 672 fratres
1566 643 1660 679 juxta
1684 642 1831 672 mandati
1853 643 1958 671 nostri
1979 643 2119 672 formam
2141 643 2181 672 ad
2197 651 2276 673 nos-

1265 698 1349 723 tram
1375 695 1577 732 presentiam
1600 704 1665 725 non
1689 700 1862 728 venerunt,
1887 695 1951 733 ipsi
1974 696 2092 725 unioni
2117 700 2275 734 tanquam

1266 747 1394 784 corpori
1426 748 1573 777 membra
1606 748 1730 787 absque
1764 748 1902 785 diffugio
1936 747 2038 777 ullius
2072 748 2275 786 exceptionis

1266 800 1454 835 inhereant,
1473 805 1503 830 et
1528 801 1568 830 ad
1593 801 1859 830 observationem
1881 801 2104 838 predictorum
2126 801 2277 830 omnium

1265 856 1453 881 teneantur.
1480 852 1653 890 Alioquin,
1675 852 1875 882 sententiam
1899 861 1997 890 quam
2014 857 2060 884 tu,
2079 852 2197 882 dilecte
2214 852 2274 887 fili,

1267 905 1357 943 prior
1374 905 1554 942 generalis,
1574 909 1604 935 et
1621 914 1829 935 successores
1849 906 1896 934 tui
1916 905 1977 935 rite
2000 905 2144 935 tuleritis
2167 906 2200 934 in
2224 914 2278 935 re-

1267 957 1382 992 belles,
1402 962 1506 987 ratam
1523 957 1720 987 habebimus
1736 962 1765 987 et
1783 958 1955 992 faciemus,
1972 962 2103 987 auctore
2122 959 2276 994 Domino,

1269 1020 1374 1049 usque
1402 1010 1441 1039 ad
1465 1010 1728 1040 satisfactionem
1754 1010 1951 1048 condignam
1979 1010 2199 1048 appellatione
2225 1021 2279 1041 re-

1268 1068 1357 1093 mota
1384 1063 1624 1093 inviolabiliter
1647 1063 1828 1093 observari.
1862 1063 1955 1092 Nulli
1981 1068 2041 1093 etc.
2068 1068 2179 1093 nostre
2201 1073 2281 1094 con-

1269 1117 1484 1150 firmationis,
1510 1117 1741 1154 protectionis‚
1769 1116 2030 1154 dispensationis
2057 1120 2086 1146 et
2118 1117 2281 1147 constitu-

1269 1170 1370 1200 tionis
1405 1174 1465 1200 etc.
1503 1171 1575 1199 Dat
1611 1170 1783 1204 Laterani,
1816 1170 1883 1199 IIII
1922 1178 2025 1198 nonas
2062 1169 2158 1205 maii,
2192 1178 2279 1200 anno

1270 1223 1426 1253 secundo.
1448 1236 1459 1249 ›‚

1345 1403 1363 1429 1
1372 1402 1458 1430 302

1309 1463 1440 1497 Philippo
1453 1462 1558 1494 Luwel,
1573 1462 1752 1488 thesaurario
1770 1462 1847 1496 regis
1861 1462 1993 1497 Angliae,
2009 1463 2148 1497 indulget,
2161 1463 2280 1490 obtentu

1273 1520 1391 1546 precum
1411 1511 1445 1543 1.,
1464 1511 1537 1537 tituli
1556 1510 1585 1537 S.
1607 1510 1754 1537 Laurentii
1772 1511 1799 1537 in
1818 1510 1925 1537 Lucina
1940 1512 2100 1546 presbyteri
2114 1512 2279 1544 cardinalis,

1273 1565 1303 1587 ut
1323 1560 1461 1586 benc-ficia
1479 1568 1570 1594 usque
1586 1559 1620 1585 ad
1637 1567 1780 1585 summam
1797 1559 1987 1586 ducentarum
2010 1560 2146 1586 librarum
2164 1561 2280 1587 sterlin-

1893 1401 2007 1435 Lati-au,
2025 1401 2038 1427 3
2057 1402 2111 1427 mai
2131 1402 2205 1428 1255.

1271 1618 1372 1644 gerum
1391 1617 1502 1635 annuae
1521 1609 1660 1634 valentiae
1677 1609 1807 1643 recipere
1826 1609 1925 1640 valeat,
1939 1610 2113 1644 computatis
2132 1610 2280 1636 beneficiis

1267 1659 1327 1692 jam
1346 1658 1481 1687 obtentis,
1499 1666 1622 1691 quorum
1639 1660 1796 1691 proventus
1813 1657 1930 1692 triginta
1946 1666 2058 1684 marcas
2073 1658 2279 1692 sterlingorum

1272 1714 1326 1732 non
1344 1705 1498 1732 excedunt.
1519 1705 1600 1738 (Hm.
1617 1705 1662 1738 2³4,
1680 1705 1698 1731 f.
1718 1705 1792 1737 163V,
1811 1714 1876 1731 ann.
1896 1705 2066 1739 11‚c.‘253.)

1315 1821 1326 1833 (ι
1351 1809 1500 1845 Pliylippo
1517 1808 1616 1836 Ltucel
1629 1831 1635 1842 ,
1656 1808 1812 1845 capellano
1833 1813 1949 1843 nostro,
1974 1809 2167 1837 thesaurario
2183 1809 2283 1838 caris-

1272 1862 1345 1890 simi
1365 1862 1397 1890 in
1415 1861 1533 1890 Christo
1548 1861 1610 1897 filii
1625 1862 1724 1889 'nostri
1743 1883 1775 1895 ..,
1797 1862 1928 1889 illustris
1944 1862 2023 1898 regis
2038 1861 2155 1898 Anylie.
2175 1862 2282 1900 Apos-

1274 1914 1371 1944 tolice
1384 1914 1478 1944 Sedis
1493 1913 1683 1951 benignitas
1694 1931 1742 1942 —.
1757 1915 1830 1943 Dat.
1844 1915 2011 1949 Laterani,
2025 1915 2053 1944 V
2068 1923 2171 1944 nonas
2188 1915 2281 1951 maii,

1274 1976 1360 1996 anno
1377 1966 1532 1997 secundo.
1556 1978 1568 1991 1)

1350 2153 1369 2179 Ι
1378 2151 1466 2180 303

1311 2215 1473 2241 Conventui
1501 2215 1668 2241 monasterii
1693 2213 1875 2240 cesariensis
1901 2223 1951 2249 pro
1976 2214 2051 2241 dono
2077 2216 2185 2249 gratias
2214 2216 2285 2251 agit.

1276 2264 1358 2298 (Rae.
1376 2264 1420 2295 24,
1438 2264 1456 2290 f.
1476 2263 1549 2296 163v,
1565 2272 1631 2290 ann.
1649 2262 1687 2295 II,
1705 2271 1731 2289 c.
1747 2263 1819 2294 254.)

1901 2151 2013 2184 Lati-an,
2032 2152 2046 2179 6
2064 2153 2118 2178 mai
2137 2153 2211 2180 1256.

1319 2380 1331 2393 t<
1353 2390 1385 2401 ..,
1403 2367 1515 2400 abbati,
1533 2371 1558 2395 et
1575 2367 1740 2396 conventui
1756 2367 1937 2395 monasterii
1954 2367 2147 2402 Cesariensis,
2166 2368 2288 2397 ordinis

1276 2421 1376 2450 sancti
1388 2420 1550 2456 Benedicti,
1567 2420 1739 2449 Baiocensis
1755 2420 1891 2449 diocesis.
1910 2419 2016 2457 Super
2032 2428 2070 2449 eo
2086 2420 2173 2458 quod
2189 2420 2287 2450 dilec-

1278 2478 1330 2503 tus
1345 2473 1433 2503 filius
1450 2472 1633 2503 Riccardus
1650 2472 1689 2502 de
1710 2473 1813 2507 Mara,
1834 2476 2026 2510 procurator
2048 2477 2168 2508 vester,
2191 2473 2287 2503 nobis

1276 2527 1311 2556 in
1329 2526 1419 2556 mille
1437 2525 1631 2564 quingentis
1643 2525 1739 2555 libris
1755 2525 2000 2564 provisinorum
2020 2534 2056 2555 ex
2073 2530 2164 2563 parte
2177 2530 2289 2556 vestra

1278 2579 1426 2614 servivit,
1446 2579 1629 2616 gratiarum
1651 2578 1745 2608 vobis
1766 2578 1978 2607 multimodas
1995 2578 2172 2608 referimus
2189 2578 2288 2608 actio-

1278 2641 1349 2662 nes.
1369 2632 1442 2661 Dat.
1465 2631 1632 2666 Laterani,
1651 2632 1683 2661 11
1703 2639 1807 2661 nonas
1825 2631 1916 2665 maii,
1936 2639 2023 2660 anno
2040 2630 2195 2660 secundo.
2217 2643 2228 2656 n

1355 2815 1472 2845 1304
1865 2814 1982 2847 Lati-an,
1999 2815 2031 2841 27
2049 2815 2120 2842 avril
2138 2815 2214 2843 1256.

1316 2876 1471 2903 Laurentio
1484 2876 1520 2903 de
1536 2876 1651 2909 Aretio,
1668 2876 1724 2903 duo
1743 2876 1882 2904 beneficia
1899 2877 2096 2904 ecclesiastica
2111 2885 2209 2905 euram
2226 2880 2290 2906 ani-

1281 2933 1391 2952 marum
1405 2925 1539 2952 habentia
1556 2924 1583 2951 in
1602 2933 1691 2960 regno
1707 2925 1843 2952 Franciae
1855 2925 2006 2959 obtinenti,
2018 2925 2157 2961 indulget,
2169 2926 2289 2954 obtentu
