2498 3325
250 271 305 299 402
974 262 1210 293 REGISTRES
1233 262 1539 293 D‘ALEXANDRE
1563 264 1618 293 IV.

251 340 408 362 sueverunt
435 342 499 359 esse
523 332 725 367 praecedentes
748 331 917 365 praepositi,
943 330 1090 363 recipiant.
1107 328 1189 362 (Rea.
1206 328 1236 355 ‘24
1249 350 1256 362 ‚

252 383 522 414 f.t‹;<.],.·=nn.11‚c.
541 382 632 413 3833.)

294 500 305 513 ἰ(
331 486 469 522 t'apitulo
494 485 611 513 ecclesie
633 483 845 516 llnselntcnxis,
869 482 1101 518 ,li-(Jentz'nensis
1121 481 1254 510 diocesis.

253 539 407 578 Exposuit
432 538 526 567 nohis
544 536 684 566 dilectus
701 554 749 564 —.
768 537 841 565 Dat.
866 535 1035 567 Laterani.
1053 536 1099 565 VI
1118 535 1192 564 idus
1205 536 1257 574 ja-

252 593 372 621 nuarii.
392 600 477 620 anno
495 590 649 619 secui'ulo.
673 602 683 614 v>

323 772 342 798 1
351 770 436 798 342)

288 832 482 865 infrascriptis
499 830 613 855 maudat
629 829 766 863 quatinus
782 837 898 855 causam
911 829 984 855 inter
995 829 1126 855 abbatem
1144 837 1259 856 monas-

851 767 962 798 Latran,
985 767 1020 793 te·-
1037 768 1090 794 mai
1111 767 1186 794 1956.

251 880 314 907 terii
336 879 566 910 Auri-liaccusis,
589 877 835 903 Claromonteusis
858 877 1000 910 diocesis,
1022 882 1050 903 et
1073 877 1258 904 Guillelmum

252 929 399 964 Aymouii,
418 928 558 953 decanum
570 926 604 952 ab
618 926 679 960 ipso
696 930 821 953 amotum
835 926 868 952 ab
881 926 1128 953 administratione
1145 934 1259 952 monas--

251 978 312 1004 terii
330 976 520 1005 Soliaccnsis,
537 974 725 1001 Caturcensis
745 974 885 1005 diocesis,
902 975 1020 1001 audiant
1043 979 1070 1001 et
1094 975 1257 1001 terminent.

251 1027 334 1060 (lieo.
352 1027 395 1053 Ἧι.
415 1026 432 1051 f.
454 1023 648 1056 100‚a11=1.11,
666 1032 691 1049 c.
710 1023 783 1051 934.)

294 1142 305 1155 «
338 1129 491 1165 ‚tlayistris
522 1126 649 1162 Rciclulfo
677 1126 710 1153 ‹Ia›
740 1126 925 1155 Albae-anio,
958 1126 1115 1162 capellano
1146 1130 1259 1161 nostro,

250 1182 433 1211 litu-ostensi.
452 1186 476 1209 Η
494 1181 578 1208 l'rlro
592 1179 719 1214 Raram,
736 1179 921 1207 Ruthmzmsi
939 1179 1108 1207 canonicis.
1129 1178 1261 1215 Signifi-

251 1235 334 1265 cavit
354 1234 447 1263 nobis
467 1232 606 1262 dilectus
623 1231 713 1261 silius
728 1232 824 1269 Ηυξ-νο
841 1231 879 1261 de
896 1231 1109 1266 Castronovo,
1129 1231 1185 1270 qui
1203 1239 1260 1269 pro

252 1289 374 1317 decano
393 1285 585 1315 monasterii
604 1284 819 1314 Solliacensis
837 1294 870 1314 se
890 1285 990 1322 gerit⁷
1009 1284 1136 1314 ordinis
1153 1285 1259 1314 sancti

1158 1338 1260 1368 abhas

250 1392 444 1423 monasterii
464 1390 723 1426 Aureliaeensis,
744 1390 892 1429 ejusdem
909 1390 1047 1425 ordinis„
1067 1390 1260 1421 Claromon-

254 1446 356 1475 tensis
382 1445 535 1479 diocesis,
567 1444 605 1473 ad
640 1443 880 1473 monasterium
908 1444 1017 1482 ipsum
1043 1443 1258 1479 Solliacense,

253 1500 337 1537 quod
355 1499 460 1529 eidem
478 1497 680 1528 monasterio
696 1497 927 1527 Aureliaecnsi
944 1497 1040 1535 pleno
1053 1497 1127 1536 jure
1145 1497 1179 1526 in
1198 1497 1260 1535 spi-

254 1552 430 1582 ritualibus
450 1556 479 1581 et
502 1550 739 1589 temporalibus
762 1554 811 1579 est
836 1550 1038 1589 subjectum,
1064 1554 1098 1579 ut
1125 1550 1258 1585 ibidem,

253 1610 348 1644 prout
365 1605 404 1634 ad
423 1605 531 1643 ipsum
550 1603 700 1633 abbatem
719 1603 878 1642 pertinet.
904 1607 969 1633 tam
986 1603 1021 1632 in
1039 1603 1143 1641 capite
1163 1612 1260 1642 quam

266 1339 434 1374 {ttumlictL
461 1338 675 1369 Caturcensis
701 1337 855 1368 diocesis.
884 1337 970 1376 quod
996 1347 1069 1367 cum
1098 1361 1130 1371 ..,

253 1659 287 1687 in
308 1657 475 1693 rus-nituis,
494 1656 725 1696 inquisitionis
744 1660 909 1686 exerceret
926 1656 1081 1691 officium,
1101 1657 1262 1687 accessis-

254 1715 313 1747 set,
337 1711 466 1741 tandem
485 1709 704 1748 inquisitione
720 1718 777 1747 per
793 1709 933 1739 eundem
951 1709 1103 1739 abbatem
1121 1709 1155 1738 in
1175 1709 1261 1740 dicto

255 1764 455 1794 monasterio
486 1763 682 1793 Solliacensi
714 1763 800 1792 saeta
815 1786 820 1798 ,
848 1761 1048 1792 Guillelmus
1079 1763 1238 1802 Aymonii
1253 1787 1258 1798 ‚

257 1822 333 1847 tunc
353 1817 505 1852 decanus,
527 1820 556 1846 et
572 1820 753 1845 conventus
771 1815 919 1855 ejusdem
935 1816 1129 1846 monasterii
1146 1816 1261 1846 Sollia-

256 1871 374 1901 censis.
393 1880 428 1899 ex
448 1869 754 1908 superhabundauti
776 1869 945 1899 voluntate
963 1869 1110 1908 ejusdem
1132 1870 1261 1901 abbatis

256 1923 578 1961 superordinatione
596 1922 673 1951 dicti
696 1922 889 1952 monasterii
911 1931 944 1952 se
968 1921 1113 1952 totaliter
1134 1922 1262 1952 submi-

256 1980 381 2011 serunt,
401 1985 498 2014 super
514 1975 574 2004 hoc
591 1976 728 2013 prestito
741 1976 941 2014 juramento.

296 2029 386 2059 Idem
404 2038 478 2058 vero
493 2028 605 2063 abitas,
624 2028 662 2057 ad
681 2037 778 2066 quem
794 2028 961 2058 institutio
976 2033 1007 2059 et
1023 2029 1194 2058 destitutio
1211 2029 1262 2059 de-

257 2082 329 2111 rani
347 2081 494 2120 ejusdem
518 2081 729 2115 monasterii,
755 2081 793 2110 de
815 2081 952 2119 antiqua
975 2085 1006 2111 et
1029 2081 1208 2119 approbata
1232 2086 1263 2111 et

256 2135 416 2165 hactenus
436 2134 570 2172 pacifice
587 2134 759 2164 observata
777 2135 1033 2170 consuetudine,
1053 2135 1206 2173 pertinet,
1227 2135 1262 2165 in

258 2188 356 2227 hujus
371 2187 600 2225 inquisitionis
618 2187 796 2225 procedens
814 2187 955 2225 negotio,
973 2192 1003 2217 et
1015 2187 1155 2218 eundem
1168 2188 1263 2218 Guil-

259 2240 404 2274 lelmum,
431 2240 639 2277 exigei‘itihus
663 2240 768 2278 culpis
797 2241 878 2275 suis,
906 2240 946 2269 ab
973 2240 1263 2271 administratione

258 2293 436 2321 decanatus
453 2292 557 2330 ipsius
574 2291 788 2322 Solliacensis
806 2293 1000 2322 monasterii
1019 2292 1264 2323 sententialiter

260 2354 425 2379 amovens,
444 2344 626 2382 predictum
645 2345 972 2388 Hugonem-profecit
993 2345 1100 2375 eidem
1122 2346 1264 2376 decana-

260 2397 307 2426 tui
322 2397 355 2426 in
375 2397 549 2426 decanum.
569 2401 661 2434 prout
680 2397 713 2425 in
731 2397 851 2427 litteris
869 2398 944 2428 inde
962 2398 1121 2428 confectis
1141 2398 1264 2436 sigilla-

261 2450 303 2479 tis
319 2449 429 2487 sigillo
446 2449 552 2487 ipsius
572 2450 699 2478 abluitis
716 2450 847 2487 plenius
864 2451 985 2480 dicitur
1002 2451 1177 2481 contineri.

301 2503 387 2532 Sanc
404 2502 510 2531 dictus
528 2502 743 2535 Guillelmus,
763 2508 875 2532 contra
893 2504 1076 2541 predictum
1092 2505 1265 2543 juramen-

263 2559 329 2584 tum
354 2555 393 2584 ab
414 2554 484 2592 ipso
501 2554 676 2592 prestitum
693 2559 813 2585 temere
836 2556 985 2593 veniens,
1003 2557 1199 2586 decanatum
1215 2557 1266 2596 ip-

262 2616 335 2637 sum
349 2607 638 2646 contrajustitiam
656 2607 778 2637 detinet
797 2613 1002 2646 occupatum,
1021 2610 1054 2638 iu
1072 2610 1178 2648 ipsius
1195 2611 1267 2640 Hu-

262 2661 356 2696 ,evonis
373 2659 592 2698 prejudicium
611 2665 639 2690 et
662 2670 850 2697 gravamen.
868 2663 976 2698 Quare
994 2663 1082 2693 idem
1100 2664 1206 2701 Ilugo,
1227 2664 1268 2694 ad

262 2713 439 2751 apostolice
461 2712 555 2743 Sedis
580 2713 819 2751 providentiam
841 2724 1012 2745 recursum
1032 2715 1177 2751 liabens,
1204 2717 1268 2747 hu-

261 2765 386 2795 militer
406 2765 615 2803 supplicavit,
641 2770 675 2794 ut
697 2775 887 2803 processum
911 2767 1102 2806 hujusmodi
1120 2769 1268 2808 ejusdem

263 2817 392 2847 abluitis
427 2818 620 2847 confirmare
652 2818 690 2847 de
720 2824 877 2849 consueta
910 2820 1139 2850 misericordia
1172 2830 1268 2851 cura-

264 2880 385 2901 remus.

305 2924 500 2952 Procurator
522 2932 598 2952 vero
624 2923 785 2953 dictorum
809 2924 980 2955 Guillelmi
1001 2925 1116 2956 decani
1141 2931 1171 2957 et
1194 2936 1267 2957 con-

1340 333 1459 358 ventus
1475 330 1644 368 proposuit
1661 339 1697 360 ex
1710 330 1858 366 adverso,
1877 330 1974 369 quod,
1990 330 2065 360 licet
2079 330 2204 360 dictum
2218 339 2347 361 monas-

1341 381 1460 411 terium
1491 382 1694 413 Solliacense
1723 383 1850 421 prefato
1883 383 2084 413 monasterio
2115 382 2347 414 Aureliaeensi

1340 433 1531 465 nullatenus
1548 435 1590 465 sit
1606 436 1803 475 subjectum,
1821 440 1853 466 et
1869 436 1970 466 abhas
1989 436 2157 474 predictus
2174 436 2299 467 nullam
2310 436 2347 466 in

1339 489 1410 526 ipso
1437 488 1487 518 vel
1521 489 1627 527 ipsius
1657 490 1809 528 personis
1835 490 2105 529 jurisdictionem
2133 489 2281 519 obtineat
2307 489 2347 520 de

1339 541 1580 571 consuetudine
1599 541 1647 572 vel
1668 542 1811 581 dejure,
1831 542 1918 573 idem
1941 546 2049 572 tamen
2069 542 2181 577 abbas,
2202 542 2236 572 in
2258 550 2348 573 mes-

1339 605 1408 625 sem
1426 595 1518 625 illius
1534 604 1592 634 per
1608 596 1836 634 usurpationis
1860 595 2019 635 injuriam
2037 596 2205 634 propriam
2228 594 2347 626 falcem

1339 648 1534 683 extendens,
1554 652 1585 678 et
1608 648 1642 677 in
1664 657 1701 678 eo
1724 657 1760 678 ac
1781 648 1888 687 ipsius
1912 648 2064 686 personis
2081 648 2264 678 indebitam
2279 646 2347 678 sibi

1335 701 1604 740 jurisdictionem
1626 710 1816 735 assumens,
1837 701 1877 731 ad
1896 701 2004 740 ipsum
2025 701 2229 731 visitationis
2246 708 2349 731 causa

1340 754 1521 785 descendit.
1539 755 1579 784 Et
1594 754 1669 784 licet
1687 754 1716 784 ei
1735 753 1774 783 ah
1791 754 1915 784 eisdem
1933 754 2056 784 decano
2072 758 2103 784 et
2117 757 2281 784 conventu
2295 761 2348 783 su-

1339 817 1396 846 per
1413 807 1479 837 liiis
1495 807 1612 837 suisset
1631 807 1872 837 contradictum
1889 815 2053 845 expresse,
2071 815 2107 836 ac
2126 809 2259 845 propter
2273 805 2346 841 hoc.

1340 865 1371 891 et
1393 860 1433 890 ol)
1455 860 1614 899 quasdam
1637 860 1719 890 alias
1744 859 1910 897 legitimas
1934 869 2067 896 causas,
2086 859 2127 889 ah
2147 868 2185 890 eo
2200 858 2349 898 legitime

1341 915 1379 944 ad
1400 914 1517 945 Sedem
1535 914 1748 952 apostolicam
1768 913 1984 952 appellatum,
2002 913 2090 943 idem
2106 917 2216 943 tamen
2233 911 2347 947 abbas,

1340 967 1531 1006 hujusmodi
1548 966 1767 1005 appellatione
1784 971 1982 1005 contempta,
1998 970 2124 996 motum
2137 973 2281 1004 sequens
2296 972 2351 994 vo-

1340 1019 1479 1049 luntatis
1495 1020 1638 1058 proprie,
1657 1028 1721 1049 non
1735 1019 1898 1059 judicium
1915 1019 2068 1054 rationis,
2086 1018 2126 1048 ad
2143 1017 2350 1049 ammonitio-

1341 1082 1417 1103 nem
1434 1073 1540 1111 ipsius
1563 1073 1734 1103 Guillelmi
1757 1077 1787 1103 et
1807 1073 2080 1103 substitutionem
2105 1071 2257 1110 Hugonis
2274 1079 2349 1111 pre-

1341 1127 1433 1161 dicti,
1460 1127 1593 1164 propria
1613 1126 1808 1161 temeritate,
1834 1125 2004 1164 processit,
2028 1129 2160 1164 propter
2187 1123 2286 1163 quod,
2312 1132 2351 1154 ex

1341 1184 1433 1218 parte
1447 1179 1608 1209 dictorum
1623 1178 1794 1209 Guillelmi
1812 1183 1843 1209 et
1855 1183 2047 1213 conventus,
2061 1179 2180 1208 iterato
2190 1176 2299 1208 extitit
2310 1176 2352 1207 ad

1342 1232 1460 1262 Sedem
1478 1231 1691 1270 apostolicam
1711 1231 1922 1270 appellatum.
1944 1231 2052 1268 Quare
2073 1239 2132 1270 pro
2150 1234 2242 1269 parte
2260 1230 2351 1269 ipso-

1341 1294 1416 1315 rum
1433 1284 1605 1323 petebatur
1616 1294 1633 1313 a
1648 1283 1755 1319 nohis,
1771 1289 1806 1313 ut
1820 1284 1859 1314 de
1875 1283 2095 1322 appellatione
2109 1284 2181 1322 ipsa
2197 1281 2352 1322 cognosci

1343 1338 1542 1368 amotionem
1561 1341 1590 1367 ct
1607 1337 1854 1367 institutionem
1870 1336 2078 1376 hujusmodi,
2097 1345 2157 1366 nec
2173 1344 2239 1366 non
2257 1335 2352 1375 quic-

1343 1391 1421 1430 quid
1439 1391 1522 1420 alias
1541 1395 1625 1421 esset
1646 1394 1718 1428 post
1736 1389 1991 1429 appellationem
2014 1389 2120 1428 ipsam
2137 1388 2284 1419 indebite
2302 1392 2354 1419 at-

1343 1449 1549 1484 temptatum,
1567 1444 1715 1474 revocari
1734 1444 1768 1473 in
1788 1443 1921 1473 irritum
1938 1443 2184 1473 mandaremus.

1383 1498 1543 1535 Quocirca
1560 1497 1754 1527 discretioni
1770 1500 1890 1532 vestre,
1911 1496 1950 1526 de
1965 1496 2141 1535 utriusque
2157 1495 2261 1535 partis
2276 1503 2354 1535 pro-

1343 1556 1532 1582 curatorum
1553 1559 1708 1586 assensu,
1733 1559 1791 1589 per
1811 1549 1991 1589 apostolica
2010 1550 2133 1588 scripta
2155 1548 2353 1580 mandamus

1344 1605 1515 1644 quatinus,
1533 1604 1657 1634 vocatis
1674 1604 1731 1642 qui
1747 1603 1873 1634 fuerint
1887 1602 2056 1638 evocandi,
2069 1611 2169 1641 super
2179 1601 2354 1641 premissis

1344 1658 1499 1687 omnibus
1515 1666 1649 1687 causam
1670 1656 1825 1691 audiatis,
1843 1656 2017 1694 ipsamque
2030 1654 2169 1694 judicio,
2183 1654 2247 1691 vel,
2263 1654 2293 1685 si
2313 1654 2353 1685 de

1343 1711 1487 1749 partium
1513 1709 1683 1739 voluntate
1708 1708 1907 1747 processerit
1935 1707 2125 1743 concordia,
2153 1707 2352 1743 terminetis,

1343 1764 1506 1794 facientes
1529 1762 1615 1802 quod
1638 1761 1852 1792 decreveritis
1871 1770 1929 1800 per
1950 1769 2126 1791 censuram
2149 1759 2354 1791 ecclesiasti-

1345 1826 1416 1847 cam
1432 1816 1573 1846 firmiter
1588 1815 1770 1845 observari.
1792 1815 1907 1845 Testes
1928 1819 1989 1845 etc.
2011 1815 2085 1844 Dat.
2103 1813 2275 1849 Laterani,
2294 1812 2355 1843 ka-

1343 1869 1453 1900 lendis
1471 1869 1563 1903 maii,
1582 1877 1668 1898 anno
1685 1867 1839 1898 secundo.
1868 1879 1880 1894 n

1418 2043 1438 2070 1
1445 2041 1536 2070 350

1381 2104 1520 2138 Magistro
1532 2103 1663 2134 Alberto‚
1673 2101 1813 2128 canonico
1824 2100 1987 2132 Leodiensi‚
1997 2100 2176 2136 procuratori
2184 2098 2356 2126 Leodiensis

1345 2154 1444 2187 electi,
1468 2160 1518 2187 pro
1541 2150 1729 2186 expediendis
1753 2150 1879 2184 negotiis
1901 2148 2034 2184 ejusdem
2057 2156 2147 2175 onera
2162 2154 2357 2184 expensarum

1345 2201 1499 2234 subeunti,
1525 2199 1657 2227 concedit
1682 2199 1845 2225 facultatem
1870 2196 2059 2225 contrahendi
2084 2199 2218 2223 mutuum
2240 2198 2358 2232 propter

1345 2251 1401 2277 hoc
1418 2258 1510 2285 usque
1525 2249 1559 2276 ad
1575 2256 1718 2276 summam
1735 2248 1812 2274 mille
1831 2255 1992 2274 marcarum
2007 2246 2161 2278 bonorum,
2173 2252 2315 2272 novorum
2328 2247 2358 2272 et

1345 2299 1480 2334 legalium
1493 2298 1710 2332 sterlingorum,
1722 2300 1750 2323 et
1765 2297 1860 2331 ipsum
1876 2296 2000 2322 electum
2016 2303 2048 2321 ac
2064 2294 2139 2321 bona
2154 2294 2248 2330 ipsius
2263 2293 2357 2321 credi-

1345 2349 1458 2375 toribus
1474 2346 1628 2382 obligandi.
1646 2346 1728 2379 (Rea.
1745 2345 1789 2376 2²4,
1809 2346 1827 2372 s.
1847 2344 1919 2378 169v‚
1936 2352 2003 2371 ann.
2021 2343 2062 2375 ΙΙ,
2080 2351 2106 2371 c.
2123 2342 2198 2378 ⁶285.)

1971 2037 2086 2072 Lati-an,
2101 2038 2116 2064 5
2132 2037 2188 2064 mai
2205 2036 2284 2065 1256.

1389 2462 1401 2476 «
1419 2449 1564 2486 Mayistro
1578 2448 1708 2482 Alberto,
1728 2448 1876 2476 canonico
1897 2446 2068 2482 Leodiensi,
2090 2445 2288 2482 procuratori
2308 2444 2360 2474 ai-

1347 2504 1417 2533 lecti
1431 2501 1492 2540 filii
1510 2525 1541 2537 ..,
1559 2501 1726 2531 Leodiensis
1741 2501 1836 2530 electi.
1854 2499 1938 2530 Cum
1954 2498 2041 2529 sicut
2055 2497 2091 2527 in
2103 2515 2152 2527 —.
2169 2498 2241 2528 Dat.
2261 2498 2360 2528 Late-

1348 2553 1433 2589 rani,
1452 2554 1502 2583 111
1521 2561 1625 2582 nonas
1642 2552 1734 2583 maii.
1753 2560 1840 2581 anno
1859 2550 2013 2581 secundo.
2035 2561 2048 2576 >1

1423 2724 1535 2753 135¹

1386 2786 1529 2821 Exposuit
1555 2786 1692 2820 magister
1715 2785 1842 2816 Sibatto,
1866 2783 2025 2810 canonicus
2049 2781 2213 2814 Cui-tensis»,
2243 2781 2360 2809 nomine

1351 2835 1470 2870 majoris
1480 2839 1508 2862 et
1519 2835 1644 2862 sanioris
1661 2834 1749 2870 partis
1762 2837 1924 2860 conventus
1940 2831 2108 2858 monasterii
2119 2829 2239 2866 Majoris
2250 2830 2361 2865 Augie,

1350 2883 1385 2910 ad
1411 2883 1570 2910 Romanam
1595 2882 1752 2910 Ecclesiam
1779 2881 1855 2908 nullo
1880 2880 1973 2907 medio
1996 2879 2182 2915 pertinentis.
2207 2878 2318 2906 ordinis
2332 2886 2358 2907 s.

1352 2931 1513 2965 Benedicti,
1528 2931 1761 2958 Constaniiensis
1777 2929 1913 2961 diocesis,
1931 2936 2053 2963 quorum
2076 2928 2104 2954 iu
2121 2926 2205 2954 Curia
2222 2935 2360 2962 procura-

1957 2720 2070 2750 Latran.
2089 2720 2120 2747 18
2135 2720 2191 2746 mai
2210 2719 2287 2748 1256.

2479 2611 2481 2614 “
2468 2234 2495 2587 ιΑ.α,.-“Ῑὶε--
2475 2173 2491 2216 02*
2483 2106 2494 2153 -..2
