2498 3325
270 259 325 289 332
997 260 1235 290 REGISTRES
1258 258 1564 290 D'ALEXANDRE
1590 262 1644 292 IV.

270 324 439 358 inclinati,
470 329 503 353 ut
530 324 570 354 al)
597 324 788 354 hominibus
813 326 932 355 vestris
958 326 1199 362 crucesignatis
1223 326 1278 364 qui
1320 327 1322 356 Ξ

270 383 400 416 propter
423 382 627 407 senectutem
654 383 709 407 aut¹
737 379 965 410 infirmitatem
990 380 1039 410 vel
1066 380 1148 409 alias
1171 380 1278 419 justas

268 440 385 460 causas
414 430 633 468 personaliter
663 432 779 470 exequi
810 425 978 471 nequeunt
1004 438 1114 462 votum
1143 433 1277 462 Crucis.

269 484 354 522 quod
367 488 617 521 assumpserunt
632 484 665 512 111
679 484 865 514 subsidium
877 486 976 515 Terre
989 487 1119 521 Sancte.
1131 486 1277 523 possitis,

268 541 441 575 postquam
465 536 608 566 absoluti
631 537 756 567 fuerint
778 548 796 567 a
817 543 890 568 voto
913 538 1103 577 hujusmodi
1126 548 1182 577 per
1204 538 1278 567 illos
1320 569 1321 579 ἵ

1320 597 1321 604 ’
1362 590 1562 621 discretione
1585 592 1696 629 previa
1717 593 1870 630 expedire
1894 593 2076 629 videbitur,
2101 594 2234 632 plenam
2255 604 2373 626 conce-

1320 656 1321 664 *
1361 644 1471 673 dimus
1485 644 1681 674 auctoritate
1695 645 1898 683 presentium
1914 646 2122 683 facultatem;
2140 648 2272 686 proviso
2285 648 2374 687 quod

1319 685 1321 702 Ε
1361 697 1396 726 111
1422 697 1547 727 eisdem
1564 697 1715 728 ecclesiis
1734 707 1800 728 non
1819 698 2008 737 negligatur
2027 700 2214 729 animarum
2233 709 2323 737 cura,
2343 700 2372 731 si

1319 741 1321 752 .

269 589 389 628 quibus
409 589 652 619 absolutionem
670 594 700 619 et
719 591 1010 621 commutationem
1028 591 1173 628 ipsorum
1191 600 1279 619 com-

268 642 447 675 mittimus,
471 642 714 680 redemptiones
742 643 807 672 voli
832 644 970 681 predicti
988 644 1080 682 juxta
1104 643 1278 673 facultates

268 704 345 725 suas
362 695 508 733 recipere
533 705 568 724 ac
586 696 723 731 hahere,
743 696 835 726 vobis
860 697 1053 726 auctoritate
1073 696 1279 734 presentium

268 748 491 785 indulgemus.
504 748 670 778 Nullietc.
689 753 798 778 nostro
815 749 1041 779 concessionis
1058 754 1119 778 etc.
1133 750 1206 778 Dat.
1222 749 1277 778 La-

269 801 385 835 terani,
403 802 447 831 VI
465 801 624 831 kalendas
641 802 815 831 februarii.
836 811 922 831 auno
939 802 1092 831 secundo.
1118 814 1130 828 »

341 966 461 995 1105

302 1027 437 1053 Testatur
455 1027 597 1053 Andrean]
616 1027 650 1053 de
670 1027 802 1054 Metiania
819 1028 846 1053 111
864 1027 1016 1054 diaconum
1035 1032 1062 1054 et
1083 1029 1108 1054 in
1127 1028 1277 1063 presbyte-

268 1084 329 1102 rum
354 1076 471 1102 statutis
495 1076 674 1110 temporibus
698 1076 860 1102 ordinatum
883 1076 983 1102 fuisse.
1010 1076 1091 1108 (Rau.
1109 1077 1158 1110 24,
1175 1077 1193 1102 s.
1216 1077 1275 1107 137,

268 1132 334 1151 ann.
352 1123 386 1154 ΙΙ,
405 1132 430 1150 c.
449 1124 505 1156 88.)

821 967 933 999 lmtran,
952 966 984 993 30
997 968 1110 1001 janvier
1128 967 1205 994 1256.

307 1238 319 1251 α
341 1226 496 1254 [fnium-sis
507 1226 623 1255 Christi
634 1226 774 1262 fidelibus
787 1231 937 1263 presentes
950 1227 1067 1255 lilleras
1081 1228 1273 1264 inspecturis.

266 1278 487 1309 Universitati
506 1283 612 1308 vestre
631 1278 783 1308 volumus
801 1288 873 1308 esse
891 1283 1015 1314 notum⁷
1037 1280 1123 1318 quod
1140 1290 1278 1311 venera-

266 1331 342 1361 bilis
362 1331 463 1360 frater
480 1335 591 1360 noster
609 1332 659 1363 0.,
680 1331 889 1361 'l'usculanus
913 1332 1101 1371 episcopus,
1120 1333 1277 1363 dilectum

265 1384 371 1413 tilium
398 1384 564 1413 Andrcam
593 1384 631 1414 de
662 1384 902 1423 Me(ve)tiania,
927 1385 1134 1423 capellanum
1165 1386 1277 1417 dilecti

264 1436 326 1466 filii
356 1437 461 1466 nostri
491 1437 547 1472 G„
578 1437 684 1467 sancti
709 1437 882 1466 Eustachii
912 1437 1042 1467 diaconi
1076 1439 1274 1473 cardinalis,

265 1490 430 1528 quondam
454 1490 693 1519 subdiaconum
718 1494 883 1526 nostrum,
903 1490 941 1520 de
965 1491 1101 1529 speciali
1122 1493 1277 1523 mandato

265 1547 377 1572 nostro
402 1543 436 1572 in
463 1543 637 1572 diaconum
664 1543 770 1580 primo
794 1547 822 1573 et
847 1543 979 1573 demum
998 1544 1031 1573 in
1054 1544 1276 1582 presbiterum

266 1596 400 1625 statutis
414 1595 617 1634 temporibus
629 1596 806 1625 ordinavit.
818 1597 855 1625 In
868 1596 962 1635 cujus
975 1597 1022 1626 rei
1036 1598 1274 1634 testimonium,

264 1649 371 1678 eidem
386 1650 424 1678 A.
442 1649 595 1679 (luximus
612 1649 672 1678 has
690 1649 820 1679 litteras
835 1650 1073 1680 concedendas.
1090 1652 1162 1681 Dat.
1183 1652 1275 1682 Late-

265 1702 348 1731 rani.
368 1703 417 1732 ΙΙΙ
435 1702 593 1732 kalendas
613 1702 786 1738 februarii,
805 1712 892 1732 anno
910 1704 1065 1733 necundo.
1087 1717 1099 1730 »

341 1874 454 1902 1100

300 1934 443 1970 Episcopo
470 1935 667 1969 Magaloncnsi
688 1936 834 1970 indulget,
854 1941 880 1962 ut
904 1938 1186 1966 archidiacouatibus
1208 1942 1273 1974 ejus

818 1874 928 1907 Lati-an,
946 1876 975 1902 31
994 1877 1106 1910 janvicr
1124 1878 1201 1904 1256.

262 1985 400 2018 singulis.
420 1985 468 2018 qui
485 1989 543 2010 tres
563 1985 706 2013 existunt.
725 1993 847 2018 quorum
869 1990 964 2013 autem
982 1987 1093 2013 tructus
1108 1988 1271 2021 quindecim

261 2033 348 2059 libras
364 2033 576 2059 'l'urouensium
594 2034 667 2059 inter
683 2042 784 2060 omncs
799 2036 843 2060 vix
859 2036 1013 2069 attingunt,
1033 2037 1163 2070 singulas
1179 2039 1272 2064 cccle-

261 2083 320 2107 sias
342 2081 375 2107 ad
398 2082 555 2116 capitulum
577 2086 742 2115 spectantes
766 2085 846 2109 unire
871 2084 972 2111 valeat.
998 2084 1080 2115 tuno.
1100 2085 1150 2118 ⁴24,
1174 2086 1192 2112 t'.
1212 2086 1272 2121 137,

261 2139 326 2156 ann.
346 2130 381 2162 11,
399 2139 424 2156 c.
444 2130 499 2163 89.)

303 2244 315 2258 «
383 2233 516 2270 episcopo
530 2233 748 2270 Mayalonensi.
770 2233 907 2264 Sincera
923 2234 1052 2265 devotio
1069 2245 1133 2274 qua
1145 2254 1193 2266 —-.
1209 2238 1272 2267 Ex-

262 2284 368 2314 hibita
391 2285 555 2323 siquidem
579 2294 687 2315 coram
715 2285 810 2315 nohis
834 2291 886 2316 tue
910 2287 1131 2318 fraternitatis
1156 2290 1272 2327 petitio

261 2337 467 2372 continebat,
487 2337 573 2375 quod
596 2337 823 2368 archidiaconi
846 2340 1093 2377 Magalonensis
1115 2342 1269 2378 ecclesie,

260 2389 387 2419 ordinis
405 2390 511 2419 sancti
526 2390 718 2428 Augustini,
737 2391 794 2429 qui
811 2396 877 2421 tres
895 2392 1050 2429 existunt,
1068 2403 1202 2425 suorum
1217 2405 1271 2426 ra-

260 2441 349 2471 tione
360 2441 689 2472 archidiaconatuum
700 2442 787 2473 ultra
795 2444 1270 2481 quindecimlibrasTuronen-

260 2495 348 2524 sium
359 2495 446 2525 inter
462 2504 576 2525 omnes
590 2496 656 2525 nisi
670 2496 858 2534 percipiunt
870 2499 1043 2528 annuatim
1057 2501 1114 2530 sed
1128 2510 1268 2540 semper,

260 2547 391 2586 alieque
413 2548 637 2586 parrochiales
661 2549 799 2579 ecclesie
823 2550 863 2579 ad
884 2551 1119 2588 Magalonense
1142 2555 1270 2593 capitu-

260 2600 327 2630 lum
345 2600 561 2639 pertinentes.
577 2601 668 2639 juxta
686 2602 930 2640 beneplacitum
944 2605 1088 2644 episcopi
1103 2611 1133 2636 et
1152 2616 1269 2646 prepo-

260 2652 317 2681 siti
339 2652 627 2690 Magalonensium
650 2654 863 2684 existentium
882 2665 940 2694 pro
961 2661 1121 2696 ternpore.
1143 2660 1269 2691 eisdem

260 2705 505 2735 archidiaconis
523 2706 738 2743 assignantur
754 2716 828 2736 cuin
848 2708 971 2739 eisdem
989 2710 1269 2744 archidiaconati-

260 2759 320 2788 bus
339 2759 522 2788 retinende.
541 2759 608 2788 Nos
628 2759 756 2803 itas-Ine,
776 2761 841 2790 tuis
858 2762 1011 2799 precibus
1032 2764 1201 2801 inclinati,
1227 2776 1267 2797 ne

260 2811 504 2841 archidiaconis
530 2811 612 2849 ipsis
638 2821 674 2841 ex
700 2812 889 2852 hujusmodi
913 2815 1129 2846 ecclesiarum
1154 2828 1267 2850 curam

262 2864 454 2893 habentium
472 2864 658 2894 animarum
675 2865 863 2895 detentione
884 2867 1007 2906 absque
1025 2869 1119 2899 Sedis
1137 2877 1267 2909 aposto-

258 2917 321 2946 lice
341 2916 475 2946 licentia
492 2917 628 2954 speciali
645 2917 755 2956 aliqua
773 2919 964 2956 cupiditatis
979 2921 1028 2951 vel
1045 2923 1183 2954 avaritie
1200 2934 1266 2956 ma-

1363 326 1436 355 cula
1454 326 1668 365 impingatur.
1688 334 1744 359 aut
1762 338 1845 367 pena
1867 330 2026 359 canonica
2048 331 2152 368 possit
2171 331 2289 369 infligi,
2312 333 2373 362 tibi

1363 383 1393 408 et
1410 379 1558 417 ejusdem
1579 381 1717 411 ecclesie
1736 382 1965 419 Magalonensi
1987 384 2153 421 preposito
2174 385 2373 415 annectendi

1363 432 1486 462 eisdem
1501 432 1827 464 archidiaconalibus
1841 435 1984 477 singulis
1999 436 2149 473 singulas
2161 437 2319 468 ecclesias
2333 438 2374 468 ad

1362 485 1544 523 capitulum
1561 491 1747 524 spectantes
1762 488 1938 525 prefatum,
1955 492 1985 518 et
2002 493 2159 526 perpetuo
2173 490 2323 525 uniendi,
2341 494 2373 520 et

1362 538 1580 576 compellendi
1595 539 1868 575 contradictores,
1888 541 1915 570 si
1934 541 1990 579 qui
2007 541 2147 576 suerint,
2168 546 2263 580 prout
2280 543 2372 573 vobis

1362 759 1434 780 eam
1449 750 1571 780 habent
1587 751 1738 781 fortassis
1755 760 1929 787 annexam,
1945 756 1976 782 et.
1990 752 2098 783 cultus
2116 753 2247 784 debitus
2263 753 2373 784 nulla-

1362 808 1460 833 tenus
1478 804 1658 834 minuatur.
1679 805 1752 834 Dat.
1772 805 1943 839 Laterani,
1963 806 1994 835 II
2017 805 2176 836 kalendas
2193 806 2370 842 februarii,

1363 866 1449 888 anno
1466 858 1620 887 secundo.
1646 871 1658 884 υ

1435 1037 1548 1066 1107

1397 1099 1525 1126 Fratrem
1553 1099 1770 1126 Benevenutum
1782 1122 1788 1132 ,
1815 1103 1885 1126 tune
1911 1100 2099 1126 camerarium
2125 1099 2296 1134 O[ctavianil
2309 1120 2316 1133 ,
2340 1098 2372 1126 S.

1361 1147 1466 1175 Mariae
1483 1149 1510 1175 in
1528 1148 1582 1174 Via
1598 1148 1665 1174 Lata
1680 1148 1793 1175 diaconi
1810 1148 1974 1180 cardinalis,
1987 1148 2164 1183 apostolicae
2180 1147 2266 1174 Sedis
2276 1148 2372 1182 legati,

1360 1197 1501 1223 ecclesiae
1517 1197 1672 1224 Gaietanae
1688 1198 1722 1224 ab
1739 1198 1840 1224 eodem
1856 1197 1999 1224 cardinale
2014 1197 2042 1224 in
2058 1198 2228 1232 episcopum
2244 1197 2375 1231 praetec—

1360 1249 1420 1271 tum
1437 1246 1598 1273 confirmat.
1615 1245 1696 1280 (Rso.
1715 1246 1757 1277 ⁶24,
1776 1247 1794 1272 s.
1814 1247 1874 1278 137,
1890 1255 1957 1272 ann.
1975 1246 2013 1277 ΙΙ,
2030 1254 2056 1273 8.
2073 1246 2128 1278 90.)

1916 1037 2030 1070 Latran,
2047 1038 2078 1064 31
2093 1038 2206 1073 janvier
2224 1037 2302 1065 ¹256.

1402 1360 1414 1374 α
1449 1348 1554 1377 Fratri
1583 1348 1782 1383 Benevenuzo,
1815 1349 1902 1377 electo
1933 1348 2087 1377 Caietano.
2121 1347 2205 1378 Cum
2232 1347 2374 1378 dilectus

1359 1400 1449 1431 filius
1472 1418 1521 1429 —.
1544 1401 1617 1430 Dat.
1643 1401 1816 1435 Laterani,
1843 1401 1874 1431 II
1897 1400 2056 1431 kalendas
2079 1400 2260 1436 februarii,
2285 1408 2372 1430 anno

1360 1452 1515 1484 secundo.
1539 1466 1551 1479 »

1432 1624 1550 1652 1108

1393 1685 1524 1721 Capitulo
1542 1686 1680 1713 Gaietano
1698 1686 1821 1718 mandat,
1836 1690 1866 1712 ut
1877 1686 1968 1712 eidem
1982 1685 2169 1713 Benevenuto
2178 1685 2370 1713 obedientiam

1357 1740 1385 1762 et
1401 1735 1590 1762 reverentiam
1610 1735 1735 1762 debitam
1756 1735 1933 1770 impendant.
1951 1735 2035 1768 (nso.
2057 1735 2106 1769 ⁶24,
2125 1736 2143 1762 f.
2162 1734 2224 1766 137.
2243 1743 2309 1763 ann.
2326 1734 2369 1770 11,

1356 1791 1382 1811 8.
1400 1784 1469 1816 902.)

1914 1623 2028 1655 Latran,
2046 1624 2075 1650 31
2091 1624 2205 1659 janvier
2222 1623 2300 1651 1256.

1398 1898 1410 1912 «
1430 1886 1583 1923 [Capitulo
1600 1886 1766 1923 Gaietano}
1791 1885 1874 1916 Cum
1893 1885 2033 1915 dilectus
2058 1885 2147 1916 filius
2169 1902 2218 1914 -.
2240 1886 2314 1916 Dat.
2333 1890 2370 1915 ut

1356 1947 1465 1976 supra.
1487 1950 1499 1964 1>

1391 2044 1422 2070 ln
1439 2053 1462 2070 e.
1483 2053 1519 2070 m.
1538 2044 1614 2070 clero
1630 2043 1757 2070 civitatis
1772 2047 1800 2070 et
1815 2043 1941 2070 diocesis
1957 2043 2174 2070 Gaietanarum.

1390 2093 1422 2119 In
1439 2102 1464 2118 8.
1483 2102 1520 2120 111.
1538 2093 1643 2127 populo
1663 2092 1789 2118 civitatis
1812 2095 1841 2118 et
1866 2092 1993 2118 diocesis
2016 2091 2220 2118 Gaietanarum
2246 2099 2338 2126 usque
2362 2101 2368 2117 :

1354 2141 1565 2176 suscipientes,
1589 2142 1653 2175 ejus
1677 2141 1794 2167 monitis
1816 2144 1845 2167 et
1867 2140 2010 2167 mandatis
2036 2140 2202 2167 salubribus
2223 2139 2370 2167 humiliter

1355 2190 1522 2217 intendatis.
1540 2190 1605 2217 Dat.
1623 2195 1653 2216 ut
1670 2198 1767 2225 supra.

1428 2364 1544 2393 1109

1389 2425 1480 2452 Priori
1494 2429 1521 2452 et
1537 2427 1715 2460 procuratori
1728 2430 1891 2452 conventus
1904 2425 2044 2452 ecclesiae
2056 2424 2286 2459 wintoniensis,
2296 2433 2366 2452 cau-

1353 2483 1414 2501 sam
1431 2475 1505 2501 inter
1519 2477 1694 2501 conventum
1711 2479 1738 2500 et
1754 2474 1877 2501 electum
1893 2473 2131 2501 Wintoniensem
2150 2474 2179 2501 in
2195 2473 2282 2501 Curia
2297 2482 2365 2509 pro-

1352 2523 1553 2558 sequentibus,
1565 2523 1698 2550 concedit
1714 2523 1877 2550 facultatem
1893 2523 2081 2550 contrahendi
2098 2526 2231 2550 mutuum
2247 2526 2364 2559 propter

1351 2572 1406 2599 hoc
1423 2580 1515 2606 usque
1531 2571 1564 2598 ad
1581 2580 1724 2598 summam
1739 2576 1855 2598 centum
1873 2580 2032 2598 marcarum
2050 2571 2163 2606 argenti
2178 2575 2207 2598 et
2222 2571 2363 2598 ecclesiae

1351 2629 1450 2647 eorum
1468 2628 1606 2655 personas
1629 2625 1657 2647 et
1672 2620 1746 2647 bona
1767 2620 1923 2655 obligandi.
1942 2620 2024 2653 (Rau.
2042 2620 2092 2654 24,
2110 2620 2129 2646 f.
2147 2619 2211 2650 137,
2229 2627 2296 2647 ann.
2318 2619 2361 2650 11,

1351 2677 1377 2696 8.
1394 2669 1450 2702 91.)

1907 2363 2020 2395 Lati-an,
2037 2363 2071 2390 26
2085 2363 2198 2398 janvier
2215 2363 2294 2390 1256.

1392 2783 1405 2797 α
1438 2772 1544 2800 Fratri
1575 2772 1735 2801 Guillelmo
1765 2772 1799 2800 de
1827 2772 1975 2806 Tantone,
2009 2769 2165 2809 capellano
2195 2775 2298 2800 nostro
2325 2793 2358 2806 ..,

1345 2824 1458 2860 priori,
1476 2829 1501 2853 et
1518 2824 1688 2858 Guillelmo,
1706 2825 1905 2862 procuratori-
1918 2824 2049 2861 ejusdem
2062 2825 2181 2861 prioris
2193 2828 2219 2853 et
2233 2832 2360 2853 conven-

1350 2881 1397 2905 tus
1410 2877 1528 2906 ecclesie
1547 2878 1774 2906 ll'intoniensis.
1787 2877 1870 2907 Cum
1884 2877 1970 2906 sicut
1981 2876 2015 2905 in
2032 2893 2080 2905 —-.
2097 2877 2172 2906 Dat.
2191 2876 2358 2911 Laterani,

1348 2929 1411 2959 VII
1429 2928 1587 2959 kalendas
1605 2929 1777 2963 februarii,
1798 2938 1885 2959 anno
1901 2929 2057 2959 secundo.
2078 2941 2090 2955 r>
