2498 3325
187 232 242 260 ‘27²3
914 235 1152 266 REGISTRES
1174 234 1481 269 D'ALEXANDRE
1504 241 1560 270 IV.

186 297 386 335 suscipimus
405 302 465 327 etc.
481 307 585 337 usque
603 309 608 327 ε
624 300 878 330 communimus.
894 300 986 330 Nulli
1003 305 1064 330 etc.
1083 305 1194 331 nostre

183 350 398 387 protectionis
415 355 476 380 etc.
494 351 567 380 Dat.
582 352 744 389 Anagnie,
760 354 809 382 111
819 361 923 383 nonas
937 353 1090 389 octobris,
1107 363 1193 384 anno

184 402 302 440 primo.
323 416 335 430 »

252 587 339 615 836

216 646 548 683 Excommunicationis,
566 651 770 686 suspensionis
797 652 839 678 vel
864 652 1008 679 interdicti
1030 654 1190 680 sententias

179 700 280 723 contra
297 696 521 725 Univcrsitatem
539 699 760 726 Salamantinam
773 722 779 732 ,
795 701 905 735 absque
921 701 1039 736 speciali
1057 702 1189 728 mandato

179 744 263 771 Sedis
288 746 463 779 apostolicae
495 747 706 782 promulgatas,
735 748 835 775 inanes
862 749 998 776 declarat.
1027 750 1111 783 (Rae.
1138 751 1187 783 24,

177 802 203 820 c.
221 794 280 824 665,
299 794 318 820 s.
337 794 391 825 99.)

661 590 790 624 Anagni,
807 590 840 616 2‘2
857 591 1022 625 septembre
1039 591 1118 618 1255.

221 908 233 921 κ
261 896 461 925 If'nicersitati
480 899 701 935 magistrorum
725 904 750 927 et
767 900 935 929 scolarium
951 900 1187 930 Salanzantino-

176 958 260 977 rum.
279 949 352 978 Non
370 949 461 978 decet
478 959 537 980 nos
554 950 646 980 vobis
664 951 880 989 apostolicum
902 961 1022 990 negare
1039 953 1187 983 favorem

177 1009 275 1039 quem
293 1001 388 1030 nobis
407 1002 526 1032 vestris
546 1003 706 1033 videmini
723 1004 851 1034 meritis
868 1014 1075 1043 comparare,
1094 1006 1183 1041 dum,

176 1053 293 1083 dantes
315 1062 449 1092 operam
473 1056 636 1093 sapientie
659 1066 722 1095 que
744 1056 925 1094 plurimum
948 1067 1005 1088 vos
1027 1058 1182 1094 delectat,

175 1111 286 1136 nostre
300 1116 355 1135 vos
370 1108 475 1143 gratie
492 1109 661 1146 cooptatis.
682 1110 768 1139 Hinc
781 1110 938 1148 estquod,
957 1111 1062 1149 quieti
1075 1116 1183 1142 vestre

174 1163 308 1196 paterne
325 1159 473 1190 volentes
485 1161 659 1199 diligentia
673 1163 856 1199 providere,
876 1164 1072 1193 auctoritate
1090 1165 1182 1194 vobis

172 1212 376 1248 presentium
402 1212 625 1250 indulgemus,
655 1219 690 1243 ut
719 1214 831 1244 nullus
856 1215 891 1244 in
920 1216 1183 1247 Universitatem

172 1264 406 1301 magistrorum
427 1265 478 1294 vel
499 1265 676 1295 scolarium
696 1275 755 1296 seu
774 1271 934 1297 rectorem
956 1268 1007 1298 vel
1024 1278 1182 1307 procura-

171 1320 275 1346 torem
303 1321 359 1346 aut
384 1326 585 1356 quemquam
611 1318 713 1348 alium
739 1328 796 1357 pro
821 1320 907 1350 facto
933 1321 984 1350 vel
1007 1321 1181 1351 occasione

171 1369 411 1400 Universitatis
428 1372 793 1409 excommunicationis,
813 1374 1044 1412 suspensionis
1061 1374 1112 1404 vel
1128 1375 1181 1404 in-

172 1423 301 1453 terdicti
332 1424 515 1454 sententias
543 1425 650 1455 valeat
676 1426 898 1464 promulgare,
929 1426 1054 1465 absque
1085 1427 1180 1457 Sedis

170 1475 347 1513 apostolice
367 1476 503 1506 licentia
520 1477 668 1515 speciali,
694 1482 739 1513 et,
763 1478 791 1508 si
814 1479 939 1509 fuerint
960 1479 1177 1517 promulgate,

168 1527 240 1565 ipso
253 1528 328 1566 jure
348 1529 414 1558 sint
430 1529 523 1559 irrite
538 1530 710 1560 etinanes.
727 1531 819 1561 Nulli
836 1536 896 1562 etc.
916 1536 1027 1563 nostre
1044 1541 1179 1563 conces-

169 1580 274 1610 sionis
292 1585 350 1611 etc.
374 1582 591 1612 Presentibus
607 1588 679 1621 post
696 1584 879 1614 triennium
896 1589 956 1614 etc.
974 1586 1048 1615 Dat.
1066 1586 1179 1623 Anag-

170 1633 234 1664 nie.
252 1634 283 1663 X
298 1634 457 1664 kalendas
473 1635 628 1672 octobris,
645 1645 731 1666 anno
748 1637 864 1675 primo.
883 1650 895 1664 »

237 1825 322 1852 832

203 1885 345 1920 Episcopo
362 1886 509 1920 Clugiensi
533 1888 660 1920 mandat,
678 1890 814 1923 quatinus
832 1889 879 1921 P..
904 1891 1007 1925 prioris
1028 1899 1052 1918 s.
1070 1892 1175 1919 Mariae

719 1827 844 1862 Anagni,
862 1829 876 1855 7
891 1829 1008 1855 octobre
1027 1830 1103 1857 1255.

165 1934 192 1960 iu
220 1934 321 1965 Portu,
338 1936 501 1961 cessionem
526 1937 658 1971 recipiat,
682 1938 707 1963 ei
728 1946 884 1972 congruam
910 1940 1102 1974 provisionem
1126 1949 1174 1968 ss-

164 1983 316 2016 siguando.
337 1983 420 2016 (REO.
438 1984 482 2017 ²24,
500 1993 525 2011 e.
543 1985 604 2018 666,
622 1986 638 2011 s.
657 1986 713 2019 99.)

206 2096 218 2110 (ι
241 2107 272 2118 .,,
291 2086 423 2122 episcopo
440 2086 605 2123 Cluyiensi.
624 2087 772 2118 Dilectus
789 2088 878 2119 filius
896 2090 944 2125 Ρ.7
962 2090 1052 2128 prior
1069 2091 1173 2122 eccle-

165 2138 212 2166 sie
233 2142 345 2167 sancte
364 2138 467 2167 Marie
487 2138 521 2167 in
539 2140 656 2174 Portu,
675 2140 715 2169 ad
733 2142 917 2171 Romanam
934 2137 1117 2173 Ecclesiam
1138 2148 1173 2174 ut

163 2190 284 2219 dicitur
304 2189 394 2219 nullo
411 2191 518 2219 medio
537 2192 753 2229 pertinentis,
772 2194 900 2224 ordinis
917 2196 1023 2225 sancti
1039 2197 1172 2234 Augus-

163 2242 236 2272 tini.
256 2243 460 2272 Ravennatis
477 2244 635 2279 diocesis,
654 2246 758 2283 quieti
778 2248 907 2285 proprie
924 2258 960 2277 ac
977 2249 1077 2279 saluti
1094 2259 1172 2279 con-

162 2295 271 2324 sulere
303 2295 440 2332 cupiens
477 2297 696 2332 subditorum,
728 2299 849 2329 humili
880 2301 974 2331 nobis
1009 2302 1172 2333 instantia

163 2348 371 2385 supplicavit,
391 2353 436 2382 nt,
455 2358 528 2377 eum
549 2350 618 2387 ipse
638 2350 796 2389 languore
815 2352 996 2383 insanabili
1016 2359 1047 2384 et
1066 2355 1171 2385 nimia

162 2400 331 2429 debilitate
356 2406 510 2437 gravatus
535 2412 599 2432 non
624 2404 765 2434 sufficiat
788 2405 979 2444 hujusmodi
1004 2408 1170 2445 prioratus

161 2462 262 2481 onera
284 2458 492 2491 supportare,
518 2464 557 2485 ne
582 2461 712 2494 propter
733 2458 803 2495 ejus
824 2459 1098 2490 insufficientiam
1119 2461 1172 2492 vel

161 2505 325 2534 desectum
347 2506 414 2543 pati
436 2507 605 2545 contingat
626 2509 665 2538 ad
682 2511 819 2540 eandem
843 2512 1017 2542 ecclesiam
1036 2514 1170 2552 dispen-

161 2558 252 2587 dium
265 2559 314 2589 vel
327 2560 467 2598 jactura,
481 2561 618 2590 cedendi
628 2562 734 2600 ipsius
748 2565 910 2601 regimine
923 2566 987 2595 sibi
999 2567 1169 2597 licentiam

161 2610 199 2638 de
219 2612 396 2649 apostolice
420 2613 514 2642 Sedis
537 2614 744 2651 providentia
767 2618 946 2648 concedere
962 2628 1164 2650 curaremus.

160 2663 228 2692 Nos
244 2664 365 2702 itaque,
385 2665 422 2694 de
439 2670 491 2695 tue
508 2666 815 2705 circumspectionis
831 2670 1022 2701 sinceritate
1036 2672 1168 2710 plenam

160 2715 193 2744 iu
219 2717 358 2746 Domino
380 2717 534 2747 fiduciam
551 2719 763 2757 obtinentes,
789 2723 985 2754 mandamus
1010 2726 1168 2763 quatinus

160 2768 344 2797 cessionem
361 2769 467 2807 ipsius
486 2771 650 2809 recipiens
666 2773 736 2802 vire
757 2779 867 2804 nostra
893 2776 931 2805 de
955 2777 1066 2817 aliqua
1091 2779 1169 2809 obe-

159 2820 284 2850 dientia
308 2821 358 2851 vel
379 2822 417 2852 de
437 2824 651 2860 proventibus
671 2826 818 2864 ejusdem
839 2828 993 2864 ecclesie,
1015 2831 1168 2862 conside-

159 2873 240 2900 ratis
260 2873 364 2911 ipsius
382 2875 608 2912 facultatilms,
627 2878 755 2908 meritis
773 2883 803 2908 et
819 2881 1008 2913 conditione
1025 2892 1165 2920 persone

1277 311 1340 339 que
1357 302 1391 332 in
1411 304 1524 335 cadem
1542 307 1681 337 ecclesia
1695 307 1909 340 laudabiliter
1924 311 2046 341 dicitur
2062 312 2284 350 ministrasse,

1277 363 1455 392 congruam
1477 357 1542 386 sibi
1566 359 1790 396 provisionem
1813 362 1980 400 assignes,
1998 363 2037 393 de
2058 373 2122 402 qua
2141 374 2286 404 congrue

1276 415 1312 436 ac
1324 406 1462 439 honeste
1474 411 1581 448 quoad
1591 411 1709 442 vixerit
1721 412 1828 443 valeat
1840 415 2031 445 sustentari.
2047 416 2120 446 Non
2133 417 2284 448 obstante

1275 459 1303 489 si
1332 460 1439 490 eidem
1464 462 1603 493 ecclesie
1619 464 1662 494 sit
1685 465 1863 502 indultum,
1887 467 1973 505 quod
1996 468 2036 498 ad
2059 469 2285 506 provisionem

1275 514 1416 554 alicujus
1441 522 1583 555 nequeat
1604 519 1757 548 coartari.
1780 519 2056 551 Contradictores.
2081 522 2154 551 Dat.
2172 523 2286 561 Anag-

1275 567 1340 602 nie,
1359 568 1456 598 nonis
1473 569 1627 604 octobris,
1646 579 1734 600 anno
1751 571 1869 610 primo.
1890 584 1902 598 n

1342 766 1430 794 838

1306 828 1448 864 Episcopo
1466 829 1607 858 Mindensi
1625 831 1751 862 mandat,
1771 836 1801 858 ut
1816 833 1986 860 confirmare
2005 838 2140 868 procuret
2154 834 2284 862 Tbemo-

1271 886 1333 904 nem
1351 879 1516 905 monasterii
1531 879 1728 911 Corbeiensis,
1740 880 1851 906 ordinis
1863 889 1888 907 s.
1903 880 2062 915 Benedicti,
2077 881 2283 911 padeburnen-

1269 927 1311 953 sis
1321 926 1457 956 diocesis.
1471 928 1612 958 abbatem,
1625 937 1640 954 a
1653 929 1756 963 priore,
1770 930 1936 964 praeposito
1948 934 1976 957 et
1988 935 2132 958 conventu
2145 932 2279 965 electum,

1269 975 1376 1002 faciens
1393 976 1485 1002 eidem
1507 977 1698 1004 obedientiam
1722 979 1853 1005 exhiberi
1876 983 1904 1005 et
1928 983 2100 1012 recepturus
2119 980 2154 1007 ab
2174 989 2208 1007 eo
2229 989 2280 1016 pro

1269 1025 1402 1059 pontifice
1418 1025 1562 1052 fidelitatis
1578 1026 1678 1053 solitae
1691 1028 1902 1061 juramentum.
1918 1028 2002 1060 (Rzo.
2019 1028 2064 1060 Ἡ,
2076 1036 2102 1056 c.
2114 1028 2177 1064 667,
2189 1030 2208 1056 s.
2221 1029 2276 1062 99.)

1758 769 1884 804 Anagni,
1903 770 1933 796 17
1951 770 2116 805 septembre
2133 772 2211 799 1255.

1308 1145 1321 1159 ‹<
1393 1135 1528 1172 episcopo
1545 1135 1708 1164 Mindensi.
1727 1135 1882 1165 Exhibita
1901 1136 1997 1166 nobis
2013 1136 2210 1167 dilectorum
2225 1155 2275 1166 —.

1266 1186 1337 1215 Dat.
1356 1186 1519 1223 Anagnie,
1534 1187 1595 1216 XV
1610 1187 1770 1218 kalendas
1785 1188 1940 1223 octobris,
1959 1197 2046 1218 anno
2062 1189 2180 1227 primo.
2199 1202 2213 1216 »

1334 1383 1421 1412 839
1746 1384 1877 1418 Anagni,
1895 1384 1928 1412 30
1944 1385 2107 1419 septembre
2123 1385 2201 1413 1255.

1300 1446 1454 1477 Richardo,
1470 1446 1565 1473 abbati
1582 1447 1749 1473 monasterii
1766 1447 1874 1474 Montis
1885 1447 1916 1474 S.
1929 1447 2079 1474 Michaelis
2093 1447 2128 1474 de
2142 1447 2274 1476 Periculo

1264 1497 1365 1529 maris,
1383 1495 1515 1522 concedit
1536 1496 1699 1522 facultatem
1724 1495 1882 1526 retinendi,
1899 1496 1934 1522 ad
1958 1504 2060 1523 manus
2079 1497 2162 1532 ejus,
2178 1497 2273 1531 quoad

1262 1544 1375 1577 vixerit,
1392 1552 1480 1570 unum
1491 1544 1526 1570 de
1543 1544 1715 1578 prioratibus
1727 1545 1904 1573 monasterii.
1918 1544 2000 1575 (Rea.
2012 1544 2056 1576 24.
2068 1553 2094 1572 c.
2107 1545 2168 1578 668,
2181 1546 2201 1572 f.
2214 1545 2273 1580 99.)

1303 1665 1316 1680 «
1338 1653 1520 1687 Ilico-hardo,
1544 1654 1646 1682 abbati
1663 1654 1846 1683 monasterii
1863 1654 1972 1683 Montis
1994 1654 2102 1684 Sancti
2116 1655 2274 1684 Michaelis

1261 1707 1294 1735 de
1319 1707 1458 1736 Pericula
1482 1707 1591 1741 maris,
1619 1706 1739 1735 ordinis
1761 1707 1862 1736 sancti
1883 1707 2047 1750 Benedicti,
2076 1707 2273 1737 Abrinccnsis

1260 1760 1395 1788 diocesis.
1414 1758 1572 1788 Volentes
1594 1763 1649 1788 tua
1670 1763 1701 1788 et
1722 1758 1919 1789 monasterii
1940 1759 1988 1788 tui
2004 1759 2199 1797 gravamina
2212 1769 2282 1798 pa-,

1259 1816 1354 1841 terna
1380 1811 1554 1848 diligentia
1582 1811 1742 1847 relevare,
1771 1811 1939 1841 retinendi
1967 1812 2008 1841 ad
2036 1820 2156 1842 manus
2183 1816 2269 1848 tuas,

1259 1863 1367 1902 quoad
1381 1863 1505 1893 vixeris
1526 1867 1557 1893 et
1573 1864 1814 1893 monasterium
1830 1863 1936 1893 sancti
1955 1863 2128 1894 Michaelis
2149 1864 2188 1894 de
2205 1865 2270 1894 Pe-

1258 1916 1362 1945 riculo
1373 1916 1487 1951 maris,
1503 1916 1630 1945 ordinis
1643 1917 1748 1946 sancti
1763 1916 1949 1951 Benedicti,
1967 1916 2186 1946 Abrincensis
2203 1917 2270 1947 dio-

1257 1968 1354 2003 cesis,
1372 1968 1549 2006 prefueris,
1567 1977 1672 1998 unum
1690 1968 1728 1998 de
1744 1968 1948 2006 prioratibus
1965 1969 2167 1998 monasterio
2184 1969 2269 2008 ejus-

1257 2021 1330 2051 dem
1376 2021 1535 2059 subjectis
1573 2030 1609 2050 ac
1645 2021 1875 2059 compescendi
1913 2021 2172 2051 contradictores
2211 2030 2270 2059 per

1256 2083 1432 2104 censuram
1448 2074 1718 2110 ecclesiasticam,
1737 2083 1802 2104 non
1818 2074 1970 2104 obstante
1988 2074 2016 2104 si
2030 2074 2078 2104 eis
2095 2075 2182 2113 quod
2198 2083 2268 2105 sus-

1255 2127 1372 2165 pendi,
1403 2127 1683 2157 excommunicari
1710 2127 1761 2157 vel
1788 2127 1945 2156 interdici
1974 2136 2039 2156 non
2067 2127 2200 2157 valeant
2225 2127 2267 2158 ab

1256 2179 1436 2218 apostolica
1450 2180 1533 2210 Sede
1550 2189 1743 2210 concessum
1761 2180 1814 2214 sit,
1829 2180 1961 2218 plenam
1979 2180 2040 2209 tibi
2053 2180 2266 2210 concedimus

1256 2234 1451 2263 auctoritate
1472 2233 1678 2270 presentium
1704 2233 1911 2268 facultatem,
1939 2233 2070 2271 proviso
2096 2237 2206 2264 tamen
2229 2238 2267 2264 ut

1255 2286 1361 2316 eidem
1389 2286 1550 2324 prioratui
1576 2285 1687 2316 taliter
1713 2286 1816 2315 facias
1842 2286 2003 2316 deserviri
2028 2286 2116 2324 quod
2141 2286 2266 2317 divinis

1254 2339 1425 2378 obsequiis
1440 2348 1505 2368 non
1517 2339 1701 2368 fraudetur.
1719 2339 1813 2368 Nulli
1829 2343 1890 2368 etc.
1908 2343 2021 2368 nostre
2039 2339 2266 2370 concessionis

1254 2396 1315 2421 etc.
1334 2393 1406 2421 Dat.
1425 2391 1587 2429 Anagnie,
1607 2393 1637 2421 II
1655 2391 1814 2422 kalendas
1830 2391 1990 2426 octobris,
2009 2400 2096 2421 anno
2111 2392 2228 2430 prim‘o.
2248 2404 2262 2419 n

1324 2586 1413 2614 840
1736 2586 1860 2620 Anagni,
1878 2586 1912 2614 30
1930 2585 2094 2620 septembre
2114 2585 2190 2612 1255.

1288 2648 1461 2675 Abbatissae
1476 2652 1504 2674 et
1519 2649 1674 2675 conventui
1692 2649 1858 2675 monasterii
1875 2647 2004 2674 Coronae
2018 2655 2043 2674 s.
2062 2647 2179 2681 Mariae,
2196 2647 2263 2683 Spi-

1253 2697 1346 2723 rensis
1361 2696 1497 2730 diocesis,
1513 2697 1620 2731 quibus
1640 2697 1816 2731 1l1e1n·icus],
1833 2697 1961 2727 electus,
1977 2700 2007 2722 et
2021 2696 2178 2730 capitulum
2195 2695 2262 2730 Spi-

1253 2754 1352 2772 renses
1371 2750 1586 2779 concesserant,
1607 2749 1646 2780 ut,
1670 2750 1786 2781 propter
1803 2746 1946 2772 desectum
1970 2753 2064 2772 rerum
2088 2746 2259 2771 naturalium

1251 2794 1390 2820 ecclesiae
1406 2794 1440 2820 dc
1457 2794 1598 2820 Haselach
1611 2794 1759 2829 Spirensis
1770 2794 1906 2824 diocesis,
1920 2794 1947 2820 in
1962 2802 2018 2827 qua
2030 2795 2080 2827 jus
2092 2796 2261 2828 patronatus

1250 2843 1337 2868 habet
1351 2847 1522 2875 conventus,
1540 2843 1660 2869 cedente
1675 2843 1720 2869 vel
1731 2843 1887 2869 decedente
1904 2842 1997 2876 ipsius
2009 2845 2129 2874 rectore,
2147 2842 2261 2876 possint

1251 2893 1464 2926 possessionem
1481 2892 1523 2918 eis
1539 2892 1713 2927 irrequisitis
1730 2890 1841 2926 ingredi
1856 2894 1884 2917 et
1900 2891 1975 2917 illam
1993 2891 2020 2917 in
2037 2898 2109 2917 usus
2125 2890 2258 2925 proprios
