2498 3325
949 263 1179 301 DEUXIEME
1201 263 1360 299 ANNEE.

108 342 229 373 editam
247 350 345 379 super
361 341 548 370 irritatione
571 340 799 378 receptionum
821 346 934 367 eorum
955 336 1013 375 qui
1030 335 1118 365 ultra

108 398 248 433 quatuor
270 394 304 422 in
328 393 477 423 ecclesiis
501 392 624 431 recepti
647 395 741 426 sunt,
768 391 875 420 dictus
897 391 925 420 J.
951 399 969 419 a
990 389 1118 427 prefata

109 446 248 476 ecclesia
271 445 314 475 sit
337 445 490 475 exclusus
512 448 623 482 utpote
641 444 698 482 qui
716 444 754 473 de
773 443 870 472 dictis
891 445 1032 480 quatuor
1052 449 1118 469 non

110 499 232 533 existit,
255 497 476 527 nihilominus
494 502 603 527 tamen
623 506 721 534 super
736 500 828 534 parte
846 495 994 532 ipsorum
1008 493 1118 523 reddi-

111 556 203 581 tuum
222 551 418 580 canonicum
434 550 587 580 molestat
603 549 755 579 eundem.
774 549 881 584 Quare
899 547 994 576 nobis
1006 545 1118 575 hurni-

110 603 186 633 liter
205 602 417 641 supplicavit,
435 606 469 631 ut
493 602 664 640 providere
691 600 755 630 sibi
778 609 876 638 super
899 599 959 628 hoc
982 602 1119 636 paterna

111 655 285 693 diligentia
308 664 511 685 curaremus.
529 655 611 685 Cum
632 654 745 691 igitur,
763 658 937 691 postquam
959 651 1066 681 dictus
1086 652 1116 681 J.

112 708 209 738 desiit
227 717 299 738 esse
315 708 505 742 canonicus,
523 707 697 744 indignum
712 706 829 735 existat
844 709 878 734 ut
893 705 981 734 idem
994 704 1032 733 G.
1049 713 1118 741 par-

113 764 178 790 tem
199 760 420 798 predictorum
448 760 637 789 reddituum
662 758 826 796 persolvat
849 757 968 793 eidem,
995 756 1120 786 discre-

113 813 195 843 tioni
221 817 274 842 tue
298 822 355 850 per
378 812 555 850 apostolica
581 811 703 849 scripta
725 810 936 844 mandamus,
961 809 1118 848 quatinus

111 865 294 903 predictum
309 865 347 894 G.
361 864 402 893 ad
415 864 614 893 solutionem
627 864 775 901 ipsorum
792 862 980 891 reddituum
996 861 1119 890 facien-

111 918 186 946 dam
201 917 288 946 dicto
303 918 334 947 J.
355 916 548 946 auctoritate
566 919 677 945 nostra
694 914 901 944 denuncians
918 922 983 943 non
1000 913 1117 947 teneri,

110 971 219 1008 ipsum
234 971 278 1003 «1.,
294 974 328 999 ut
346 969 386 999 ab
402 968 593 1007 hujusmodi
606 968 754 997 indebita
768 966 999 996 molestatione
1013 965 1119 995 desis-

112 1026 172 1057 tat,
194 1022 375 1052 monitione
394 1022 557 1060 premissa
578 1030 636 1059 per
658 1029 834 1050 censuram
859 1019 1119 1049 ecclesiasticam

111 1074 331 1113 appellatione
347 1078 472 1104 remota
488 1073 676 1111 compellas.
694 1073 768 1102 Dat.
782 1071 949 1107 Laterani,
963 1071 1060 1101 nonis
1074 1071 1118 1101 fe-

110 1127 249 1161 bruarii,
269 1136 355 1156 anno
372 1126 525 1156 secundo,
548 1138 560 1152 »

186 1289 306 1317 112⁶

150 1350 305 1385 Stephano,
328 1351 432 1376 rectori
447 1351 586 1377 ecelesiae
602 1359 626 1376 s.
644 1350 785 1377 Jobannis
801 1351 835 1377 de
851 1350 1009 1381 Bellavilla‚
1027 1350 1121 1376 Lexo-

115 1399 223 1425 viensis
236 1398 371 1429 diocesis,
389 1399 533 1432 indulget,
550 1402 578 1424 ut
597 1399 723 1433 recipere
742 1399 831 1425 valeat
848 1407 932 1425 unani
950 1399 1122 1433 capellania-

115 1455 192 1477 rum,
211 1456 282 1480 quas
305 1447 431 1473 decanus
456 1447 642 1473 Lexovicnsis
665 1447 806 1474 ordinavit
830 1448 857 1473 in
883 1448 1005 1474 ecclesia
1028 1447 1122 1473 Lexo-

115 1495 205 1521 viensi
226 1499 254 1521 et
278 1496 303 1521 in
326 1496 432 1529 capella
449 1495 477 1521 S.
501 1495 606 1522 Ebrulfi
629 1496 697 1522 dicti
721 1496 802 1522 Parvi
820 1496 854 1522 de
870 1497 935 1523 villa
953 1496 982 1523 S.
1002 1495 1120 1522 Ebrnlfi.

114 1543 197 1576 (aaa.
214 1543 258 1575 24,
280 1544 297 1569 f.
319 1543 376 1575 139,
394 1552 459 1570 ann.
477 1543 515 1574 ΙΙ,
533 1552 558 1570 c.
582 1545 650 1576 ΗΠ.)

660 1288 776 1320 Lati-an,
797 1289 834 1315 16·-
850 1288 954 1315 fevrier
972 1288 1048 1314 1256.

156 1658 168 1671 «
187 1645 348 1682 Stephano,
368 1646 478 1673 rectori
496 1646 613 1673 ecclesie
623 1646 724 1674 sancti
738 1645 889 1674 Johannis
903 1646 936 1673 de
949 1646 1120 1681 Bellavilla,

114 1698 302 1726 Lemniensis
318 1697 452 1725 diocesis.
470 1697 664 1726 Devotionis
679 1701 709 1726 et
725 1697 899 1735 probitatis
910 1715 959 1726 —.
974 1698 1059 1728 Sane
1070 1707 1123 1736 pe-

115 1749 187 1779 titio
204 1753 259 1778 tua
275 1749 370 1778 nohis
387 1749 534 1787 exposita
551 1749 752 1784 continebat,
772 1750 858 1788 quod
877 1749 1017 1779 dilectus
1034 1750 1123 1780 filius

116 1825 147 1837 ..,
167 1801 311 1831 decanus
334 1801 563 1836 Lexoviensis,
584 1801 619 1830 in
642 1801 770 1831 duobus
787 1801 964 1837 altaribus,
983 1811 1124 1841 quorum

115 1863 217 1884 unum
243 1858 291 1883 est
316 1853 350 1882 in
380 1853 520 1883 ecclesia
548 1854 745 1883 Lexoviensi
770 1859 801 1884 et
833 1854 974 1884 alterum
1004 1855 1039 1884 in
1069 1865 1124 1885 ca-

113 1906 199 1945 pella
216 1906 328 1936 Sancti
344 1905 469 1935 Ebrulfi
486 1906 564 1935 dicti
582 1906 698 1940 Parvi,
716 1906 754 1935 de
771 1906 850 1936 villa
867 1907 979 1937 Sancti
997 1907 1120 1942 Ehulfi,

114 1958 328 1989 Lexoviensis
351 1958 510 1993 diocesis,
539 1958 578 1988 de
600 1967 740 1988 assensu
764 1959 926 1997 episcopi,
955 1959 994 1988 ad
1017 1959 1122 1989 divini

113 2011 222 2041 cultus
252 2014 467 2048 augmentum
498 2011 580 2040 duas
612 2010 814 2049 capellanias
846 2011 994 2041 ordinari
1023 2012 1120 2047 fecit,

112 2064 274 2093 mandans
300 2063 335 2092 in
364 2063 412 2093 eis
440 2063 521 2093 duos
547 2068 723 2102 perpetuos
751 2063 939 2102 capellanos
967 2065 1119 2100 institui,

113 2117 212 2147 certis
242 2116 282 2146 ad
314 2115 375 2145 hoc
406 2116 592 2145 redditibus
624 2116 819 2154 assignatis,
853 2126 891 2146 ex
925 2117 1046 2155 quibus
1068 2127 1122 2147 ca-

112 2169 236 2207 pellani
268 2169 333 2207 ipsi
366 2173 522 2207 perpetuo
555 2173 784 2199 sustententur
816 2179 821 2198 :
853 2178 994 2208 quarum
1021 2179 1122 2199 unam

114 2221 290 2256 Riccardo,
316 2221 427 2259 nepoti
450 2230 525 2256 suo,
550 2221 712 2260 reliquam
738 2222 797 2251 tibi
822 2223 991 2252 mandavit
1009 2223 1043 2252 in
1063 2232 1122 2252 suo

113 2278 310 2304 testamento
327 2274 483 2303 conferri.
501 2275 568 2303 Nos
588 2274 706 2312 igitur,
732 2275 798 2304 tuis
822 2275 1122 2313 supplicationibus

114 2326 278 2361 inclinati,
298 2330 331 2355 ut
348 2335 449 2355 unam
463 2326 624 2355 dictarum
642 2326 902 2364 capellaniarum
918 2327 1021 2357 libere
1038 2328 1123 2358 reci-

114 2387 191 2417 pere
210 2388 246 2408 ac
266 2387 338 2408 eam
357 2387 431 2407 cum
453 2378 598 2416 predicta
618 2378 757 2408 ecclesia
776 2379 882 2408 sancti
900 2379 1064 2410 Johannis
1081 2380 1123 2409 li-

114 2431 178 2461 cite
198 2431 341 2461 retinere
360 2430 486 2465 valeas,
505 2431 699 2461 auctoritate
717 2431 777 2460 tihi
790 2432 996 2469 presentium
1011 2432 1123 2461 indul-

115 2492 245 2521 gemus,
274 2483 404 2520 proviso
430 2491 470 2512 ne
492 2482 639 2520 predicta
662 2483 802 2513 ecclesia
827 2485 932 2514 sancti
957 2484 1122 2515 Johannis

116 2536 236 2566 debitis
254 2535 467 2565 defraudetur
486 2535 656 2573 obsequiis
673 2539 703 2565 et
721 2536 907 2565 animarum
927 2546 1006 2567 cura
1023 2537 1057 2566 in
1075 2537 1122 2567 eis

116 2589 306 2619 nullatenus
318 2588 514 2626 negligatur.
526 2588 619 2617 Nulli
631 2592 691 2618 etc.
704 2593 814 2619 nostre
824 2590 1050 2620 concessionis
1060 2594 1121 2620 etc.

115 2644 188 2672 Dat.
207 2642 373 2676 Laterani,
392 2641 544 2670 kalendis
561 2641 733 2676 februarii,
753 2650 839 2671 anno
856 2643 1009 2672 secundo.
1032 2656 1044 2669 »

191 2806 311 2834 112ἵ

152 2867 294 2902 Episcopo
317 2870 345 2892 ct
368 2866 493 2900 capitulo
518 2865 716 2891 ltossensibus
739 2866 876 2899 quasdam
896 2867 1090 2894 ordinationes
1109 2877 1124 2894 a

687 2804 803 2838 Latran,
820 2805 835 2832 9
852 2805 957 2832 sevi-iet·
974 2806 1051 2833 1256.

117 2916 215 2942 beatae
235 2915 388 2941 memoriae
405 2914 546 2947 stubei-to,
564 2914 700 2948 episcopo
725 2913 879 2945 ltossensn
902 2917 1123 2950 praedecessore

241 2975 463 3000 ALEXANDRE
482 2975 532 3005 IV,
552 2977 570 2998 t.
590 2975 599 2998 l

2149 269 2206 299 337

1200 335 1226 360 in
1242 334 1389 360 utilitatem
1403 335 1541 361 ecclesiae
1553 336 1616 369 ejus
1628 335 1717 361 factas
1729 338 1756 360 et
1767 344 1782 360 a
1795 334 1919 368 praerato
1935 335 2071 369 episcopo
2088 342 2120 360 su
2127 335 2206 368 pple-

1200 386 1243 408 tas
1259 383 1418 408 confirmat.
1432 382 1516 415 (Res.
1528 382 1678 415 2411139,
1691 381 1921 413 ann.11‚c.108;
1941 381 2085 408 Por'rnasr
2099 382 2206 414 16‘230.)

1242 495 1254 508 «
1329 484 1473 520 episcopo,
1495 488 1521 512 el
1542 484 1676 520 capitulo
1692 483 1892 511 Rosseasibus.
1910 482 1993 512 Cum
2009 492 2027 511 a
2044 483 2138 512 nobis
2158 500 2204 510 —.

1200 537 1273 565 Dat.
1296 535 1461 570 Laterani,
1481 536 1509 564 V
1524 535 1599 564 idus
1618 534 1790 569 februarii,
1810 543 1895 563 anno
1915 535 2070 564 secundo.
2093 546 2105 560 »

1275 698 1392 726 1128
1756 696 1873 728 Latran,
1894 692 2042 723 13'fevrier
2061 697 2138 723 1256.

1236 757 1380 791 Indulget,
1400 762 1428 783 ut
1445 758 1547 783 fratres
1562 756 1778 790 Cluniaeenses,
1795 764 1860 782 cum
1873 756 1906 782 ad
1919 758 2124 782 monasterium
2140 755 2210 782 Clu-

1202 806 1337 832 niacvnse
1355 813 1403 838 pro
1421 806 1546 839 generali
1563 805 1687 838 capitulo
1704 805 1827 837 singulis
1843 804 1926 830 annis
1941 804 2092 835 accedant,
2110 804 2142 830 ad
2161 812 2210 830 ca-

1201 855 1289 889 pitula
1305 854 1423 880 alterius
1443 853 1553 879 ordinis
1575 853 1711 879 accedere
1735 852 1866 886 compelli
1885 856 2036 886 nequeant.
2053 852 2136 883 (Rae.
2158 852 2210 883 2¹4,

1201 903 1219 929 f.
1240 902 1312 934 '1392
1329 910 1394 927 ann.
1414 901 1450 934 ΙΙ,
1467 909 1492 927 c.
1514 901 1579 932 109;
1599 900 1744 927 Pommr
1764 900 1869 932 16253.)

1244 1016 1256 1029 (t
1278 1026 1310 1037 ..,
1328 1002 1443 1035 abbati,
1466 1006 1491 1030 et
1512 1002 1676 1030 conventui
1692 1001 1954 1030 cluniacensibus.
1972 1000 2079 1030 Justis
2097 1004 2212 1037 peten-

1201 1055 1285 1085 tium
1301 1058 1362 1084 etc.
1380 1062 1486 1092 usque
1507 1063 1512 1082 :
1534 1053 1708 1091 complere.
1726 1053 1809 1083 Cum
1828 1052 1940 1089 igitur,
1959 1052 2045 1081 sicut
2067 1061 2103 1082 ex
2120 1056 2211 1090 parte

1203 1111 1315 1137 nostra
1329 1107 1392 1135 fuit
1408 1105 1613 1144 propositum
1627 1114 1736 1135 coram
1752 1105 1858 1139 nobis,
1878 1105 1997 1133 fratres
2011 1104 2112 1134 vestri
2130 1103 2213 1133 ordi-

1203 1161 1255 1190 nis
1284 1160 1324 1189 ad
1350 1158 1591 1188 monasterium
1619 1162 1765 1187 vestrum
1791 1157 1830 1187 ad
1854 1156 2006 1195 generale
2032 1156 2213 1195 capitulum

1204 1212 1346 1250 singulis
1376 1211 1473 1240 annis
1500 1210 1654 1240 accedere
1683 1214 1873 1244 teneantur,
1901 1209 1980 1247 quia
2005 1209 2211 1247 presidentes

1203 1265 1357 1303 capitulis
1371 1263 1632 1302 provincialibus
1649 1262 1786 1292 alterius
1800 1262 1927 1291 ordinis
1945 1262 2075 1291 eosdem
2092 1262 2212 1291 fratres

1204 1317 1358 1347 accedere
1375 1317 1415 1346 ad
1431 1315 1574 1354 capitula
1587 1315 1669 1353 ipsa,
1689 1324 1829 1354 quorum
1847 1318 1968 1344 statuta
1985 1314 2117 1344 diversa
2136 1318 2214 1343 sunt

1205 1380 1222 1400 a
1238 1370 1371 1400 statutis
1386 1368 1618 1400 Cluniacensis
1633 1367 1780 1405 capituli.
1796 1377 1853 1405 pro
1868 1376 1928 1397 sua
1942 1367 2111 1396 voluntate
2125 1375 2214 1395 com-

1204 1422 1342 1461 pellunt,
1357 1430 1427 1452 nos.
1442 1421 1649 1450 attendentes
1662 1420 1748 1458 quod
1762 1420 1938 1457 indignum
1950 1423 2035 1449 esset
2050 1419 2214 1457 predictos

1205 1475 1324 1504 fratres
1343 1483 1400 1511 per
1416 1473 1547 1502 diversa
1564 1472 1708 1510 capitula
1724 1472 1811 1510 quod
1829 1472 1989 1501 hactenus
2008 1472 2132 1501 factum
2149 1480 2213 1500 non

1205 1527 1312 1557 extitit
1329 1526 1474 1563 fatigari,
1492 1529 1527 1554 ut
1544 1525 1645 1554 iidem
1659 1525 1778 1554 fratres
1793 1524 1833 1553 ad
1847 1524 1991 1561 capitula
2007 1523 2145 1553 alterius
2162 1532 2215 1552 or-

1205 1579 1294 1609 dinis
1316 1578 1471 1608 accedere
1496 1577 1648 1615 compelli
1670 1586 1734 1606 non
1757 1577 1896 1614 possint,
1920 1576 2012 1605 vobis
2036 1580 2066 1606 et
2090 1575 2214 1605 eisdem

1206 1632 1366 1661 fratribus
1381 1630 1575 1660 auctoritate
1589 1629 1795 1667 presentium
1809 1628 2032 1665 indulgemus.
2046 1627 2139 1657 Nulli
2153 1632 2213 1656 etc.

1206 1689 1317 1714 nostre
1329 1682 1555 1713 concessionis
1570 1685 1630 1711 etc.
1647 1683 1719 1711 Dat.
1736 1681 1901 1711 Laterani.
1918 1680 2028 1709 idibus
2041 1679 2214 1713 februarii,

1206 1746 1293 1767 anno
1310 1736 1466 1766 secundo.
1484 1748 1496 1761 n

1281 1893 1402 1921 1129

1246 1955 1436 1989 [Pi-andotael,
1455 1954 1610 1988 episcopo,
1629 1957 1656 1979 et
1674 1953 1797 1987 capitulo
1814 1951 2054 1978 Cracoviensibus
2072 1950 2218 1976 libertates

1206 2013 1221 2030 a
1239 2003 1384 2034 Bolezlao,
1401 2003 1474 2028 duce
1490 2001 1643 2028 Cracoviae
1659 2010 1692 2028 ac
1709 2000 1922 2031 Sandomeriae,
1940 2001 2064 2033 ejusque
2081 1998 2217 2032 progeni-

1206 2052 1319 2079 toribus
1335 2053 1378 2077 eis
1394 2058 1553 2084 eorumque
1569 2050 1709 2076 ecclesiae
1726 2056 1893 2081 concessas,
1910 2048 1959 2073 sed
1976 2055 2051 2073 nunc
2066 2046 2215 2072 abeodem

1763 1890 1874 1921 Latran,
1891 1890 1924 1916 ‘26
1936 1890 2049 1923 janvier
2067 1889 2144 1914 1256.

1205 2101 1288 2132 duce,
1306 2099 1372 2133 quia
1389 2099 1417 2124 in
1434 2099 1476 2124 eis
1491 2098 1690 2132 ambiguitatis
1706 2100 1883 2122 remanserat
1899 2096 2070 2129 scrupulus,
2089 2094 2215 2119 declara-

1207 2152 1265 2182 tas,
1283 2156 1315 2174 ac
1333 2156 1388 2173 una
1410 2155 1474 2173 cum
1493 2146 1697 2179 Glrimizlaval,
1716 2145 1845 2174 ducissa,
1867 2147 1955 2169 matre
1971 2146 2050 2177 ejtts,
2069 2143 2216 2168 libertates

1204 2202 1233 2224 et
1248 2197 1448 2230 exemptiones
1464 2194 1656 2221 saecularium
1680 2194 1861 2220 exactionum
1886 2200 2042 2218 concessas
2058 2192 2166 2217 eisdem
2183 2199 2216 2216 ac

1207 2246 1341 2272 universo
1358 2245 1433 2270 clero
1453 2242 1578 2269 civitatis
1593 2247 1620 2268 et
1642 2242 1768 2268 diocesis
1790 2241 2025 2267 Cracoviensiutn
2048 2240 2212 2269 confirmat,

1205 2294 1313 2320 inserto
1338 2297 1435 2318 tenore
1454 2292 1612 2317 litterarum
1632 2290 1831 2316 concessionis
1855 2290 1948 2322 ipsius
1971 2291 1995 2321 (u
2018 2287 2050 2314 In
2074 2288 2216 2321 colloquio

1206 2342 1303 2369 habito
1333 2341 1360 2367 in
1390 2340 1545 2366 zavichost
1572 2347 1637 2365 cum
1670 2338 1824 2364 baronibus
1861 2337 1984 2368 nostris,
2017 2344 2091 2362 anno
2124 2335 2214 2368 gratie.

1206 2389 1368 2420 M⁰CC⁰LV,
1387 2388 1514 2415 kalendis
1532 2388 1606 2414 maii.
1626 2390 1649 2419 »)
1667 2387 1750 2419 (Res.
1768 2386 1812 2420 ⁶2¹¹,
1831 2386 1848 2412 f.
1869 2385 1941 2419 139',
1954 2393 2020 2411 ann.
2038 2384 2075 2418 ΙΙ,
2093 2392 2118 2411 c.
2140 2384 2212 2415 1⁰9&

1208 2439 1353 2465 Pomiffl
1375 2437 1481 2468 16220.)

1248 2552 1260 2565 a
1282 2562 1312 2574 ..,
1333 2539 1477 2576 episcopo,
1499 2541 1525 2566 et
1545 2537 1680 2574 capitulo
1697 2534 1958 2565 Cracoviensibus.
1977 2532 2085 2563 Justis
2101 2535 2217 2570 peten-

1207 2592 1289 2622 tium
1306 2596 1366 2621 etc.
1386 2599 1492 2629 usque
1510 2600 1516 2618 :
1538 2588 1700 2627 complere
1721 2605 1770 2616 —-.
1793 2588 1866 2617 Dat.
1886 2585 2056 2620 Laterani,
2074 2585 2138 2615 VII
2158 2584 2217 2613 ka-

1206 2644 1320 2674 lendas
1337 2642 1510 2677 februarii,
1529 2650 1615 2671 anno
1635 2640 1790 2671 secundo.
1812 2651 1825 2666 »

1281 2808 1396 2836 1130
1761 2804 1873 2837 Lati-an,
1890 2802 1921 2828 21
1936 2801 2049 2836 janvier
2066 2799 2143 2826 1256.

1243 2869 1373 2904 Capitulo
1389 2867 1573 2894 cracoviensi
1596 2867 1742 2893 libertates
1759 2869 1787 2891 et
1809 2864 2008 2897 exemptiones
2024 2859 2217 2887 saecularium

1208 2917 1391 2944 exactionum
1408 2916 1567 2946 confirmat,
1583 2923 1656 2949 quas
1673 2913 1832 2946 Bolezlaus,
1844 2910 1998 2938 Cracoviae
2013 2912 2041 2935 et
2057 2907 2216 2934 Sandome-

2065 2969 2093 2992 48
