<?xml version="1.0" encoding="UTF-8"?>
<!DOCTYPE html PUBLIC "-//W3C//DTD XHTML 1.0 Transitional//EN"
    "http://www.w3.org/TR/xhtml1/DTD/xhtml1-transitional.dtd">
<html xmlns="http://www.w3.org/1999/xhtml" xml:lang="en" lang="en">
 <head>
  <title>
</title>
<meta http-equiv="Content-Type" content="text/html;charset=utf-8" />
  <meta name='ocr-system' content='tesseract 3.04.00' />
  <meta name='ocr-capabilities' content='ocr_page ocr_carea ocr_par ocr_line ocrx_word'/>
</head>
<body>
  <div class='ocr_page' id='page_1' title='image "./lesregistresdale01cathuoft_0446.png"; bbox 0 0 2498 3325; ppageno 0'>
   <div class='ocr_carea' id='block_1_1' title="bbox 256 220 1626 253">
    <p class='ocr_par' dir='ltr' id='par_1_1' title="bbox 256 220 1626 253">
     <span class='ocr_line' id='line_1_1' title="bbox 256 220 1626 253; baseline 0.002 -3"><span class='ocrx_word' id='word_1_1' title='bbox 256 220 313 251; x_wconf 72' lang='lat'>43⁶2</span> <span class='ocrx_word' id='word_1_2' title='bbox 979 221 1219 252; x_wconf 85' lang='lat' dir='ltr'>REGISTRES</span> <span class='ocrx_word' id='word_1_3' title='bbox 1240 221 1547 253; x_wconf 80' lang='lat' dir='ltr'><strong>D&#39;ALEXANDRE</strong></span> <span class='ocrx_word' id='word_1_4' title='bbox 1570 224 1626 253; x_wconf 90' lang='lat' dir='ltr'>IV.</span> 
     </span>
    </p>
   </div>
   <div class='ocr_carea' id='block_1_2' title="bbox 223 285 1262 2430">
    <p class='ocr_par' dir='ltr' id='par_1_2' title="bbox 246 285 1262 1104">
     <span class='ocr_line' id='line_1_2' title="bbox 257 285 1259 325; baseline -0.001 -10"><span class='ocrx_word' id='word_1_5' title='bbox 257 285 541 322; x_wconf 74' lang='lat' dir='ltr'>Petragoricensis</span> <span class='ocrx_word' id='word_1_6' title='bbox 564 285 721 319; x_wconf 87' lang='lat' dir='ltr'>diocesis,</span> <span class='ocrx_word' id='word_1_7' title='bbox 744 285 902 324; x_wconf 88' lang='lat' dir='ltr'>petitione</span> <span class='ocrx_word' id='word_1_8' title='bbox 927 286 1135 321; x_wconf 86' lang='lat' dir='ltr'>monstravit,</span> <span class='ocrx_word' id='word_1_9' title='bbox 1162 286 1259 325; x_wconf 91' lang='lat' dir='ltr'>quod,</span> 
     </span>
     <span class='ocr_line' id='line_1_3' title="bbox 255 337 1262 376; baseline 0.002 -10"><span class='ocrx_word' id='word_1_10' title='bbox 255 346 330 367; x_wconf 88' lang='lat' dir='ltr'>cum</span> <span class='ocrx_word' id='word_1_11' title='bbox 351 337 474 372; x_wconf 87' lang='lat' dir='ltr'>Helias,</span> <span class='ocrx_word' id='word_1_12' title='bbox 493 338 550 376; x_wconf 88' lang='lat' dir='ltr'>qui</span> <span class='ocrx_word' id='word_1_13' title='bbox 569 338 716 376; x_wconf 84' lang='lat' dir='ltr'>ejusdem</span> <span class='ocrx_word' id='word_1_14' title='bbox 735 338 929 368; x_wconf 86' lang='lat' dir='ltr'>monasterii</span> <span class='ocrx_word' id='word_1_15' title='bbox 948 338 1097 368; x_wconf 78' lang='lat' dir='ltr'>abbatem</span> <span class='ocrx_word' id='word_1_16' title='bbox 1118 348 1152 369; x_wconf 89' lang='lat' dir='ltr'>se</span> <span class='ocrx_word' id='word_1_17' title='bbox 1170 348 1262 368; x_wconf 89' lang='lat' dir='ltr'>asse-</span> 
     </span>
     <span class='ocr_line' id='line_1_4' title="bbox 255 390 1258 428; baseline 0.002 -9"><span class='ocrx_word' id='word_1_18' title='bbox 255 390 309 425; x_wconf 89' lang='lat' dir='ltr'>rit,</span> <span class='ocrx_word' id='word_1_19' title='bbox 331 394 460 419; x_wconf 86' lang='lat' dir='ltr'>nostras</span> <span class='ocrx_word' id='word_1_20' title='bbox 481 390 521 419; x_wconf 89' lang='lat' dir='ltr'>ad</span> <span class='ocrx_word' id='word_1_21' title='bbox 543 394 572 419; x_wconf 88' lang='lat' dir='ltr'>te</span> <span class='ocrx_word' id='word_1_22' title='bbox 595 390 785 428; x_wconf 68' lang='lat' dir='ltr'>impetraret</span> <span class='ocrx_word' id='word_1_23' title='bbox 803 390 946 426; x_wconf 75' lang='lat' dir='ltr'>litteras,</span> <span class='ocrx_word' id='word_1_24' title='bbox 968 391 1193 426; x_wconf 77' lang='lat' dir='ltr'><strong>continentes,</strong></span> <span class='ocrx_word' id='word_1_25' title='bbox 1212 396 1258 427; x_wconf 92' lang='lat' dir='ltr'>ut,</span> 
     </span>
     <span class='ocr_line' id='line_1_5' title="bbox 254 442 1257 483; baseline 0.002 -11"><span class='ocrx_word' id='word_1_26' title='bbox 254 442 412 482; x_wconf 80' lang='lat' dir='ltr'>quicquid</span> <span class='ocrx_word' id='word_1_27' title='bbox 433 443 602 472; x_wconf 71' lang='lat' dir='ltr'>invenires</span> <span class='ocrx_word' id='word_1_28' title='bbox 623 447 851 481; x_wconf 87' lang='lat' dir='ltr'>attemptatum</span> <span class='ocrx_word' id='word_1_29' title='bbox 874 443 909 472; x_wconf 87' lang='lat' dir='ltr'>in</span> <span class='ocrx_word' id='word_1_30' title='bbox 931 444 1002 483; x_wconf 88' lang='lat' dir='ltr'>ejus</span> <span class='ocrx_word' id='word_1_31' title='bbox 1025 444 1257 483; x_wconf 74' lang='lat' dir='ltr'>prejudicium,</span> 
     </span>
     <span class='ocr_line' id='line_1_6' title="bbox 254 495 1260 535; baseline 0.004 -11"><span class='ocrx_word' id='word_1_32' title='bbox 254 500 428 533; x_wconf 82' lang='lat' dir='ltr'>postquam</span> <span class='ocrx_word' id='word_1_33' title='bbox 452 495 515 525; x_wconf 89' lang='lat' dir='ltr'>iter</span> <span class='ocrx_word' id='word_1_34' title='bbox 542 495 726 533; x_wconf 73' lang='lat' dir='ltr'>arripuerat</span> <span class='ocrx_word' id='word_1_35' title='bbox 751 496 791 525; x_wconf 86' lang='lat' dir='ltr'>ad</span> <span class='ocrx_word' id='word_1_36' title='bbox 824 496 941 527; x_wconf 88' lang='lat' dir='ltr'>Sedem</span> <span class='ocrx_word' id='word_1_37' title='bbox 967 497 1180 535; x_wconf 87' lang='lat' dir='ltr'>apostolicam</span> <span class='ocrx_word' id='word_1_38' title='bbox 1204 507 1260 528; x_wconf 87' lang='lat' dir='ltr'>ve-</span> 
     </span>
     <span class='ocr_line' id='line_1_7' title="bbox 253 547 1259 584; baseline 0.005 -8"><span class='ocrx_word' id='word_1_39' title='bbox 253 548 379 582; x_wconf 90' lang='lat' dir='ltr'>niendi,</span> <span class='ocrx_word' id='word_1_40' title='bbox 397 547 431 576; x_wconf 87' lang='lat' dir='ltr'>iu</span> <span class='ocrx_word' id='word_1_41' title='bbox 449 552 570 577; x_wconf 86' lang='lat' dir='ltr'>statum</span> <span class='ocrx_word' id='word_1_42' title='bbox 587 548 733 578; x_wconf 86' lang='lat' dir='ltr'>debitum</span> <span class='ocrx_word' id='word_1_43' title='bbox 748 557 930 584; x_wconf 79' lang='lat' dir='ltr'>revocares,</span> <span class='ocrx_word' id='word_1_44' title='bbox 945 549 1107 580; x_wconf 85' lang='lat' dir='ltr'>Geraldus</span> <span class='ocrx_word' id='word_1_45' title='bbox 1121 551 1159 581; x_wconf 89' lang='lat' dir='ltr'>de</span> <span class='ocrx_word' id='word_1_46' title='bbox 1173 552 1259 581; x_wconf 86' lang='lat' dir='ltr'>Pau-</span> 
     </span>
     <span class='ocr_line' id='line_1_8' title="bbox 252 599 1259 643; baseline 0.003 -13"><span class='ocrx_word' id='word_1_47' title='bbox 252 599 359 634; x_wconf 77' lang='lat' dir='ltr'>ciaco,</span> <span class='ocrx_word' id='word_1_48' title='bbox 375 604 567 638; x_wconf 85' lang='lat' dir='ltr'>procurator</span> <span class='ocrx_word' id='word_1_49' title='bbox 588 601 693 638; x_wconf 88' lang='lat' dir='ltr'>ipsius</span> <span class='ocrx_word' id='word_1_50' title='bbox 712 601 750 631; x_wconf 90' lang='lat' dir='ltr'>G.</span> <span class='ocrx_word' id='word_1_51' title='bbox 769 601 897 632; x_wconf 84' lang='lat' dir='ltr'>abbatis</span> <span class='ocrx_word' id='word_1_52' title='bbox 917 607 947 632; x_wconf 89' lang='lat' dir='ltr'>et</span> <span class='ocrx_word' id='word_1_53' title='bbox 968 607 1150 633; x_wconf 88' lang='lat' dir='ltr'>conventus</span> <span class='ocrx_word' id='word_1_54' title='bbox 1170 604 1259 643; x_wconf 83' lang='lat' dir='ltr'>ejus-</span> 
     </span>
     <span class='ocr_line' id='line_1_9' title="bbox 250 652 1259 694; baseline 0.005 -13"><span class='ocrx_word' id='word_1_55' title='bbox 250 652 324 682; x_wconf 89' lang='lat' dir='ltr'>dem</span> <span class='ocrx_word' id='word_1_56' title='bbox 338 652 543 687; x_wconf 86' lang='lat' dir='ltr'>monasterii,</span> <span class='ocrx_word' id='word_1_57' title='bbox 558 652 747 692; x_wconf 79' lang='lat' dir='ltr'>liujtismodi</span> <span class='ocrx_word' id='word_1_58' title='bbox 760 654 880 684; x_wconf 86' lang='lat' dir='ltr'>litteris</span> <span class='ocrx_word' id='word_1_59' title='bbox 894 655 927 684; x_wconf 90' lang='lat' dir='ltr'>in</span> <span class='ocrx_word' id='word_1_60' title='bbox 943 655 1112 685; x_wconf 84' lang='lat' dir='ltr'>audientia</span> <span class='ocrx_word' id='word_1_61' title='bbox 1127 657 1259 694; x_wconf 84' lang='lat' dir='ltr'>publica</span> 
     </span>
     <span class='ocr_line' id='line_1_10' title="bbox 249 705 1258 741; baseline 0.007 -7"><span class='ocrx_word' id='word_1_62' title='bbox 249 705 528 735; x_wconf 79' lang='lat' dir='ltr'>contradictiones</span> <span class='ocrx_word' id='word_1_63' title='bbox 555 716 609 736; x_wconf 87' lang='lat' dir='ltr'>eas</span> <span class='ocrx_word' id='word_1_64' title='bbox 638 707 769 736; x_wconf 89' lang='lat' dir='ltr'>tandem</span> <span class='ocrx_word' id='word_1_65' title='bbox 796 717 833 737; x_wconf 85' lang='lat' dir='ltr'>ea</span> <span class='ocrx_word' id='word_1_66' title='bbox 860 709 1049 739; x_wconf 87' lang='lat' dir='ltr'>conditione</span> <span class='ocrx_word' id='word_1_67' title='bbox 1075 710 1258 741; x_wconf 73' lang='lat' dir='ltr'>absolvisse</span> 
     </span>
     <span class='ocr_line' id='line_1_11' title="bbox 249 758 1257 801; baseline 0.006 -14"><span class='ocrx_word' id='word_1_68' title='bbox 249 758 445 792; x_wconf 78' lang='lat' dir='ltr'>dinoscitur,</span> <span class='ocrx_word' id='word_1_69' title='bbox 464 759 550 797; x_wconf 84' lang='lat' dir='ltr'>quod</span> <span class='ocrx_word' id='word_1_70' title='bbox 565 759 703 796; x_wconf 83' lang='lat' dir='ltr'>predicti</span> <span class='ocrx_word' id='word_1_71' title='bbox 721 760 822 789; x_wconf 84' lang='lat' dir='ltr'>abbas</span> <span class='ocrx_word' id='word_1_72' title='bbox 841 765 871 790; x_wconf 88' lang='lat' dir='ltr'>et</span> <span class='ocrx_word' id='word_1_73' title='bbox 888 766 1069 791; x_wconf 81' lang='lat' dir='ltr'>conventus</span> <span class='ocrx_word' id='word_1_74' title='bbox 1091 772 1147 800; x_wconf 87' lang='lat' dir='ltr'>per</span> <span class='ocrx_word' id='word_1_75' title='bbox 1168 763 1257 801; x_wconf 87' lang='lat' dir='ltr'>ipsas</span> 
     </span>
     <span class='ocr_line' id='line_1_12' title="bbox 247 810 1257 852; baseline 0.006 -12"><span class='ocrx_word' id='word_1_76' title='bbox 247 810 378 840; x_wconf 84' lang='lat' dir='ltr'>litteras</span> <span class='ocrx_word' id='word_1_77' title='bbox 401 820 466 841; x_wconf 92' lang='lat' dir='ltr'>non</span> <span class='ocrx_word' id='word_1_78' title='bbox 487 812 703 842; x_wconf 80' lang='lat' dir='ltr'>convenirent</span> <span class='ocrx_word' id='word_1_79' title='bbox 725 822 784 842; x_wconf 88' lang='lat' dir='ltr'>nec</span> <span class='ocrx_word' id='word_1_80' title='bbox 808 813 1020 852; x_wconf 77' lang='lat' dir='ltr'>aliquatenus</span> <span class='ocrx_word' id='word_1_81' title='bbox 1043 816 1257 846; x_wconf 80' lang='lat' dir='ltr'>extenderent</span> 
     </span>
     <span class='ocr_line' id='line_1_13' title="bbox 249 863 1256 905; baseline 0.007 -12"><span class='ocrx_word' id='word_1_82' title='bbox 249 863 338 893; x_wconf 79' lang='lat' dir='ltr'>send</span> <span class='ocrx_word' id='word_1_83' title='bbox 355 872 421 898; x_wconf 85' lang='lat' dir='ltr'>eos,</span> <span class='ocrx_word' id='word_1_84' title='bbox 436 865 522 902; x_wconf 85' lang='lat' dir='ltr'>quod</span> <span class='ocrx_word' id='word_1_85' title='bbox 534 874 642 894; x_wconf 82' lang='lat' dir='ltr'>coram</span> <span class='ocrx_word' id='word_1_86' title='bbox 658 865 776 896; x_wconf 89' lang='lat' dir='ltr'>dilecto</span> <span class='ocrx_word' id='word_1_87' title='bbox 794 866 860 895; x_wconf 83' lang='lat' dir='ltr'>tilio</span> <span class='ocrx_word' id='word_1_88' title='bbox 877 868 1035 905; x_wconf 73' lang='lat' dir='ltr'>magistro</span> <span class='ocrx_word' id='word_1_89' title='bbox 1049 868 1201 899; x_wconf 85' lang='lat' dir='ltr'>Johanne</span> <span class='ocrx_word' id='word_1_90' title='bbox 1218 870 1256 900; x_wconf 85' lang='lat' dir='ltr'>de</span> 
     </span>
     <span class='ocr_line' id='line_1_14' title="bbox 247 916 1255 955; baseline 0.005 -8"><span class='ocrx_word' id='word_1_91' title='bbox 247 916 445 952; x_wconf 89' lang='lat' dir='ltr'>Camezano,</span> <span class='ocrx_word' id='word_1_92' title='bbox 471 917 640 955; x_wconf 85' lang='lat' dir='ltr'>capellano</span> <span class='ocrx_word' id='word_1_93' title='bbox 665 923 776 948; x_wconf 82' lang='lat' dir='ltr'>nostro</span> <span class='ocrx_word' id='word_1_94' title='bbox 799 929 835 948; x_wconf 88' lang='lat' dir='ltr'>ac</span> <span class='ocrx_word' id='word_1_95' title='bbox 856 919 1042 950; x_wconf 91' lang='lat' dir='ltr'>litterarum</span> <span class='ocrx_word' id='word_1_96' title='bbox 1067 926 1255 952; x_wconf 76' lang='lat' dir='ltr'>nostrarum</span> 
     </span>
     <span class='ocr_line' id='line_1_15' title="bbox 247 969 1253 1012; baseline 0.006 -14"><span class='ocrx_word' id='word_1_97' title='bbox 247 969 526 999; x_wconf 81' lang='lat' dir='ltr'>contradictarum</span> <span class='ocrx_word' id='word_1_98' title='bbox 544 970 704 1005; x_wconf 68' lang='lat' dir='ltr'>auditore,</span> <span class='ocrx_word' id='word_1_99' title='bbox 723 972 863 1001; x_wconf 80' lang='lat' dir='ltr'>tirmiter</span> <span class='ocrx_word' id='word_1_100' title='bbox 879 971 981 1002; x_wconf 87' lang='lat' dir='ltr'>altera</span> <span class='ocrx_word' id='word_1_101' title='bbox 999 982 1073 1011; x_wconf 84' lang='lat' dir='ltr'>pars</span> <span class='ocrx_word' id='word_1_102' title='bbox 1092 975 1253 1012; x_wconf 78' lang='lat' dir='ltr'>promisit,</span> 
     </span>
     <span class='ocr_line' id='line_1_16' title="bbox 246 1022 1254 1063; baseline 0.007 -13"><span class='ocrx_word' id='word_1_103' title='bbox 246 1026 343 1060; x_wconf 87' lang='lat' dir='ltr'>prout</span> <span class='ocrx_word' id='word_1_104' title='bbox 367 1022 402 1051; x_wconf 91' lang='lat' dir='ltr'>in</span> <span class='ocrx_word' id='word_1_105' title='bbox 426 1022 531 1060; x_wconf 90' lang='lat' dir='ltr'>ipsius</span> <span class='ocrx_word' id='word_1_106' title='bbox 557 1023 718 1053; x_wconf 85' lang='lat' dir='ltr'>auditoris</span> <span class='ocrx_word' id='word_1_107' title='bbox 743 1024 863 1054; x_wconf 86' lang='lat' dir='ltr'>litteris</span> <span class='ocrx_word' id='word_1_108' title='bbox 885 1025 1016 1063; x_wconf 85' lang='lat' dir='ltr'>plenius</span> <span class='ocrx_word' id='word_1_109' title='bbox 1035 1026 1156 1057; x_wconf 69' lang='lat' dir='ltr'>dicitur</span> <span class='ocrx_word' id='word_1_110' title='bbox 1177 1038 1254 1058; x_wconf 87' lang='lat' dir='ltr'>con-</span> 
     </span>
     <span class='ocr_line' id='line_1_17' title="bbox 246 1074 358 1104; baseline 0 -1"><span class='ocrx_word' id='word_1_111' title='bbox 246 1074 358 1104; x_wconf 88' lang='lat' dir='ltr'>tineri.</span> 
     </span>
    </p>

    <p class='ocr_par' dir='ltr' id='par_1_3' title="bbox 223 1128 1252 2430">
     <span class='ocr_line' id='line_1_18' title="bbox 288 1128 1252 1171; baseline 0.008 -16"><span class='ocrx_word' id='word_1_112' title='bbox 288 1139 300 1152; x_wconf 67' lang='lat' dir='ltr'>n</span> <span class='ocrx_word' id='word_1_113' title='bbox 328 1128 383 1157; x_wconf 81' lang='lat' dir='ltr'>Set</span> <span class='ocrx_word' id='word_1_114' title='bbox 401 1132 449 1162; x_wconf 86' lang='lat' dir='ltr'>tu,</span> <span class='ocrx_word' id='word_1_115' title='bbox 468 1129 663 1158; x_wconf 85' lang='lat' dir='ltr'>auctoritate</span> <span class='ocrx_word' id='word_1_116' title='bbox 680 1129 866 1159; x_wconf 88' lang='lat' dir='ltr'>litterarum</span> <span class='ocrx_word' id='word_1_117' title='bbox 884 1131 1089 1170; x_wconf 80' lang='lat' dir='ltr'>hujusmodi,</span> <span class='ocrx_word' id='word_1_118' title='bbox 1110 1134 1252 1171; x_wconf 80' lang='lat' dir='ltr'>priorem</span> 
     </span>
     <span class='ocr_line' id='line_1_19' title="bbox 243 1179 1252 1224; baseline 0.007 -15"><span class='ocrx_word' id='word_1_119' title='bbox 243 1183 275 1209; x_wconf 84' lang='lat' dir='ltr'>et</span> <span class='ocrx_word' id='word_1_120' title='bbox 285 1179 443 1218; x_wconf 82' lang='lat' dir='ltr'>quosdam</span> <span class='ocrx_word' id='word_1_121' title='bbox 456 1180 634 1209; x_wconf 83' lang='lat' dir='ltr'>monachos</span> <span class='ocrx_word' id='word_1_122' title='bbox 646 1181 785 1219; x_wconf 75' lang='lat' dir='ltr'>predicti</span> <span class='ocrx_word' id='word_1_123' title='bbox 799 1184 991 1213; x_wconf 83' lang='lat' dir='ltr'>monasterii</span> <span class='ocrx_word' id='word_1_124' title='bbox 1005 1185 1142 1224; x_wconf 80' lang='lat' dir='ltr'>ejusque</span> <span class='ocrx_word' id='word_1_125' title='bbox 1155 1196 1252 1217; x_wconf 92' lang='lat' dir='ltr'>mem-</span> 
     </span>
     <span class='ocr_line' id='line_1_20' title="bbox 242 1231 1252 1271; baseline 0.009 -11"><span class='ocrx_word' id='word_1_126' title='bbox 242 1231 392 1267; x_wconf 82' lang='lat' dir='ltr'>brorum,</span> <span class='ocrx_word' id='word_1_127' title='bbox 413 1232 453 1261; x_wconf 90' lang='lat' dir='ltr'>ad</span> <span class='ocrx_word' id='word_1_128' title='bbox 478 1232 672 1262; x_wconf 76' lang='lat' dir='ltr'>instantiam</span> <span class='ocrx_word' id='word_1_129' title='bbox 694 1234 772 1263; x_wconf 74' lang='lat' dir='ltr'>dicti</span> <span class='ocrx_word' id='word_1_130' title='bbox 792 1235 902 1271; x_wconf 86' lang='lat' dir='ltr'>Helie,</span> <span class='ocrx_word' id='word_1_131' title='bbox 921 1236 1092 1267; x_wconf 69' lang='lat' dir='ltr'>absolvisti</span> <span class='ocrx_word' id='word_1_132' title='bbox 1115 1239 1155 1268; x_wconf 85' lang='lat' dir='ltr'>ab</span> <span class='ocrx_word' id='word_1_133' title='bbox 1174 1240 1252 1269; x_wconf 84' lang='lat' dir='ltr'>ohe-</span> 
     </span>
     <span class='ocr_line' id='line_1_21' title="bbox 242 1284 1251 1328; baseline 0.009 -15"><span class='ocrx_word' id='word_1_134' title='bbox 242 1284 369 1314; x_wconf 88' lang='lat' dir='ltr'>dientia</span> <span class='ocrx_word' id='word_1_135' title='bbox 393 1285 537 1323; x_wconf 82' lang='lat' dir='ltr'>predicto</span> <span class='ocrx_word' id='word_1_136' title='bbox 556 1288 594 1315; x_wconf 85' lang='lat' dir='ltr'>G.</span> <span class='ocrx_word' id='word_1_137' title='bbox 616 1287 726 1316; x_wconf 88' lang='lat' dir='ltr'>abbati</span> <span class='ocrx_word' id='word_1_138' title='bbox 748 1288 900 1325; x_wconf 73' lang='lat' dir='ltr'>prestita,</span> <span class='ocrx_word' id='word_1_139' title='bbox 922 1289 1036 1328; x_wconf 77' lang='lat' dir='ltr'>eisque</span> <span class='ocrx_word' id='word_1_140' title='bbox 1058 1296 1107 1326; x_wconf 79' lang='lat' dir='ltr'>ut,</span> <span class='ocrx_word' id='word_1_141' title='bbox 1127 1302 1164 1322; x_wconf 90' lang='lat' dir='ltr'>ea</span> <span class='ocrx_word' id='word_1_142' title='bbox 1185 1302 1251 1322; x_wconf 91' lang='lat' dir='ltr'>non</span> 
     </span>
     <span class='ocr_line' id='line_1_22' title="bbox 241 1336 1250 1384; baseline 0.011 -19"><span class='ocrx_word' id='word_1_143' title='bbox 241 1336 404 1372; x_wconf 80' lang='lat' dir='ltr'>obstante,</span> <span class='ocrx_word' id='word_1_144' title='bbox 422 1338 568 1375; x_wconf 86' lang='lat' dir='ltr'>predicto</span> <span class='ocrx_word' id='word_1_145' title='bbox 586 1338 680 1369; x_wconf 83' lang='lat' dir='ltr'>Helie</span> <span class='ocrx_word' id='word_1_146' title='bbox 697 1339 869 1370; x_wconf 81' lang='lat' dir='ltr'>obedirent</span> <span class='ocrx_word' id='word_1_147' title='bbox 886 1345 917 1371; x_wconf 88' lang='lat' dir='ltr'>et</span> <span class='ocrx_word' id='word_1_148' title='bbox 935 1342 1158 1378; x_wconf 86' lang='lat' dir='ltr'>intenderent,</span> <span class='ocrx_word' id='word_1_149' title='bbox 1175 1356 1250 1384; x_wconf 88' lang='lat' dir='ltr'>pre—</span> 
     </span>
     <span class='ocr_line' id='line_1_23' title="bbox 239 1390 1250 1437; baseline 0.009 -18"><span class='ocrx_word' id='word_1_150' title='bbox 239 1390 368 1428; x_wconf 83' lang='lat' dir='ltr'>cepisti,</span> <span class='ocrx_word' id='word_1_151' title='bbox 383 1399 419 1419; x_wconf 87' lang='lat' dir='ltr'>ac</span> <span class='ocrx_word' id='word_1_152' title='bbox 431 1392 726 1422; x_wconf 77' lang='lat' dir='ltr'>excommunicasti</span> <span class='ocrx_word' id='word_1_153' title='bbox 738 1393 776 1422; x_wconf 90' lang='lat' dir='ltr'>de</span> <span class='ocrx_word' id='word_1_154' title='bbox 791 1394 877 1424; x_wconf 80' lang='lat' dir='ltr'>facto</span> <span class='ocrx_word' id='word_1_155' title='bbox 891 1394 1021 1434; x_wconf 86' lang='lat' dir='ltr'>aliquos</span> <span class='ocrx_word' id='word_1_156' title='bbox 1035 1406 1071 1426; x_wconf 84' lang='lat' dir='ltr'>ex</span> <span class='ocrx_word' id='word_1_157' title='bbox 1084 1397 1178 1435; x_wconf 78' lang='lat' dir='ltr'>ipsis,</span> <span class='ocrx_word' id='word_1_158' title='bbox 1192 1408 1250 1437; x_wconf 93' lang='lat' dir='ltr'>pro</span> 
     </span>
     <span class='ocr_line' id='line_1_24' title="bbox 240 1443 1247 1489; baseline 0.01 -18"><span class='ocrx_word' id='word_1_159' title='bbox 240 1452 278 1472; x_wconf 90' lang='lat' dir='ltr'>eo</span> <span class='ocrx_word' id='word_1_160' title='bbox 299 1443 385 1481; x_wconf 85' lang='lat' dir='ltr'>quod</span> <span class='ocrx_word' id='word_1_161' title='bbox 406 1444 570 1473; x_wconf 85' lang='lat' dir='ltr'>mandatis</span> <span class='ocrx_word' id='word_1_162' title='bbox 591 1445 656 1475; x_wconf 81' lang='lat' dir='ltr'>tuis</span> <span class='ocrx_word' id='word_1_163' title='bbox 677 1445 711 1474; x_wconf 88' lang='lat' dir='ltr'>in</span> <span class='ocrx_word' id='word_1_164' title='bbox 735 1445 796 1476; x_wconf 87' lang='lat' dir='ltr'>hac</span> <span class='ocrx_word' id='word_1_165' title='bbox 816 1452 906 1485; x_wconf 87' lang='lat' dir='ltr'>parte</span> <span class='ocrx_word' id='word_1_166' title='bbox 924 1448 1102 1479; x_wconf 89' lang='lat' dir='ltr'>noluerunt</span> <span class='ocrx_word' id='word_1_167' title='bbox 1120 1460 1247 1489; x_wconf 87' lang='lat' dir='ltr'>parere,</span> 
     </span>
     <span class='ocr_line' id='line_1_25' title="bbox 239 1495 1249 1540; baseline 0.012 -16"><span class='ocrx_word' id='word_1_168' title='bbox 239 1495 323 1525; x_wconf 88' lang='lat' dir='ltr'>sicut</span> <span class='ocrx_word' id='word_1_169' title='bbox 342 1496 441 1525; x_wconf 89' lang='lat' dir='ltr'>etiam</span> <span class='ocrx_word' id='word_1_170' title='bbox 460 1506 523 1526; x_wconf 86' lang='lat' dir='ltr'>non</span> <span class='ocrx_word' id='word_1_171' title='bbox 539 1497 712 1528; x_wconf 87' lang='lat' dir='ltr'>dehebant.</span> <span class='ocrx_word' id='word_1_172' title='bbox 731 1500 898 1536; x_wconf 86' lang='lat' dir='ltr'>Quasdam</span> <span class='ocrx_word' id='word_1_173' title='bbox 912 1501 1050 1540; x_wconf 86' lang='lat' dir='ltr'>insuper</span> <span class='ocrx_word' id='word_1_174' title='bbox 1065 1506 1249 1536; x_wconf 84' lang='lat' dir='ltr'>sententias</span> 
     </span>
     <span class='ocr_line' id='line_1_26' title="bbox 238 1549 1249 1597; baseline 0.011 -20"><span class='ocrx_word' id='word_1_175' title='bbox 238 1549 272 1577; x_wconf 92' lang='lat' dir='ltr'>in</span> <span class='ocrx_word' id='word_1_176' title='bbox 300 1550 459 1588; x_wconf 78' lang='lat' dir='ltr'>quosdam</span> <span class='ocrx_word' id='word_1_177' title='bbox 488 1552 665 1582; x_wconf 83' lang='lat' dir='ltr'>monachos</span> <span class='ocrx_word' id='word_1_178' title='bbox 692 1553 830 1591; x_wconf 82' lang='lat' dir='ltr'>predicti</span> <span class='ocrx_word' id='word_1_179' title='bbox 855 1557 1050 1586; x_wconf 88' lang='lat' dir='ltr'>monasterii</span> <span class='ocrx_word' id='word_1_180' title='bbox 1076 1561 1105 1587; x_wconf 91' lang='lat' dir='ltr'>et</span> <span class='ocrx_word' id='word_1_181' title='bbox 1132 1568 1249 1597; x_wconf 83' lang='lat' dir='ltr'>quam-</span> 
     </span>
     <span class='ocr_line' id='line_1_27' title="bbox 239 1601 1249 1649; baseline 0.011 -19"><span class='ocrx_word' id='word_1_182' title='bbox 239 1601 349 1639; x_wconf 78' lang='lat' dir='ltr'>plures</span> <span class='ocrx_word' id='word_1_183' title='bbox 366 1602 503 1633; x_wconf 81' lang='lat' dir='ltr'>clericos</span> <span class='ocrx_word' id='word_1_184' title='bbox 521 1608 551 1633; x_wconf 88' lang='lat' dir='ltr'>et</span> <span class='ocrx_word' id='word_1_185' title='bbox 569 1604 681 1639; x_wconf 77' lang='lat' dir='ltr'>laicos,</span> <span class='ocrx_word' id='word_1_186' title='bbox 694 1605 733 1635; x_wconf 86' lang='lat' dir='ltr'>ab</span> <span class='ocrx_word' id='word_1_187' title='bbox 751 1606 863 1637; x_wconf 86' lang='lat' dir='ltr'>codem</span> <span class='ocrx_word' id='word_1_188' title='bbox 878 1608 916 1638; x_wconf 91' lang='lat' dir='ltr'>G.</span> <span class='ocrx_word' id='word_1_189' title='bbox 929 1608 1046 1639; x_wconf 79' lang='lat' dir='ltr'>abbate</span> <span class='ocrx_word' id='word_1_190' title='bbox 1064 1614 1094 1640; x_wconf 90' lang='lat' dir='ltr'>et</span> <span class='ocrx_word' id='word_1_191' title='bbox 1109 1611 1249 1649; x_wconf 80' lang='lat' dir='ltr'>quibus-</span> 
     </span>
     <span class='ocr_line' id='line_1_28' title="bbox 238 1654 1247 1699; baseline 0.013 -17"><span class='ocrx_word' id='word_1_192' title='bbox 238 1654 311 1683; x_wconf 86' lang='lat' dir='ltr'>dam</span> <span class='ocrx_word' id='word_1_193' title='bbox 331 1656 501 1694; x_wconf 82' lang='lat' dir='ltr'>judicibus</span> <span class='ocrx_word' id='word_1_194' title='bbox 529 1662 592 1686; x_wconf 87' lang='lat' dir='ltr'>tam</span> <span class='ocrx_word' id='word_1_195' title='bbox 616 1659 796 1689; x_wconf 87' lang='lat' dir='ltr'>ordinariis</span> <span class='ocrx_word' id='word_1_196' title='bbox 818 1670 917 1699; x_wconf 82' lang='lat' dir='ltr'>quam</span> <span class='ocrx_word' id='word_1_197' title='bbox 941 1661 1100 1699; x_wconf 69' lang='lat' dir='ltr'>delegatis</span> <span class='ocrx_word' id='word_1_198' title='bbox 1126 1673 1143 1693; x_wconf 89' lang='lat' dir='ltr'>a</span> <span class='ocrx_word' id='word_1_199' title='bbox 1165 1665 1247 1695; x_wconf 84' lang='lat' dir='ltr'>Sede</span> 
     </span>
     <span class='ocr_line' id='line_1_29' title="bbox 237 1707 1247 1748; baseline 0.012 -13"><span class='ocrx_word' id='word_1_200' title='bbox 237 1707 384 1745; x_wconf 86' lang='lat' dir='ltr'>predicta</span> <span class='ocrx_word' id='word_1_201' title='bbox 407 1718 464 1746; x_wconf 84' lang='lat' dir='ltr'>pro</span> <span class='ocrx_word' id='word_1_202' title='bbox 487 1709 609 1739; x_wconf 76' lang='lat' dir='ltr'>eisdem</span> <span class='ocrx_word' id='word_1_203' title='bbox 635 1711 752 1742; x_wconf 78' lang='lat' dir='ltr'>abbate</span> <span class='ocrx_word' id='word_1_204' title='bbox 769 1717 799 1742; x_wconf 90' lang='lat' dir='ltr'>et</span> <span class='ocrx_word' id='word_1_205' title='bbox 817 1719 980 1744; x_wconf 84' lang='lat' dir='ltr'>conventu</span> <span class='ocrx_word' id='word_1_206' title='bbox 998 1714 1097 1746; x_wconf 85' lang='lat' dir='ltr'>latas.</span> <span class='ocrx_word' id='word_1_207' title='bbox 1116 1725 1181 1746; x_wconf 88' lang='lat' dir='ltr'>non</span> <span class='ocrx_word' id='word_1_208' title='bbox 1199 1722 1247 1748; x_wconf 86' lang='lat' dir='ltr'>te-</span> 
     </span>
     <span class='ocr_line' id='line_1_30' title="bbox 236 1761 1244 1806; baseline 0.012 -18"><span class='ocrx_word' id='word_1_209' title='bbox 236 1769 315 1789; x_wconf 83' lang='lat' dir='ltr'>nere</span> <span class='ocrx_word' id='word_1_210' title='bbox 341 1761 546 1791; x_wconf 67' lang='lat' dir='ltr'>denuntiasti</span> <span class='ocrx_word' id='word_1_211' title='bbox 568 1772 604 1793; x_wconf 89' lang='lat' dir='ltr'>ac</span> <span class='ocrx_word' id='word_1_212' title='bbox 621 1766 823 1802; x_wconf 84' lang='lat' dir='ltr'>attemptasti</span> <span class='ocrx_word' id='word_1_213' title='bbox 842 1766 944 1796; x_wconf 83' lang='lat' dir='ltr'>multa</span> <span class='ocrx_word' id='word_1_214' title='bbox 963 1768 1028 1797; x_wconf 86' lang='lat' dir='ltr'>alia</span> <span class='ocrx_word' id='word_1_215' title='bbox 1047 1774 1160 1799; x_wconf 84' lang='lat' dir='ltr'>contra</span> <span class='ocrx_word' id='word_1_216' title='bbox 1174 1779 1244 1806; x_wconf 80' lang='lat' dir='ltr'>eos,</span> 
     </span>
     <span class='ocr_line' id='line_1_31' title="bbox 236 1813 1244 1855; baseline 0.011 -14"><span class='ocrx_word' id='word_1_217' title='bbox 236 1813 432 1843; x_wconf 88' lang='lat' dir='ltr'>auctoritate</span> <span class='ocrx_word' id='word_1_218' title='bbox 450 1814 638 1853; x_wconf 85' lang='lat' dir='ltr'>hujusmodi</span> <span class='ocrx_word' id='word_1_219' title='bbox 656 1817 854 1847; x_wconf 80' lang='lat' dir='ltr'>litterarum.</span> <span class='ocrx_word' id='word_1_220' title='bbox 873 1820 1033 1855; x_wconf 74' lang='lat' dir='ltr'>Quocirca</span> <span class='ocrx_word' id='word_1_221' title='bbox 1051 1822 1244 1852; x_wconf 73' lang='lat' dir='ltr'>discretioni</span> 
     </span>
     <span class='ocr_line' id='line_1_32' title="bbox 235 1867 1245 1911; baseline 0.012 -17"><span class='ocrx_word' id='word_1_222' title='bbox 235 1869 289 1894; x_wconf 84' lang='lat' dir='ltr'>tue</span> <span class='ocrx_word' id='word_1_223' title='bbox 309 1875 366 1903; x_wconf 87' lang='lat' dir='ltr'>per</span> <span class='ocrx_word' id='word_1_224' title='bbox 382 1867 561 1904; x_wconf 78' lang='lat' dir='ltr'>apostolica</span> <span class='ocrx_word' id='word_1_225' title='bbox 578 1869 701 1907; x_wconf 87' lang='lat' dir='ltr'>scripta</span> <span class='ocrx_word' id='word_1_226' title='bbox 718 1871 930 1906; x_wconf 84' lang='lat' dir='ltr'>mandamus,</span> <span class='ocrx_word' id='word_1_227' title='bbox 950 1874 1126 1911; x_wconf 82' lang='lat' dir='ltr'>quatinus,</span> <span class='ocrx_word' id='word_1_228' title='bbox 1146 1876 1174 1905; x_wconf 86' lang='lat' dir='ltr'>si</span> <span class='ocrx_word' id='word_1_229' title='bbox 1196 1881 1245 1906; x_wconf 83' lang='lat' dir='ltr'>est</span> 
     </span>
     <span class='ocr_line' id='line_1_33' title="bbox 233 1918 1243 1963; baseline 0.013 -17"><span class='ocrx_word' id='word_1_230' title='bbox 233 1918 291 1952; x_wconf 84' lang='lat' dir='ltr'>ita,</span> <span class='ocrx_word' id='word_1_231' title='bbox 306 1919 394 1948; x_wconf 74' lang='lat' dir='ltr'>infra</span> <span class='ocrx_word' id='word_1_232' title='bbox 408 1928 554 1950; x_wconf 85' lang='lat' dir='ltr'>mensem</span> <span class='ocrx_word' id='word_1_233' title='bbox 568 1927 639 1959; x_wconf 85' lang='lat' dir='ltr'>post</span> <span class='ocrx_word' id='word_1_234' title='bbox 653 1924 874 1961; x_wconf 81' lang='lat' dir='ltr'>receptionem</span> <span class='ocrx_word' id='word_1_235' title='bbox 890 1927 1095 1963; x_wconf 87' lang='lat' dir='ltr'>presentium</span> <span class='ocrx_word' id='word_1_236' title='bbox 1111 1938 1243 1959; x_wconf 79' lang='lat' dir='ltr'>revoces</span> 
     </span>
     <span class='ocr_line' id='line_1_34' title="bbox 231 1972 1242 2015; baseline 0.012 -15"><span class='ocrx_word' id='word_1_237' title='bbox 231 1980 290 2009; x_wconf 85' lang='lat' dir='ltr'>per</span> <span class='ocrx_word' id='word_1_238' title='bbox 317 1976 345 2002; x_wconf 85' lang='lat' dir='ltr'>te</span> <span class='ocrx_word' id='word_1_239' title='bbox 368 1972 477 2010; x_wconf 88' lang='lat' dir='ltr'>ipsum</span> <span class='ocrx_word' id='word_1_240' title='bbox 505 1974 664 2013; x_wconf 79' lang='lat' dir='ltr'>quicquid</span> <span class='ocrx_word' id='word_1_241' title='bbox 687 1980 900 2015; x_wconf 80' lang='lat' dir='ltr'>attemptasse</span> <span class='ocrx_word' id='word_1_242' title='bbox 923 1978 1106 2011; x_wconf 79' lang='lat' dir='ltr'>dinosceris</span> <span class='ocrx_word' id='word_1_243' title='bbox 1130 1986 1242 2012; x_wconf 82' lang='lat' dir='ltr'>contra</span> 
     </span>
     <span class='ocr_line' id='line_1_35' title="bbox 231 2025 1243 2074; baseline 0.012 -22"><span class='ocrx_word' id='word_1_244' title='bbox 231 2026 379 2054; x_wconf 83' lang='lat' dir='ltr'>tenorem</span> <span class='ocrx_word' id='word_1_245' title='bbox 392 2025 582 2064; x_wconf 76' lang='lat' dir='ltr'>huJusmodi</span> <span class='ocrx_word' id='word_1_246' title='bbox 592 2028 769 2064; x_wconf 76' lang='lat' dir='ltr'>cautionis,</span> <span class='ocrx_word' id='word_1_247' title='bbox 781 2034 811 2059; x_wconf 88' lang='lat' dir='ltr'>et</span> <span class='ocrx_word' id='word_1_248' title='bbox 821 2035 935 2061; x_wconf 85' lang='lat' dir='ltr'>contra</span> <span class='ocrx_word' id='word_1_249' title='bbox 948 2041 1002 2062; x_wconf 87' lang='lat' dir='ltr'>eos</span> <span class='ocrx_word' id='word_1_250' title='bbox 1015 2033 1052 2063; x_wconf 88' lang='lat' dir='ltr'>de</span> <span class='ocrx_word' id='word_1_251' title='bbox 1065 2038 1173 2064; x_wconf 84' lang='lat' dir='ltr'>cetero</span> <span class='ocrx_word' id='word_1_252' title='bbox 1184 2044 1243 2074; x_wconf 83' lang='lat' dir='ltr'>per</span> 
     </span>
     <span class='ocr_line' id='line_1_36' title="bbox 230 2076 1239 2123; baseline 0.013 -19"><span class='ocrx_word' id='word_1_253' title='bbox 230 2076 362 2106; x_wconf 89' lang='lat' dir='ltr'>easdem</span> <span class='ocrx_word' id='word_1_254' title='bbox 377 2077 505 2120; x_wconf 74' lang='lat' dir='ltr'>litteras</span> <span class='ocrx_word' id='word_1_255' title='bbox 520 2088 585 2108; x_wconf 90' lang='lat' dir='ltr'>non</span> <span class='ocrx_word' id='word_1_256' title='bbox 601 2081 770 2118; x_wconf 85' lang='lat' dir='ltr'>procedas.</span> <span class='ocrx_word' id='word_1_257' title='bbox 789 2082 948 2122; x_wconf 82' lang='lat' dir='ltr'>Alioquin</span> <span class='ocrx_word' id='word_1_258' title='bbox 965 2085 1095 2116; x_wconf 85' lang='lat' dir='ltr'>dilectis</span> <span class='ocrx_word' id='word_1_259' title='bbox 1111 2087 1191 2118; x_wconf 89' lang='lat' dir='ltr'>filiis</span> <span class='ocrx_word' id='word_1_260' title='bbox 1207 2111 1239 2123; x_wconf 91' lang='lat'>..,</span> 
     </span>
     <span class='ocr_line' id='line_1_37' title="bbox 228 2129 1239 2178; baseline 0.013 -20"><span class='ocrx_word' id='word_1_261' title='bbox 228 2129 463 2161; x_wconf 82' lang='lat' dir='ltr'>archidiacono</span> <span class='ocrx_word' id='word_1_262' title='bbox 486 2132 700 2164; x_wconf 67' lang='lat' dir='ltr'>Yasalinensi</span> <span class='ocrx_word' id='word_1_263' title='bbox 729 2135 764 2164; x_wconf 89' lang='lat' dir='ltr'>in</span> <span class='ocrx_word' id='word_1_264' title='bbox 796 2132 936 2167; x_wconf 82' lang='lat' dir='ltr'>ecclesia</span> <span class='ocrx_word' id='word_1_265' title='bbox 963 2139 1175 2176; x_wconf 79' lang='lat' dir='ltr'>Agennensi,</span> <span class='ocrx_word' id='word_1_266' title='bbox 1206 2165 1239 2178; x_wconf 88' lang='lat'>..,</span> 
     </span>
     <span class='ocr_line' id='line_1_38' title="bbox 228 2182 1241 2225; baseline 0.015 -15"><span class='ocrx_word' id='word_1_267' title='bbox 228 2182 343 2220; x_wconf 79' lang='lat' dir='ltr'>priori,</span> <span class='ocrx_word' id='word_1_268' title='bbox 355 2187 385 2213; x_wconf 89' lang='lat' dir='ltr'>et</span> <span class='ocrx_word' id='word_1_269' title='bbox 400 2184 558 2222; x_wconf 74' lang='lat' dir='ltr'>magistro</span> <span class='ocrx_word' id='word_1_270' title='bbox 570 2186 746 2223; x_wconf 80' lang='lat' dir='ltr'>Adeberto,</span> <span class='ocrx_word' id='word_1_271' title='bbox 759 2190 919 2220; x_wconf 89' lang='lat' dir='ltr'>canonico</span> <span class='ocrx_word' id='word_1_272' title='bbox 931 2191 1092 2222; x_wconf 86' lang='lat' dir='ltr'>secularis</span> <span class='ocrx_word' id='word_1_273' title='bbox 1102 2194 1241 2225; x_wconf 84' lang='lat' dir='ltr'>ecclesie</span> 
     </span>
     <span class='ocr_line' id='line_1_39' title="bbox 229 2234 1239 2278; baseline 0.014 -14"><span class='ocrx_word' id='word_1_274' title='bbox 229 2234 342 2265; x_wconf 82' lang='lat' dir='ltr'>Sancti</span> <span class='ocrx_word' id='word_1_275' title='bbox 363 2237 514 2275; x_wconf 84' lang='lat' dir='ltr'>Caprasii</span> <span class='ocrx_word' id='word_1_276' title='bbox 534 2240 761 2276; x_wconf 76' lang='lat' dir='ltr'>Agennensis,</span> <span class='ocrx_word' id='word_1_277' title='bbox 782 2242 899 2273; x_wconf 86' lang='lat' dir='ltr'>damus</span> <span class='ocrx_word' id='word_1_278' title='bbox 922 2246 1045 2276; x_wconf 86' lang='lat' dir='ltr'>nostris</span> <span class='ocrx_word' id='word_1_279' title='bbox 1064 2246 1186 2278; x_wconf 89' lang='lat' dir='ltr'>litteris</span> <span class='ocrx_word' id='word_1_280' title='bbox 1205 2249 1239 2278; x_wconf 88' lang='lat' dir='ltr'>in</span> 
     </span>
     <span class='ocr_line' id='line_1_40' title="bbox 228 2288 1240 2336; baseline 0.016 -21"><span class='ocrx_word' id='word_1_281' title='bbox 228 2288 409 2323; x_wconf 85' lang='lat' dir='ltr'>mandatis,</span> <span class='ocrx_word' id='word_1_282' title='bbox 435 2294 470 2319; x_wconf 90' lang='lat' dir='ltr'>ut</span> <span class='ocrx_word' id='word_1_283' title='bbox 495 2291 559 2328; x_wconf 88' lang='lat' dir='ltr'>ipsi</span> <span class='ocrx_word' id='word_1_284' title='bbox 585 2297 703 2323; x_wconf 81' lang='lat' dir='ltr'>extunc</span> <span class='ocrx_word' id='word_1_285' title='bbox 730 2294 764 2323; x_wconf 90' lang='lat' dir='ltr'>id</span> <span class='ocrx_word' id='word_1_286' title='bbox 785 2301 940 2326; x_wconf 81' lang='lat' dir='ltr'>revocent</span> <span class='ocrx_word' id='word_1_287' title='bbox 961 2298 1054 2336; x_wconf 72' lang='lat' dir='ltr'>Juxta</span> <span class='ocrx_word' id='word_1_288' title='bbox 1086 2300 1240 2330; x_wconf 76' lang='lat' dir='ltr'>traditam</span> 
     </span>
     <span class='ocr_line' id='line_1_41' title="bbox 228 2339 1239 2389; baseline 0.017 -22"><span class='ocrx_word' id='word_1_289' title='bbox 228 2339 287 2368; x_wconf 89' lang='lat' dir='ltr'>tibi</span> <span class='ocrx_word' id='word_1_290' title='bbox 304 2341 455 2372; x_wconf 75' lang='lat' dir='ltr'>sormam.</span> <span class='ocrx_word' id='word_1_291' title='bbox 477 2343 745 2376; x_wconf 86' lang='lat' dir='ltr'>Contradictores</span> <span class='ocrx_word' id='word_1_292' title='bbox 762 2351 822 2378; x_wconf 87' lang='lat' dir='ltr'>etc.</span> <span class='ocrx_word' id='word_1_293' title='bbox 842 2349 915 2379; x_wconf 86' lang='lat' dir='ltr'>Dat.</span> <span class='ocrx_word' id='word_1_294' title='bbox 932 2351 1099 2389; x_wconf 80' lang='lat' dir='ltr'>Anagnie,</span> <span class='ocrx_word' id='word_1_295' title='bbox 1119 2354 1147 2383; x_wconf 73' lang='lat' dir='ltr'>V</span> <span class='ocrx_word' id='word_1_296' title='bbox 1164 2354 1239 2384; x_wconf 90' lang='lat' dir='ltr'>idus</span> 
     </span>
     <span class='ocr_line' id='line_1_42' title="bbox 223 2391 638 2430; baseline 0.01 -10"><span class='ocrx_word' id='word_1_297' title='bbox 223 2391 324 2430; x_wconf 90' lang='lat' dir='ltr'>junii,</span> <span class='ocrx_word' id='word_1_298' title='bbox 343 2402 429 2423; x_wconf 82' lang='lat' dir='ltr'>anno</span> <span class='ocrx_word' id='word_1_299' title='bbox 449 2397 603 2426; x_wconf 87' lang='lat' dir='ltr'>secundo.</span> <span class='ocrx_word' id='word_1_300' title='bbox 625 2410 638 2424; x_wconf 85' lang='lat'>»</span> 
     </span>
    </p>
   </div>
   <div class='ocr_carea' id='block_1_3' title="bbox 222 2557 1235 2798">
    <p class='ocr_par' dir='ltr' id='par_1_4' title="bbox 222 2557 1235 2798">
     <span class='ocr_line' id='line_1_43' title="bbox 302 2557 1162 2602; baseline 0.021 -22"><span class='ocrx_word' id='word_1_301' title='bbox 302 2557 418 2585; x_wconf 74' lang='lat'>¹418</span> <span class='ocrx_word' id='word_1_302' title='bbox 785 2565 911 2600; x_wconf 83' lang='lat' dir='ltr'>Anagni,</span> <span class='ocrx_word' id='word_1_303' title='bbox 933 2568 960 2594; x_wconf 88' lang='grc'>14</span> <span class='ocrx_word' id='word_1_304' title='bbox 973 2569 1069 2602; x_wconf 69' lang='lat' dir='ltr'>juillet</span> <span class='ocrx_word' id='word_1_305' title='bbox 1087 2571 1162 2598; x_wconf 72' lang='lat'>1256.</span> 
     </span>
     <span class='ocr_line' id='line_1_44' title="bbox 261 2617 1235 2662; baseline 0.02 -20"><span class='ocrx_word' id='word_1_306' title='bbox 261 2617 422 2644; x_wconf 80' lang='lat' dir='ltr'>conventui</span> <span class='ocrx_word' id='word_1_307' title='bbox 445 2623 612 2648; x_wconf 84' lang='lat' dir='ltr'>monasterii</span> <span class='ocrx_word' id='word_1_308' title='bbox 636 2622 822 2653; x_wconf 79' lang='lat' dir='ltr'>Fossateusis</span> <span class='ocrx_word' id='word_1_309' title='bbox 839 2628 968 2662; x_wconf 81' lang='lat' dir='ltr'>mandat,</span> <span class='ocrx_word' id='word_1_310' title='bbox 987 2635 1030 2662; x_wconf 86' lang='lat' dir='ltr'>ut,</span> <span class='ocrx_word' id='word_1_311' title='bbox 1051 2631 1166 2660; x_wconf 78' lang='lat' dir='ltr'>Petrum</span> <span class='ocrx_word' id='word_1_312' title='bbox 1183 2636 1235 2661; x_wconf 86' lang='lat' dir='ltr'>ab-</span> 
     </span>
     <span class='ocr_line' id='line_1_45' title="bbox 225 2665 1235 2718; baseline 0.021 -28"><span class='ocrx_word' id='word_1_313' title='bbox 225 2665 334 2699; x_wconf 78' lang='lat' dir='ltr'>batem,</span> <span class='ocrx_word' id='word_1_314' title='bbox 350 2670 420 2693; x_wconf 88' lang='lat' dir='ltr'>tunc</span> <span class='ocrx_word' id='word_1_315' title='bbox 436 2668 558 2703; x_wconf 83' lang='lat' dir='ltr'>priorem</span> <span class='ocrx_word' id='word_1_316' title='bbox 578 2670 608 2697; x_wconf 87' lang='lat' dir='ltr'>S.</span> <span class='ocrx_word' id='word_1_317' title='bbox 633 2671 717 2706; x_wconf 77' lang='lat' dir='ltr'>Eligii</span> <span class='ocrx_word' id='word_1_318' title='bbox 739 2673 929 2708; x_wconf 61' lang='lat' dir='ltr'>parisiensis,</span> <span class='ocrx_word' id='word_1_319' title='bbox 952 2678 1076 2714; x_wconf 81' lang='lat' dir='ltr'>benigne</span> <span class='ocrx_word' id='word_1_320' title='bbox 1093 2683 1235 2718; x_wconf 83' lang='lat' dir='ltr'>recipien-</span> 
     </span>
     <span class='ocr_line' id='line_1_46' title="bbox 224 2714 1231 2764; baseline 0.021 -26"><span class='ocrx_word' id='word_1_321' title='bbox 224 2717 278 2745; x_wconf 75' lang='lat' dir='ltr'>tes,</span> <span class='ocrx_word' id='word_1_322' title='bbox 289 2714 313 2739; x_wconf 86' lang='lat' dir='ltr'>ei</span> <span class='ocrx_word' id='word_1_323' title='bbox 330 2715 521 2743; x_wconf 83' lang='lat' dir='ltr'>obedientiam</span> <span class='ocrx_word' id='word_1_324' title='bbox 535 2723 561 2744; x_wconf 75' lang='lat' dir='ltr'>ct</span> <span class='ocrx_word' id='word_1_325' title='bbox 573 2722 764 2748; x_wconf 83' lang='lat' dir='ltr'>reverentiam</span> <span class='ocrx_word' id='word_1_326' title='bbox 782 2723 908 2751; x_wconf 80' lang='lat' dir='ltr'>debitam</span> <span class='ocrx_word' id='word_1_327' title='bbox 919 2727 1083 2756; x_wconf 81' lang='lat' dir='ltr'>exhibeant.</span> <span class='ocrx_word' id='word_1_328' title='bbox 1095 2730 1178 2763; x_wconf 63' lang='lat' dir='ltr'>(luo.</span> <span class='ocrx_word' id='word_1_329' title='bbox 1189 2732 1231 2764; x_wconf 68' lang='lat'>24,</span> 
     </span>
     <span class='ocr_line' id='line_1_47' title="bbox 222 2761 593 2798; baseline 0.019 -12"><span class='ocrx_word' id='word_1_330' title='bbox 222 2761 243 2788; x_wconf 77' lang='lat' dir='ltr'>f.</span> <span class='ocrx_word' id='word_1_331' title='bbox 264 2761 321 2794; x_wconf 73' lang='grc'>181,</span> <span class='ocrx_word' id='word_1_332' title='bbox 339 2771 404 2789; x_wconf 86' lang='lat' dir='ltr'>ann.</span> <span class='ocrx_word' id='word_1_333' title='bbox 423 2763 459 2797; x_wconf 91' lang='grc' dir='ltr'>ΙΙ,</span> <span class='ocrx_word' id='word_1_334' title='bbox 477 2772 502 2791; x_wconf 89' lang='lat' dir='ltr'>c.</span> <span class='ocrx_word' id='word_1_335' title='bbox 520 2765 593 2798; x_wconf 74' lang='lat'><strong>339.)</strong></span> 
     </span>
    </p>
   </div>
   <div class='ocr_carea' id='block_1_4' title="bbox 263 2863 1232 2912">
    <p class='ocr_par' dir='ltr' id='par_1_5' title="bbox 263 2863 1232 2912">
     <span class='ocr_line' id='line_1_48' title="bbox 263 2863 1232 2912; baseline 0.024 -23"><span class='ocrx_word' id='word_1_336' title='bbox 263 2873 277 2888; x_wconf 77' lang='grc' dir='ltr'>α</span> <span class='ocrx_word' id='word_1_337' title='bbox 295 2863 465 2894; x_wconf 77' lang='lat' dir='ltr'>Conventuz·</span> <span class='ocrx_word' id='word_1_338' title='bbox 479 2870 660 2898; x_wconf 75' lang='lat' dir='ltr'>monasterii</span> <span class='ocrx_word' id='word_1_339' title='bbox 674 2870 868 2910; x_wconf 70' lang='lat' dir='ltr'>Fossatensfs,</span> <span class='ocrx_word' id='word_1_340' title='bbox 889 2876 1010 2906; x_wconf 77' lang='lat' dir='ltr'>ordinis</span> <span class='ocrx_word' id='word_1_341' title='bbox 1024 2882 1126 2909; x_wconf 77' lang='lat' dir='ltr'>sancti</span> <span class='ocrx_word' id='word_1_342' title='bbox 1139 2881 1232 2912; x_wconf 78' lang='lat' dir='ltr'>Bene-</span> 
     </span>
    </p>
   </div>
   <div class='ocr_carea' id='block_1_5' title="bbox 1343 286 2353 380">
    <p class='ocr_par' dir='ltr' id='par_1_6' title="bbox 1343 286 2353 380">
     <span class='ocr_line' id='line_1_49' title="bbox 1343 286 2353 329; baseline 0.009 -14"><span class='ocrx_word' id='word_1_343' title='bbox 1343 286 1432 322; x_wconf 80' lang='lat' dir='ltr'>dicti,</span> <span class='ocrx_word' id='word_1_344' title='bbox 1452 288 1638 318; x_wconf 84' lang='lat' dir='ltr'>Parisiensis</span> <span class='ocrx_word' id='word_1_345' title='bbox 1653 289 1788 318; x_wconf 77' lang='lat' dir='ltr'>diocesis.</span> <span class='ocrx_word' id='word_1_346' title='bbox 1806 289 1877 326; x_wconf 88' lang='lat' dir='ltr'>Que</span> <span class='ocrx_word' id='word_1_347' title='bbox 1891 289 1931 320; x_wconf 85' lang='lat' dir='ltr'>de</span> <span class='ocrx_word' id='word_1_348' title='bbox 1947 291 2084 329; x_wconf 88' lang='lat' dir='ltr'>speciali</span> <span class='ocrx_word' id='word_1_349' title='bbox 2099 309 2148 321; x_wconf 93' lang='lat'>—.</span> <span class='ocrx_word' id='word_1_350' title='bbox 2170 293 2244 323; x_wconf 85' lang='lat' dir='ltr'>Dat.</span> <span class='ocrx_word' id='word_1_351' title='bbox 2261 294 2353 324; x_wconf 87' lang='lat' dir='ltr'>Ana-</span> 
     </span>
     <span class='ocr_line' id='line_1_50' title="bbox 1344 340 1990 380; baseline 0.003 -12"><span class='ocrx_word' id='word_1_352' title='bbox 1344 340 1430 378; x_wconf 87' lang='lat' dir='ltr'>gnie,</span> <span class='ocrx_word' id='word_1_353' title='bbox 1450 340 1483 370; x_wconf 95' lang='lat' dir='ltr'>II</span> <span class='ocrx_word' id='word_1_354' title='bbox 1499 340 1574 371; x_wconf 87' lang='lat' dir='ltr'>idus</span> <span class='ocrx_word' id='word_1_355' title='bbox 1587 340 1676 380; x_wconf 85' lang='lat' dir='ltr'>julii,</span> <span class='ocrx_word' id='word_1_356' title='bbox 1695 350 1782 372; x_wconf 87' lang='lat' dir='ltr'>anno</span> <span class='ocrx_word' id='word_1_357' title='bbox 1799 342 1955 373; x_wconf 87' lang='lat' dir='ltr'>secundo.</span> <span class='ocrx_word' id='word_1_358' title='bbox 1977 355 1990 370; x_wconf 78' lang='lat'>»</span> 
     </span>
    </p>
   </div>
   <div class='ocr_carea' id='block_1_6' title="bbox 1415 526 2278 565">
    <p class='ocr_par' dir='ltr' id='par_1_7' title="bbox 1415 526 2278 565">
     <span class='ocr_line' id='line_1_51' title="bbox 1415 526 2278 565; baseline 0.005 -11"><span class='ocrx_word' id='word_1_359' title='bbox 1415 526 1532 554; x_wconf 75' lang='lat'>14¹9</span> <span class='ocrx_word' id='word_1_360' title='bbox 1895 529 2025 563; x_wconf 83' lang='lat' dir='ltr'>Anagni,</span> <span class='ocrx_word' id='word_1_361' title='bbox 2045 530 2076 556; x_wconf 70' lang='lat'>1⁴</span> <span class='ocrx_word' id='word_1_362' title='bbox 2089 531 2185 565; x_wconf 85' lang='lat' dir='ltr'>juillet</span> <span class='ocrx_word' id='word_1_363' title='bbox 2201 531 2278 559; x_wconf 72' lang='lat'><strong>1256.</strong></span> 
     </span>
    </p>
   </div>
   <div class='ocr_carea' id='block_1_7' title="bbox 1340 587 2351 719">
    <p class='ocr_par' dir='ltr' id='par_1_8' title="bbox 1340 587 2351 719">
     <span class='ocr_line' id='line_1_52' title="bbox 1376 587 2351 623; baseline 0.006 -9"><span class='ocrx_word' id='word_1_364' title='bbox 1376 587 1522 623; x_wconf 80' lang='lat' dir='ltr'>Episcopo</span> <span class='ocrx_word' id='word_1_365' title='bbox 1540 587 1698 615; x_wconf 73' lang='lat' dir='ltr'>parisiensi</span> <span class='ocrx_word' id='word_1_366' title='bbox 1715 589 1844 622; x_wconf 85' lang='lat' dir='ltr'>mandat,</span> <span class='ocrx_word' id='word_1_367' title='bbox 1863 594 1894 617; x_wconf 89' lang='lat' dir='ltr'>ut</span> <span class='ocrx_word' id='word_1_368' title='bbox 1914 590 2007 618; x_wconf 88' lang='lat' dir='ltr'>eidem</span> <span class='ocrx_word' id='word_1_369' title='bbox 2031 590 2114 618; x_wconf 80' lang='lat' dir='ltr'>Petro</span> <span class='ocrx_word' id='word_1_370' title='bbox 2137 592 2351 620; x_wconf 82' lang='lat' dir='ltr'>benedictionis</span> 
     </span>
     <span class='ocr_line' id='line_1_53' title="bbox 1341 636 2348 675; baseline 0.007 -12"><span class='ocrx_word' id='word_1_371' title='bbox 1341 645 1449 663; x_wconf 87' lang='lat' dir='ltr'>munus</span> <span class='ocrx_word' id='word_1_372' title='bbox 1465 636 1612 670; x_wconf 87' lang='lat' dir='ltr'>impendat.</span> <span class='ocrx_word' id='word_1_373' title='bbox 1626 642 1654 664; x_wconf 85' lang='lat' dir='ltr'>et</span> <span class='ocrx_word' id='word_1_374' title='bbox 1669 646 1684 664; x_wconf 85' lang='lat' dir='ltr'>a</span> <span class='ocrx_word' id='word_1_375' title='bbox 1701 638 1826 665; x_wconf 83' lang='lat' dir='ltr'>subditis</span> <span class='ocrx_word' id='word_1_376' title='bbox 1839 639 1924 666; x_wconf 83' lang='lat' dir='ltr'>saciat</span> <span class='ocrx_word' id='word_1_377' title='bbox 1940 639 2060 667; x_wconf 85' lang='lat' dir='ltr'>obediri.</span> <span class='ocrx_word' id='word_1_378' title='bbox 2079 640 2161 672; x_wconf 67' lang='lat' dir='ltr'>(Rau.</span> <span class='ocrx_word' id='word_1_379' title='bbox 2183 641 2232 675; x_wconf 74' lang='lat'>⁶24,</span> <span class='ocrx_word' id='word_1_380' title='bbox 2249 642 2268 669; x_wconf 80' lang='lat' dir='ltr'>s.</span> <span class='ocrx_word' id='word_1_381' title='bbox 2288 642 2348 675; x_wconf 68' lang='lat'>18⁴,</span> 
     </span>
     <span class='ocr_line' id='line_1_54' title="bbox 1340 685 1602 719; baseline 0.008 -8"><span class='ocrx_word' id='word_1_382' title='bbox 1340 694 1406 711; x_wconf 85' lang='lat' dir='ltr'>ann.</span> <span class='ocrx_word' id='word_1_383' title='bbox 1426 685 1466 718; x_wconf 86' lang='lat'>11,</span> <span class='ocrx_word' id='word_1_384' title='bbox 1484 694 1510 713; x_wconf 85' lang='lat' dir='ltr'>c.</span> <span class='ocrx_word' id='word_1_385' title='bbox 1528 685 1602 719; x_wconf 83' lang='lat'><strong>340.)</strong></span> 
     </span>
    </p>
   </div>
   <div class='ocr_carea' id='block_1_8' title="bbox 1340 789 2350 881">
    <p class='ocr_par' dir='ltr' id='par_1_9' title="bbox 1340 789 2350 881">
     <span class='ocr_line' id='line_1_55' title="bbox 1381 789 2350 828; baseline 0.007 -13"><span class='ocrx_word' id='word_1_386' title='bbox 1381 800 1394 814; x_wconf 71' lang='grc' dir='ltr'>ιι</span> <span class='ocrx_word' id='word_1_387' title='bbox 1412 811 1444 823; x_wconf 85' lang='lat'>..,</span> <span class='ocrx_word' id='word_1_388' title='bbox 1460 789 1594 826; x_wconf 82' lang='lat' dir='ltr'>episcopo</span> <span class='ocrx_word' id='word_1_389' title='bbox 1611 789 1791 818; x_wconf 82' lang='lat' dir='ltr'>Parisiensi.</span> <span class='ocrx_word' id='word_1_390' title='bbox 1808 789 1878 825; x_wconf 85' lang='lat' dir='ltr'>Que</span> <span class='ocrx_word' id='word_1_391' title='bbox 1895 789 1934 819; x_wconf 86' lang='lat' dir='ltr'>de</span> <span class='ocrx_word' id='word_1_392' title='bbox 1950 789 2087 828; x_wconf 85' lang='lat' dir='ltr'>speciali</span> <span class='ocrx_word' id='word_1_393' title='bbox 2100 808 2149 819; x_wconf 91' lang='grc'>-.</span> <span class='ocrx_word' id='word_1_394' title='bbox 2167 791 2240 821; x_wconf 84' lang='lat' dir='ltr'>Dat.</span> <span class='ocrx_word' id='word_1_395' title='bbox 2257 791 2350 822; x_wconf 88' lang='lat' dir='ltr'>Ana-</span> 
     </span>
     <span class='ocr_line' id='line_1_56' title="bbox 1340 841 1986 881; baseline -0.002 -11"><span class='ocrx_word' id='word_1_396' title='bbox 1340 841 1427 879; x_wconf 84' lang='lat' dir='ltr'>gnie,</span> <span class='ocrx_word' id='word_1_397' title='bbox 1447 842 1478 871; x_wconf 94' lang='lat' dir='ltr'>II</span> <span class='ocrx_word' id='word_1_398' title='bbox 1495 841 1569 871; x_wconf 89' lang='lat' dir='ltr'>idus</span> <span class='ocrx_word' id='word_1_399' title='bbox 1584 841 1671 881; x_wconf 87' lang='lat' dir='ltr'>julii,</span> <span class='ocrx_word' id='word_1_400' title='bbox 1692 850 1780 872; x_wconf 87' lang='lat' dir='ltr'>anno</span> <span class='ocrx_word' id='word_1_401' title='bbox 1796 842 1950 873; x_wconf 89' lang='lat' dir='ltr'>secundo.</span> <span class='ocrx_word' id='word_1_402' title='bbox 1973 855 1986 869; x_wconf 67' lang='lat' dir='ltr'>n</span> 
     </span>
    </p>
   </div>
   <div class='ocr_carea' id='block_1_9' title="bbox 1411 1026 1532 1054">
    <p class='ocr_par' dir='ltr' id='par_1_10' title="bbox 1411 1026 1532 1054">
     <span class='ocr_line' id='line_1_57' title="bbox 1411 1026 1532 1054; baseline 0.008 -1"><span class='ocrx_word' id='word_1_403' title='bbox 1411 1026 1532 1054; x_wconf 67' lang='lat'>¹420</span> 
     </span>
    </p>
   </div>
   <div class='ocr_carea' id='block_1_10' title="bbox 1335 1087 2348 1221">
    <p class='ocr_par' dir='ltr' id='par_1_11' title="bbox 1335 1087 2348 1221">
     <span class='ocr_line' id='line_1_58' title="bbox 1372 1087 2348 1125; baseline 0.004 -11"><span class='ocrx_word' id='word_1_404' title='bbox 1372 1087 1517 1115; x_wconf 87' lang='lat' dir='ltr'>Unionem</span> <span class='ocrx_word' id='word_1_405' title='bbox 1533 1088 1564 1114; x_wconf 85' lang='lat' dir='ltr'>S.</span> <span class='ocrx_word' id='word_1_406' title='bbox 1588 1088 1694 1115; x_wconf 80' lang='lat' dir='ltr'>Mariae</span> <span class='ocrx_word' id='word_1_407' title='bbox 1715 1093 1743 1115; x_wconf 87' lang='lat' dir='ltr'>et</span> <span class='ocrx_word' id='word_1_408' title='bbox 1765 1089 1796 1116; x_wconf 89' lang='lat' dir='ltr'>S.</span> <span class='ocrx_word' id='word_1_409' title='bbox 1815 1089 1964 1116; x_wconf 79' lang='lat' dir='ltr'>Michaelis</span> <span class='ocrx_word' id='word_1_410' title='bbox 1979 1090 2014 1116; x_wconf 91' lang='lat' dir='ltr'>de</span> <span class='ocrx_word' id='word_1_411' title='bbox 2030 1090 2189 1125; x_wconf 75' lang='lat' dir='ltr'>Offenengo</span> <span class='ocrx_word' id='word_1_412' title='bbox 2205 1090 2348 1118; x_wconf 78' lang='lat' dir='ltr'>ccclesia·</span> 
     </span>
     <span class='ocr_line' id='line_1_59' title="bbox 1337 1138 2345 1174; baseline 0.005 -12"><span class='ocrx_word' id='word_1_413' title='bbox 1337 1145 1411 1167; x_wconf 86' lang='lat' dir='ltr'>rum,</span> <span class='ocrx_word' id='word_1_414' title='bbox 1429 1141 1545 1171; x_wconf 87' lang='lat' dir='ltr'>propter</span> <span class='ocrx_word' id='word_1_415' title='bbox 1560 1138 1729 1164; x_wconf 81' lang='lat' dir='ltr'>tenuitatem</span> <span class='ocrx_word' id='word_1_416' title='bbox 1747 1142 1939 1172; x_wconf 86' lang='lat' dir='ltr'>proventuum</span> <span class='ocrx_word' id='word_1_417' title='bbox 1954 1139 1989 1164; x_wconf 86' lang='lat' dir='ltr'>ab</span> <span class='ocrx_word' id='word_1_418' title='bbox 2005 1140 2144 1174; x_wconf 82' lang='lat' dir='ltr'>episcopo</span> <span class='ocrx_word' id='word_1_419' title='bbox 2155 1138 2345 1167; x_wconf 84' lang='lat' dir='ltr'>Cremonensi</span> 
     </span>
     <span class='ocr_line' id='line_1_60' title="bbox 1335 1185 2179 1221; baseline 0.005 -11"><span class='ocrx_word' id='word_1_420' title='bbox 1335 1185 1450 1218; x_wconf 81' lang='lat' dir='ltr'>factam,</span> <span class='ocrx_word' id='word_1_421' title='bbox 1466 1185 1626 1211; x_wconf 84' lang='lat' dir='ltr'>confirmat.</span> <span class='ocrx_word' id='word_1_422' title='bbox 1644 1185 1728 1218; x_wconf 63' lang='lat' dir='ltr'>(Rea.</span> <span class='ocrx_word' id='word_1_423' title='bbox 1745 1186 1790 1217; x_wconf 72' lang='lat'>⁴24,</span> <span class='ocrx_word' id='word_1_424' title='bbox 1807 1186 1826 1212; x_wconf 80' lang='lat' dir='ltr'>f.</span> <span class='ocrx_word' id='word_1_425' title='bbox 1848 1186 1904 1219; x_wconf 80' lang='lat'>184,</span> <span class='ocrx_word' id='word_1_426' title='bbox 1923 1194 1988 1213; x_wconf 83' lang='lat' dir='ltr'>ann.</span> <span class='ocrx_word' id='word_1_427' title='bbox 2007 1186 2044 1220; x_wconf 88' lang='lat'>11,</span> <span class='ocrx_word' id='word_1_428' title='bbox 2061 1195 2088 1214; x_wconf 91' lang='lat' dir='ltr'>c.</span> <span class='ocrx_word' id='word_1_429' title='bbox 2106 1187 2179 1221; x_wconf 69' lang='lat'><strong>341.)</strong></span> 
     </span>
    </p>
   </div>
   <div class='ocr_carea' id='block_1_11' title="bbox 1889 1028 2273 1063">
    <p class='ocr_par' dir='ltr' id='par_1_12' title="bbox 1889 1028 2273 1063">
     <span class='ocr_line' id='line_1_61' title="bbox 1889 1028 2273 1063; baseline 0.008 -10"><span class='ocrx_word' id='word_1_430' title='bbox 1889 1028 2016 1063; x_wconf 83' lang='lat' dir='ltr'>Anagni,</span> <span class='ocrx_word' id='word_1_431' title='bbox 2038 1029 2065 1054; x_wconf 86' lang='grc'>11</span> <span class='ocrx_word' id='word_1_432' title='bbox 2082 1028 2178 1062; x_wconf 84' lang='lat' dir='ltr'>juillet</span> <span class='ocrx_word' id='word_1_433' title='bbox 2196 1029 2273 1056; x_wconf 62' lang='lat'>1256.</span> 
     </span>
    </p>
   </div>
   <div class='ocr_carea' id='block_1_12' title="bbox 1331 1286 2345 1486">
    <p class='ocr_par' dir='ltr' id='par_1_13' title="bbox 1331 1286 2345 1486">
     <span class='ocr_line' id='line_1_62' title="bbox 1376 1286 2345 1326; baseline 0.004 -11"><span class='ocrx_word' id='word_1_434' title='bbox 1376 1298 1388 1312; x_wconf 80' lang='grc' dir='ltr'>α</span> <span class='ocrx_word' id='word_1_435' title='bbox 1413 1286 1522 1316; x_wconf 76' lang='lat' dir='ltr'>Sancte</span> <span class='ocrx_word' id='word_1_436' title='bbox 1537 1287 1632 1315; x_wconf 71' lang='lat' dir='ltr'>Mario</span> <span class='ocrx_word' id='word_1_437' title='bbox 1648 1292 1673 1316; x_wconf 80' lang='lat' dir='ltr'>cc</span> <span class='ocrx_word' id='word_1_438' title='bbox 1691 1287 1798 1316; x_wconf 80' lang='lat' dir='ltr'>Sancti</span> <span class='ocrx_word' id='word_1_439' title='bbox 1814 1288 1969 1317; x_wconf 77' lang='lat' dir='ltr'>Michaelis</span> <span class='ocrx_word' id='word_1_440' title='bbox 1982 1289 2016 1317; x_wconf 77' lang='lat' dir='ltr'>(Ie</span> <span class='ocrx_word' id='word_1_441' title='bbox 2033 1288 2188 1326; x_wconf 70' lang='lat' dir='ltr'>Offenenyo</span> <span class='ocrx_word' id='word_1_442' title='bbox 2203 1290 2345 1319; x_wconf 83' lang='lat' dir='ltr'>ecclesia-</span> 
     </span>
     <span class='ocr_line' id='line_1_63' title="bbox 1332 1340 2345 1379; baseline 0.004 -12"><span class='ocrx_word' id='word_1_443' title='bbox 1332 1348 1402 1367; x_wconf 76' lang='lat' dir='ltr'>rum</span> <span class='ocrx_word' id='word_1_444' title='bbox 1423 1340 1684 1377; x_wconf 75' lang='lat' dir='ltr'>archipresbytero</span> <span class='ocrx_word' id='word_1_445' title='bbox 1702 1345 1728 1368; x_wconf 82' lang='lat' dir='ltr'>el</span> <span class='ocrx_word' id='word_1_446' title='bbox 1748 1341 1896 1377; x_wconf 80' lang='lat' dir='ltr'>capitulo,</span> <span class='ocrx_word' id='word_1_447' title='bbox 1917 1350 2049 1378; x_wconf 77' lang='lat' dir='ltr'>quarum</span> <span class='ocrx_word' id='word_1_448' title='bbox 2070 1350 2132 1370; x_wconf 81' lang='grc' dir='ltr'>ιιηα</span> <span class='ocrx_word' id='word_1_449' title='bbox 2149 1342 2290 1379; x_wconf 77' lang='lat' dir='ltr'>dependet</span> <span class='ocrx_word' id='word_1_450' title='bbox 2307 1342 2345 1371; x_wconf 84' lang='lat' dir='ltr'>ab</span> 
     </span>
     <span class='ocr_line' id='line_1_64' title="bbox 1331 1393 2344 1432; baseline 0.003 -11"><span class='ocrx_word' id='word_1_451' title='bbox 1331 1393 1438 1428; x_wconf 78' lang='lat' dir='ltr'>altera,</span> <span class='ocrx_word' id='word_1_452' title='bbox 1461 1393 1671 1423; x_wconf 73' lang='lat' dir='ltr'>Cremonensis</span> <span class='ocrx_word' id='word_1_453' title='bbox 1689 1394 1825 1423; x_wconf 83' lang='lat' dir='ltr'>diocesis.</span> <span class='ocrx_word' id='word_1_454' title='bbox 1843 1394 1950 1424; x_wconf 87' lang='lat' dir='ltr'>Justis</span> <span class='ocrx_word' id='word_1_455' title='bbox 1967 1394 2152 1432; x_wconf 87' lang='lat' dir='ltr'>petentium</span> <span class='ocrx_word' id='word_1_456' title='bbox 2167 1394 2344 1425; x_wconf 83' lang='lat' dir='ltr'>desideriis</span> 
     </span>
     <span class='ocr_line' id='line_1_65' title="bbox 1332 1446 2206 1486; baseline 0.002 -12"><span class='ocrx_word' id='word_1_457' title='bbox 1332 1463 1381 1474; x_wconf 90' lang='lat'>—.</span> <span class='ocrx_word' id='word_1_458' title='bbox 1400 1446 1472 1476; x_wconf 86' lang='lat' dir='ltr'>Dat.</span> <span class='ocrx_word' id='word_1_459' title='bbox 1490 1446 1654 1484; x_wconf 80' lang='lat' dir='ltr'>Anagnie,</span> <span class='ocrx_word' id='word_1_460' title='bbox 1672 1447 1700 1476; x_wconf 79' lang='lat' dir='ltr'>V</span> <span class='ocrx_word' id='word_1_461' title='bbox 1716 1446 1791 1476; x_wconf 89' lang='lat' dir='ltr'>idus</span> <span class='ocrx_word' id='word_1_462' title='bbox 1804 1446 1893 1486; x_wconf 88' lang='lat' dir='ltr'>julii,</span> <span class='ocrx_word' id='word_1_463' title='bbox 1912 1456 1999 1477; x_wconf 92' lang='lat' dir='ltr'>anno</span> <span class='ocrx_word' id='word_1_464' title='bbox 2016 1447 2172 1478; x_wconf 84' lang='lat' dir='ltr'>secundo.</span> <span class='ocrx_word' id='word_1_465' title='bbox 2193 1460 2206 1474; x_wconf 76' lang='lat'>»</span> 
     </span>
    </p>
   </div>
   <div class='ocr_carea' id='block_1_13' title="bbox 1405 1624 2269 1660">
    <p class='ocr_par' dir='ltr' id='par_1_14' title="bbox 1405 1624 2269 1660">
     <span class='ocr_line' id='line_1_66' title="bbox 1405 1624 2269 1660; baseline 0.001 -8"><span class='ocrx_word' id='word_1_466' title='bbox 1405 1624 1516 1653; x_wconf 67' lang='lat'>142!</span> <span class='ocrx_word' id='word_1_467' title='bbox 1882 1625 2014 1659; x_wconf 79' lang='lat' dir='ltr'>Anagui,</span> <span class='ocrx_word' id='word_1_468' title='bbox 2032 1625 2062 1651; x_wconf 68' lang='lat'>12</span> <span class='ocrx_word' id='word_1_469' title='bbox 2077 1625 2172 1660; x_wconf 81' lang='lat' dir='ltr'>juillet</span> <span class='ocrx_word' id='word_1_470' title='bbox 2193 1625 2269 1653; x_wconf 60' lang='lat'>1256.</span> 
     </span>
    </p>
   </div>
   <div class='ocr_carea' id='block_1_14' title="bbox 1329 1686 2342 1867">
    <p class='ocr_par' dir='ltr' id='par_1_15' title="bbox 1329 1686 2342 1867">
     <span class='ocr_line' id='line_1_67' title="bbox 1367 1686 2341 1722; baseline 0.002 -10"><span class='ocrx_word' id='word_1_471' title='bbox 1367 1686 1564 1721; x_wconf 76' lang='lat' dir='ltr'>infrascriptis</span> <span class='ocrx_word' id='word_1_472' title='bbox 1581 1687 1695 1714; x_wconf 85' lang='lat' dir='ltr'>mandat</span> <span class='ocrx_word' id='word_1_473' title='bbox 1715 1688 1852 1722; x_wconf 83' lang='lat' dir='ltr'>quatinus</span> <span class='ocrx_word' id='word_1_474' title='bbox 1877 1687 2030 1714; x_wconf 78' lang='lat' dir='ltr'>universas</span> <span class='ocrx_word' id='word_1_475' title='bbox 2047 1688 2251 1722; x_wconf 75' lang='lat' dir='ltr'>possessiones</span> <span class='ocrx_word' id='word_1_476' title='bbox 2266 1696 2341 1722; x_wconf 73' lang='lat' dir='ltr'>quae</span> 
     </span>
     <span class='ocr_line' id='line_1_68' title="bbox 1329 1736 2342 1772; baseline 0.002 -11"><span class='ocrx_word' id='word_1_477' title='bbox 1329 1736 1447 1762; x_wconf 80' lang='lat' dir='ltr'>fuerunt</span> <span class='ocrx_word' id='word_1_478' title='bbox 1463 1736 1714 1762; x_wconf 78' lang='lat' dir='ltr'>archidiaconatus</span> <span class='ocrx_word' id='word_1_479' title='bbox 1729 1736 1950 1766; x_wconf 81' lang='lat' dir='ltr'>Anteradensis,</span> <span class='ocrx_word' id='word_1_480' title='bbox 1965 1745 2038 1771; x_wconf 87' lang='lat' dir='ltr'>quae</span> <span class='ocrx_word' id='word_1_481' title='bbox 2054 1741 2149 1762; x_wconf 83' lang='lat' dir='ltr'>autem</span> <span class='ocrx_word' id='word_1_482' title='bbox 2166 1737 2342 1772; x_wconf 78' lang='lat' dir='ltr'>episcopalis</span> 
     </span>
     <span class='ocr_line' id='line_1_69' title="bbox 1330 1784 2339 1819; baseline 0.001 -9"><span class='ocrx_word' id='word_1_483' title='bbox 1330 1792 1447 1810; x_wconf 80' lang='lat' dir='ltr'>mensae</span> <span class='ocrx_word' id='word_1_484' title='bbox 1463 1784 1622 1818; x_wconf 83' lang='lat' dir='ltr'>applicatae</span> <span class='ocrx_word' id='word_1_485' title='bbox 1643 1788 1712 1811; x_wconf 83' lang='lat' dir='ltr'>sunt</span> <span class='ocrx_word' id='word_1_486' title='bbox 1729 1784 1841 1816; x_wconf 81' lang='lat' dir='ltr'>usibus,</span> <span class='ocrx_word' id='word_1_487' title='bbox 1858 1784 1956 1818; x_wconf 80' lang='lat' dir='ltr'>adjus</span> <span class='ocrx_word' id='word_1_488' title='bbox 1973 1784 2102 1819; x_wconf 81' lang='lat' dir='ltr'>ejusdcm</span> <span class='ocrx_word' id='word_1_489' title='bbox 2121 1785 2339 1811; x_wconf 73' lang='lat' dir='ltr'>archidiacona-</span> 
     </span>
     <span class='ocr_line' id='line_1_70' title="bbox 1329 1832 2250 1867; baseline 0.001 -8"><span class='ocrx_word' id='word_1_490' title='bbox 1329 1837 1376 1859; x_wconf 86' lang='lat' dir='ltr'>tus</span> <span class='ocrx_word' id='word_1_491' title='bbox 1393 1833 1527 1859; x_wconf 82' lang='lat' dir='ltr'>studeant</span> <span class='ocrx_word' id='word_1_492' title='bbox 1546 1834 1684 1860; x_wconf 76' lang='lat' dir='ltr'>revocari.</span> <span class='ocrx_word' id='word_1_493' title='bbox 1702 1833 1784 1866; x_wconf 57' lang='lat' dir='ltr'>(tiso.</span> <span class='ocrx_word' id='word_1_494' title='bbox 1806 1833 1850 1864; x_wconf 69' lang='lat'>⁵34,</span> <span class='ocrx_word' id='word_1_495' title='bbox 1871 1834 1890 1860; x_wconf 83' lang='lat' dir='ltr'>s.</span> <span class='ocrx_word' id='word_1_496' title='bbox 1916 1833 1974 1863; x_wconf 68' lang='lat'>184,</span> <span class='ocrx_word' id='word_1_497' title='bbox 1994 1842 2061 1860; x_wconf 88' lang='lat' dir='ltr'>ann.</span> <span class='ocrx_word' id='word_1_498' title='bbox 2080 1832 2117 1864; x_wconf 89' lang='grc' dir='ltr'>ΙΙ,</span> <span class='ocrx_word' id='word_1_499' title='bbox 2132 1841 2158 1860; x_wconf 87' lang='lat' dir='ltr'>c.</span> <span class='ocrx_word' id='word_1_500' title='bbox 2177 1833 2250 1867; x_wconf 62' lang='lat'>342⁷.)</span> 
     </span>
    </p>
   </div>
   <div class='ocr_carea' id='block_1_15' title="bbox 1316 1935 2338 2766">
    <p class='ocr_par' dir='ltr' id='par_1_16' title="bbox 1316 1935 2338 2766">
     <span class='ocr_line' id='line_1_71' title="bbox 1369 1935 2334 1972; baseline 0.001 -9"><span class='ocrx_word' id='word_1_501' title='bbox 1369 1947 1381 1960; x_wconf 75' lang='grc' dir='ltr'>κ</span> <span class='ocrx_word' id='word_1_502' title='bbox 1394 1935 1614 1964; x_wconf 77' lang='lat' dir='ltr'>PrioriSczncli</span> <span class='ocrx_word' id='word_1_503' title='bbox 1625 1935 1788 1970; x_wconf 77' lang='lat' dir='ltr'>Michaelis,</span> <span class='ocrx_word' id='word_1_504' title='bbox 1805 1957 1835 1970; x_wconf 84' lang='lat'>..,</span> <span class='ocrx_word' id='word_1_505' title='bbox 1849 1936 1980 1970; x_wconf 79' lang='lat' dir='ltr'>cantori,</span> <span class='ocrx_word' id='word_1_506' title='bbox 1993 1940 2018 1964; x_wconf 78' lang='lat' dir='ltr'>et</span> <span class='ocrx_word' id='word_1_507' title='bbox 2030 1935 2178 1972; x_wconf 57' lang='lat' dir='ltr'>magistro</span> <span class='ocrx_word' id='word_1_508' title='bbox 2187 1935 2334 1971; x_wconf 77' lang='lat' dir='ltr'>Johanni,</span> 
     </span>
     <span class='ocr_line' id='line_1_72' title="bbox 1325 1987 2336 2026; baseline 0 -10"><span class='ocrx_word' id='word_1_509' title='bbox 1325 1989 1473 2017; x_wconf 80' lang='lat' dir='ltr'>canonico</span> <span class='ocrx_word' id='word_1_510' title='bbox 1491 1988 1702 2024; x_wconf 81' lang='lat' dir='ltr'>Tripolitanis.</span> <span class='ocrx_word' id='word_1_511' title='bbox 1722 1987 1773 2017; x_wconf 81' lang='lat' dir='ltr'>Ad</span> <span class='ocrx_word' id='word_1_512' title='bbox 1789 1987 1993 2017; x_wconf 83' lang='lat' dir='ltr'>audientiam</span> <span class='ocrx_word' id='word_1_513' title='bbox 2010 1992 2156 2017; x_wconf 88' lang='lat' dir='ltr'>nostram</span> <span class='ocrx_word' id='word_1_514' title='bbox 2172 1987 2336 2026; x_wconf 84' lang='lat' dir='ltr'>pervenit,</span> 
     </span>
     <span class='ocr_line' id='line_1_73' title="bbox 1325 2039 2338 2078; baseline 0.002 -10"><span class='ocrx_word' id='word_1_515' title='bbox 1325 2040 1412 2078; x_wconf 84' lang='lat' dir='ltr'>quod</span> <span class='ocrx_word' id='word_1_516' title='bbox 1427 2039 1629 2069; x_wconf 85' lang='lat' dir='ltr'>venerabilis</span> <span class='ocrx_word' id='word_1_517' title='bbox 1652 2041 1754 2070; x_wconf 82' lang='lat' dir='ltr'>frater</span> <span class='ocrx_word' id='word_1_518' title='bbox 1770 2044 1883 2070; x_wconf 87' lang='lat' dir='ltr'>noster</span> <span class='ocrx_word' id='word_1_519' title='bbox 1900 2063 1932 2075; x_wconf 87' lang='lat'>..,</span> <span class='ocrx_word' id='word_1_520' title='bbox 1952 2040 2136 2078; x_wconf 88' lang='lat' dir='ltr'>episcopus,</span> <span class='ocrx_word' id='word_1_521' title='bbox 2161 2044 2192 2070; x_wconf 84' lang='lat' dir='ltr'>et</span> <span class='ocrx_word' id='word_1_522' title='bbox 2208 2040 2338 2078; x_wconf 85' lang='lat' dir='ltr'>capitu-</span> 
     </span>
     <span class='ocr_line' id='line_1_74' title="bbox 1323 2092 2335 2131; baseline 0.002 -10"><span class='ocrx_word' id='word_1_523' title='bbox 1323 2092 1392 2122; x_wconf 91' lang='lat' dir='ltr'>lum</span> <span class='ocrx_word' id='word_1_524' title='bbox 1411 2093 1667 2129; x_wconf 80' lang='lat' dir='ltr'>Anteradenses,</span> <span class='ocrx_word' id='word_1_525' title='bbox 1687 2093 1882 2131; x_wconf 85' lang='lat' dir='ltr'>priusquam</span> <span class='ocrx_word' id='word_1_526' title='bbox 1896 2092 2036 2123; x_wconf 89' lang='lat' dir='ltr'>dilectus</span> <span class='ocrx_word' id='word_1_527' title='bbox 2050 2092 2141 2123; x_wconf 87' lang='lat' dir='ltr'>filius</span> <span class='ocrx_word' id='word_1_528' title='bbox 2159 2092 2335 2129; x_wconf 82' lang='lat' dir='ltr'>Ricardus,</span> 
     </span>
     <span class='ocr_line' id='line_1_75' title="bbox 1323 2145 2337 2184; baseline 0 -9"><span class='ocrx_word' id='word_1_529' title='bbox 1323 2146 1565 2176; x_wconf 87' lang='lat' dir='ltr'>Anteradensis</span> <span class='ocrx_word' id='word_1_530' title='bbox 1579 2145 1846 2181; x_wconf 83' lang='lat' dir='ltr'>archidiaconus,</span> <span class='ocrx_word' id='word_1_531' title='bbox 1857 2145 2049 2184; x_wconf 84' lang='lat' dir='ltr'>capellanus</span> <span class='ocrx_word' id='word_1_532' title='bbox 2061 2145 2173 2176; x_wconf 89' lang='lat' dir='ltr'>dilecti</span> <span class='ocrx_word' id='word_1_533' title='bbox 2187 2145 2248 2175; x_wconf 86' lang='lat' dir='ltr'>filii</span> <span class='ocrx_word' id='word_1_534' title='bbox 2263 2155 2337 2176; x_wconf 92' lang='lat' dir='ltr'>nos-</span> 
     </span>
     <span class='ocr_line' id='line_1_76' title="bbox 1325 2198 2336 2238; baseline 0 -10"><span class='ocrx_word' id='word_1_535' title='bbox 1325 2199 1366 2228; x_wconf 91' lang='lat' dir='ltr'>tri</span> <span class='ocrx_word' id='word_1_536' title='bbox 1383 2200 1421 2234; x_wconf 92' lang='lat' dir='ltr'>I.,</span> <span class='ocrx_word' id='word_1_537' title='bbox 1438 2198 1526 2228; x_wconf 87' lang='lat' dir='ltr'>tituli</span> <span class='ocrx_word' id='word_1_538' title='bbox 1544 2199 1656 2228; x_wconf 80' lang='lat' dir='ltr'>Sancti</span> <span class='ocrx_word' id='word_1_539' title='bbox 1674 2199 1846 2228; x_wconf 87' lang='lat' dir='ltr'>Laurentii</span> <span class='ocrx_word' id='word_1_540' title='bbox 1862 2199 1896 2228; x_wconf 93' lang='lat' dir='ltr'>in</span> <span class='ocrx_word' id='word_1_541' title='bbox 1915 2198 2041 2228; x_wconf 82' lang='lat' dir='ltr'>Lucina</span> <span class='ocrx_word' id='word_1_542' title='bbox 2057 2199 2246 2238; x_wconf 83' lang='lat' dir='ltr'>presbyteri</span> <span class='ocrx_word' id='word_1_543' title='bbox 2263 2207 2336 2229; x_wconf 87' lang='lat' dir='ltr'>car-</span> 
     </span>
     <span class='ocr_line' id='line_1_77' title="bbox 1322 2251 2335 2286; baseline 0.001 -6"><span class='ocrx_word' id='word_1_544' title='bbox 1322 2251 1462 2286; x_wconf 83' lang='lat' dir='ltr'>dinalis,</span> <span class='ocrx_word' id='word_1_545' title='bbox 1481 2256 1568 2281; x_wconf 84' lang='lat' dir='ltr'>esset</span> <span class='ocrx_word' id='word_1_546' title='bbox 1590 2252 1822 2281; x_wconf 85' lang='lat' dir='ltr'>canonicatum</span> <span class='ocrx_word' id='word_1_547' title='bbox 1839 2251 1890 2281; x_wconf 84' lang='lat' dir='ltr'>vel</span> <span class='ocrx_word' id='word_1_548' title='bbox 1906 2251 2214 2281; x_wconf 82' lang='lat' dir='ltr'>archidiaconatum</span> <span class='ocrx_word' id='word_1_549' title='bbox 2230 2252 2335 2282; x_wconf 87' lang='lat' dir='ltr'>Ante-</span> 
     </span>
     <span class='ocr_line' id='line_1_78' title="bbox 1321 2304 2334 2344; baseline 0.001 -11"><span class='ocrx_word' id='word_1_550' title='bbox 1321 2304 1497 2334; x_wconf 81' lang='lat' dir='ltr'>radensem</span> <span class='ocrx_word' id='word_1_551' title='bbox 1519 2304 1672 2342; x_wconf 87' lang='lat' dir='ltr'>adeptus,</span> <span class='ocrx_word' id='word_1_552' title='bbox 1693 2305 1728 2334; x_wconf 88' lang='lat' dir='ltr'>in</span> <span class='ocrx_word' id='word_1_553' title='bbox 1755 2305 1895 2335; x_wconf 86' lang='lat' dir='ltr'>ecclesia</span> <span class='ocrx_word' id='word_1_554' title='bbox 1917 2305 2006 2343; x_wconf 86' lang='lat' dir='ltr'>ipsa,</span> <span class='ocrx_word' id='word_1_555' title='bbox 2025 2305 2060 2334; x_wconf 90' lang='lat' dir='ltr'>in</span> <span class='ocrx_word' id='word_1_556' title='bbox 2079 2314 2144 2344; x_wconf 90' lang='lat' dir='ltr'>qua</span> <span class='ocrx_word' id='word_1_557' title='bbox 2165 2309 2244 2334; x_wconf 89' lang='lat' dir='ltr'>tunc</span> <span class='ocrx_word' id='word_1_558' title='bbox 2264 2308 2334 2335; x_wconf 86' lang='lat' dir='ltr'>erat</span> 
     </span>
     <span class='ocr_line' id='line_1_79' title="bbox 1323 2357 2333 2395; baseline 0 -8"><span class='ocrx_word' id='word_1_559' title='bbox 1323 2357 1541 2395; x_wconf 77' lang='lat' dir='ltr'>septenarius,</span> <span class='ocrx_word' id='word_1_560' title='bbox 1553 2357 1793 2387; x_wconf 87' lang='lat' dir='ltr'>duodenarium</span> <span class='ocrx_word' id='word_1_561' title='bbox 1806 2358 2042 2387; x_wconf 84' lang='lat' dir='ltr'>canonicarum</span> <span class='ocrx_word' id='word_1_562' title='bbox 2051 2366 2238 2391; x_wconf 87' lang='lat' dir='ltr'>numerum,</span> <span class='ocrx_word' id='word_1_563' title='bbox 2248 2366 2333 2387; x_wconf 86' lang='lat' dir='ltr'>com-</span> 
     </span>
     <span class='ocr_line' id='line_1_80' title="bbox 1321 2409 2334 2449; baseline 0 -10"><span class='ocrx_word' id='word_1_564' title='bbox 1321 2410 1445 2448; x_wconf 86' lang='lat' dir='ltr'>putatis</span> <span class='ocrx_word' id='word_1_565' title='bbox 1463 2410 1614 2448; x_wconf 86' lang='lat' dir='ltr'>personis</span> <span class='ocrx_word' id='word_1_566' title='bbox 1631 2410 1780 2449; x_wconf 87' lang='lat' dir='ltr'>ejusdem</span> <span class='ocrx_word' id='word_1_567' title='bbox 1796 2409 1946 2445; x_wconf 77' lang='lat' dir='ltr'>ecclesie,</span> <span class='ocrx_word' id='word_1_568' title='bbox 1966 2413 2166 2445; x_wconf 84' lang='lat' dir='ltr'>statuerunt,</span> <span class='ocrx_word' id='word_1_569' title='bbox 2184 2409 2229 2439; x_wconf 89' lang='lat' dir='ltr'>ita</span> <span class='ocrx_word' id='word_1_570' title='bbox 2245 2409 2334 2448; x_wconf 87' lang='lat' dir='ltr'>quod</span> 
     </span>
     <span class='ocr_line' id='line_1_81' title="bbox 1320 2461 2333 2501; baseline -0.001 -9"><span class='ocrx_word' id='word_1_571' title='bbox 1320 2462 1491 2492; x_wconf 86' lang='lat' dir='ltr'>canonicis</span> <span class='ocrx_word' id='word_1_572' title='bbox 1508 2466 1538 2492; x_wconf 89' lang='lat' dir='ltr'>et</span> <span class='ocrx_word' id='word_1_573' title='bbox 1554 2462 1721 2500; x_wconf 84' lang='lat' dir='ltr'>personis,</span> <span class='ocrx_word' id='word_1_574' title='bbox 1740 2463 1797 2501; x_wconf 90' lang='lat' dir='ltr'>qui</span> <span class='ocrx_word' id='word_1_575' title='bbox 1815 2467 1892 2492; x_wconf 87' lang='lat' dir='ltr'>tunc</span> <span class='ocrx_word' id='word_1_576' title='bbox 1912 2462 2069 2501; x_wconf 89' lang='lat' dir='ltr'>temporis</span> <span class='ocrx_word' id='word_1_577' title='bbox 2090 2466 2184 2492; x_wconf 84' lang='lat' dir='ltr'>erant</span> <span class='ocrx_word' id='word_1_578' title='bbox 2207 2461 2333 2492; x_wconf 86' lang='lat' dir='ltr'>ibidem</span> 
     </span>
     <span class='ocr_line' id='line_1_82' title="bbox 1319 2515 2332 2554; baseline 0 -10"><span class='ocrx_word' id='word_1_579' title='bbox 1319 2515 1458 2553; x_wconf 84' lang='lat' dir='ltr'>recepti,</span> <span class='ocrx_word' id='word_1_580' title='bbox 1479 2515 1608 2552; x_wconf 73' lang='lat' dir='ltr'>integre</span> <span class='ocrx_word' id='word_1_581' title='bbox 1634 2516 1793 2554; x_wconf 84' lang='lat' dir='ltr'>quamdiu</span> <span class='ocrx_word' id='word_1_582' title='bbox 1815 2515 1966 2546; x_wconf 81' lang='lat' dir='ltr'>viverent</span> <span class='ocrx_word' id='word_1_583' title='bbox 1988 2520 2169 2554; x_wconf 89' lang='lat' dir='ltr'>proventus</span> <span class='ocrx_word' id='word_1_584' title='bbox 2195 2523 2332 2544; x_wconf 87' lang='lat' dir='ltr'>suarum</span> 
     </span>
     <span class='ocr_line' id='line_1_83' title="bbox 1318 2567 2329 2606; baseline -0.001 -9"><span class='ocrx_word' id='word_1_585' title='bbox 1318 2568 1580 2606; x_wconf 85' lang='lat' dir='ltr'>percipientibus</span> <span class='ocrx_word' id='word_1_586' title='bbox 1611 2568 1868 2606; x_wconf 82' lang='lat' dir='ltr'>prebendarum,</span> <span class='ocrx_word' id='word_1_587' title='bbox 1896 2568 2029 2598; x_wconf 90' lang='lat' dir='ltr'>demum</span> <span class='ocrx_word' id='word_1_588' title='bbox 2056 2567 2197 2602; x_wconf 84' lang='lat' dir='ltr'>casalia,</span> <span class='ocrx_word' id='word_1_589' title='bbox 2226 2571 2329 2602; x_wconf 86' lang='lat' dir='ltr'>terre,</span> 
     </span>
     <span class='ocr_line' id='line_1_84' title="bbox 1317 2619 2330 2660; baseline -0.002 -9"><span class='ocrx_word' id='word_1_590' title='bbox 1317 2622 1547 2660; x_wconf 83' lang='lat' dir='ltr'>possessiones</span> <span class='ocrx_word' id='word_1_591' title='bbox 1570 2626 1599 2652; x_wconf 87' lang='lat' dir='ltr'>et</span> <span class='ocrx_word' id='word_1_592' title='bbox 1623 2622 1689 2652; x_wconf 83' lang='lat' dir='ltr'>alia</span> <span class='ocrx_word' id='word_1_593' title='bbox 1706 2622 1807 2658; x_wconf 80' lang='lat' dir='ltr'>hona,</span> <span class='ocrx_word' id='word_1_594' title='bbox 1826 2622 1861 2651; x_wconf 89' lang='lat' dir='ltr'>in</span> <span class='ocrx_word' id='word_1_595' title='bbox 1881 2621 2002 2660; x_wconf 85' lang='lat' dir='ltr'>quibus</span> <span class='ocrx_word' id='word_1_596' title='bbox 2023 2620 2189 2660; x_wconf 86' lang='lat' dir='ltr'>prebende</span> <span class='ocrx_word' id='word_1_597' title='bbox 2212 2619 2330 2659; x_wconf 87' lang='lat' dir='ltr'>hujus-</span> 
     </span>
     <span class='ocr_line' id='line_1_85' title="bbox 1318 2673 2329 2714; baseline -0.001 -11"><span class='ocrx_word' id='word_1_598' title='bbox 1318 2674 1406 2704; x_wconf 88' lang='lat' dir='ltr'>modi</span> <span class='ocrx_word' id='word_1_599' title='bbox 1429 2675 1672 2710; x_wconf 81' lang='lat' dir='ltr'>consistebant,</span> <span class='ocrx_word' id='word_1_600' title='bbox 1694 2679 1768 2714; x_wconf 86' lang='lat' dir='ltr'>post</span> <span class='ocrx_word' id='word_1_601' title='bbox 1791 2684 2009 2713; x_wconf 85' lang='lat' dir='ltr'>personarum</span> <span class='ocrx_word' id='word_1_602' title='bbox 2034 2678 2065 2704; x_wconf 88' lang='lat' dir='ltr'>et</span> <span class='ocrx_word' id='word_1_603' title='bbox 2090 2673 2329 2704; x_wconf 87' lang='lat' dir='ltr'>canonicorum</span> 
     </span>
     <span class='ocr_line' id='line_1_86' title="bbox 1316 2724 2330 2766; baseline -0.001 -10"><span class='ocrx_word' id='word_1_604' title='bbox 1316 2727 1465 2765; x_wconf 87' lang='lat' dir='ltr'>ipsorum</span> <span class='ocrx_word' id='word_1_605' title='bbox 1481 2727 1618 2764; x_wconf 85' lang='lat' dir='ltr'>obitum,</span> <span class='ocrx_word' id='word_1_606' title='bbox 1635 2728 1823 2758; x_wconf 76' lang='lat' dir='ltr'>successive</span> <span class='ocrx_word' id='word_1_607' title='bbox 1840 2727 2038 2766; x_wconf 86' lang='lat' dir='ltr'>episcopalis</span> <span class='ocrx_word' id='word_1_608' title='bbox 2056 2735 2170 2757; x_wconf 87' lang='lat' dir='ltr'>mense</span> <span class='ocrx_word' id='word_1_609' title='bbox 2187 2724 2330 2764; x_wconf 88' lang='lat' dir='ltr'>applica-</span> 
     </span>
    </p>
   </div>
   <div class='ocr_carea' id='block_1_16' title="bbox 1316 2780 2361 2818">
    <p class='ocr_par' dir='ltr' id='par_1_17' title="bbox 1316 2780 2361 2818">
     <span class='ocr_line' id='line_1_87' title="bbox 1316 2780 2361 2818; baseline -0.002 -9"><span class='ocrx_word' id='word_1_610' title='bbox 1316 2783 1432 2810; x_wconf 85' lang='lat' dir='ltr'>rentur</span> <span class='ocrx_word' id='word_1_611' title='bbox 1454 2780 1588 2816; x_wconf 84' lang='lat' dir='ltr'>usihus,</span> <span class='ocrx_word' id='word_1_612' title='bbox 1613 2786 1643 2811; x_wconf 86' lang='lat' dir='ltr'>et</span> <span class='ocrx_word' id='word_1_613' title='bbox 1667 2781 1773 2810; x_wconf 86' lang='lat' dir='ltr'>futuri</span> <span class='ocrx_word' id='word_1_614' title='bbox 1795 2780 1947 2810; x_wconf 84' lang='lat' dir='ltr'>canonici</span> <span class='ocrx_word' id='word_1_615' title='bbox 1973 2789 2009 2810; x_wconf 84' lang='lat' dir='ltr'>ac</span> <span class='ocrx_word' id='word_1_616' title='bbox 2034 2787 2175 2818; x_wconf 83' lang='lat' dir='ltr'>persone</span> <span class='ocrx_word' id='word_1_617' title='bbox 2202 2782 2329 2809; x_wconf 88' lang='lat' dir='ltr'>certum</span> <span class='ocrx_word' id='word_1_618' title='bbox 2348 2790 2361 2800; x_wconf 68' lang='grc' dir='ltr'><strong>ο</strong></span> 
     </span>
    </p>
   </div>
   <div class='ocr_carea' id='block_1_17' title="bbox 1316 2832 2328 2925">
    <p class='ocr_par' dir='ltr' id='par_1_18' title="bbox 1316 2832 2328 2925">
     <span class='ocr_line' id='line_1_88' title="bbox 1316 2832 2328 2873; baseline 0 -12"><span class='ocrx_word' id='word_1_619' title='bbox 1316 2832 1396 2870; x_wconf 90' lang='lat' dir='ltr'>quid</span> <span class='ocrx_word' id='word_1_620' title='bbox 1419 2832 1459 2862; x_wconf 87' lang='lat' dir='ltr'>ab</span> <span class='ocrx_word' id='word_1_621' title='bbox 1484 2833 1598 2863; x_wconf 86' lang='lat' dir='ltr'>eodem</span> <span class='ocrx_word' id='word_1_622' title='bbox 1622 2834 1774 2872; x_wconf 88' lang='lat' dir='ltr'>episcopo</span> <span class='ocrx_word' id='word_1_623' title='bbox 1799 2834 1937 2873; x_wconf 83' lang='lat' dir='ltr'>ejusque</span> <span class='ocrx_word' id='word_1_624' title='bbox 1961 2832 2229 2866; x_wconf 83' lang='lat' dir='ltr'>successoribus,</span> <span class='ocrx_word' id='word_1_625' title='bbox 2251 2839 2328 2869; x_wconf 80' lang='lat' dir='ltr'>pre-</span> 
     </span>
     <span class='ocr_line' id='line_1_89' title="bbox 1316 2883 2328 2925; baseline -0.001 -11"><span class='ocrx_word' id='word_1_626' title='bbox 1316 2884 1422 2915; x_wconf 86' lang='lat' dir='ltr'>hende</span> <span class='ocrx_word' id='word_1_627' title='bbox 1439 2886 1585 2922; x_wconf 85' lang='lat' dir='ltr'>nomine,</span> <span class='ocrx_word' id='word_1_628' title='bbox 1597 2891 1628 2916; x_wconf 86' lang='lat' dir='ltr'>et</span> <span class='ocrx_word' id='word_1_629' title='bbox 1644 2886 1770 2924; x_wconf 84' lang='lat' dir='ltr'>singuli</span> <span class='ocrx_word' id='word_1_630' title='bbox 1786 2887 1993 2925; x_wconf 86' lang='lat' dir='ltr'>perciperent</span> <span class='ocrx_word' id='word_1_631' title='bbox 2007 2885 2190 2916; x_wconf 86' lang='lat' dir='ltr'>annuatim.</span> <span class='ocrx_word' id='word_1_632' title='bbox 2212 2883 2328 2914; x_wconf 87' lang='lat' dir='ltr'>Dictus</span> 
     </span>
    </p>
   </div>
  </div>
 </body>
</html>
