2498 3325
138 1732 152 1747 >³

137 1785 152 1800 5)

136 1837 151 1853 >)

134 1891 152 1907 ))

137 1943 152 1959 »

135 2050 150 2065 5³

135 2102 152 2118 »

136 2156 151 2171 Ἰ)

979 275 1209 313 DEUXIEME
1231 276 1391 313 ANNEE.

177 348 295 378 biteris
321 353 351 378 et
373 348 582 386 presbiteris,
605 352 634 377 et
658 348 695 377 de
720 348 866 386 predicta
890 348 1049 377 canonica
1072 357 1146 386 por-

178 401 267 430 tione
289 401 353 431 sibi
376 401 503 437 integre
527 401 683 430 satisfieri
705 401 744 429 ab
771 401 907 430 eisdem.
932 401 1051 430 Omnia
1070 409 1146 431 vero

178 452 244 482 alia
262 462 324 491 que
342 453 381 482 ad
396 452 486 490 ipsos
507 457 730 490 pervenerunt
750 453 789 482 ab
814 453 881 482 illis
904 453 960 491 qui
983 453 1068 491 apud
1091 462 1146 483 eos

178 504 299 542 sepulti
322 510 410 539 sunt,
429 514 503 534 cum
521 509 629 535 tamen
647 505 693 533 ibi
716 514 779 534 non
802 505 981 542 elegissent
998 505 1146 543 sepultu-

178 566 266 591 ram,
285 558 365 595 petit
385 557 449 587 sibi
466 558 593 595 integre
611 562 641 587 et
658 558 781 596 absque
803 558 1023 587 diminutione
1049 558 1147 588 resti-

178 610 238 644 tui,
254 614 285 640 et
301 609 360 639 hoc
378 619 456 639 casu
474 611 554 648 petit
571 619 625 640 eos
643 611 754 648 puniri
772 611 953 639 secuudum
971 610 1147 640 canonicas

179 663 379 693 sanctiones.
405 664 492 693 Petit
517 663 615 693 etiam
642 663 764 693 eisdem
793 663 1037 693 50111011111111101·
1057 663 1148 692 inhi-

177 715 265 750 beri,
284 725 324 745 ne
344 715 472 754 aliquos
492 716 728 754 parrochianos
752 716 831 745 dicti
854 716 979 745 domini
1002 716 1148 754 episcopi

179 772 210 798 et
234 768 455 806 predictorum
478 769 639 807 recipiant
661 769 701 797 ad
723 768 981 797 ecclesiasticam
999 768 1148 806 sepultu-

177 830 264 855 ram,
283 821 350 850 nisi
369 826 463 859 prout
480 822 556 860 jura
572 821 766 851 concedunt.
786 825 816 850 et
839 827 913 851 tunc
935 821 973 850 de
992 821 1147 850 omnibus

179 873 415 908 oblationibus,
429 873 547 911 legatis
565 878 593 903 et
611 874 765 903 omuibus
783 873 859 903 aliis
874 883 935 912 (1110
954 873 1148 911 relinquunt

176 925 390 964 parrochiani
416 926 606 965 hujusmodi
627 926 768 955 diocesis
785 926 971 955 Tusculane
990 926 1054 963 ipsi
1078 934 1148 955 mo-

178 978 325 1008 nasterio
341 988 398 1016 pro
418 979 593 1008 animabus
610 979 680 1008 suis
698 979 730 1007 in
748 979 866 1008 ultima
883 978 1062 1013 voluntate,
1082 978 1148 1008 sol-

178 1035 257 1060 vant
280 1031 327 1061 eis
350 1032 485 1061 terciam
503 1035 629 1069 partem
649 1032 813 1068 integram
830 1031 902 1060 sine
920 1031 1032 1069 aliqua
1048 1031 1148 1060 dimi-

177 1085 315 1114 nutione
327 1094 384 1123 pro
396 1094 455 1114 sua
468 1085 624 1114 canonica
639 1084 800 1122 portione,
811 1084 858 1113 ita
872 1085 957 1122 quod
975 1085 1012 1114 de
1029 1084 1147 1122 legatis

178 1137 305 1167 relictis
330 1137 482 1175 episcopo
503 1137 691 1167 Tusculano
718 1146 773 1167 5011
799 1138 937 1175 prefatis
960 1137 1148 1175 archipres-

177 1190 295 1220 biteris
310 1191 379 1220 sive
394 1199 507 1220 eorum
520 1191 680 1223 ecclesiis,
697 1191 736 1219 ab
753 1191 943 1229 hujusmodi
956 1191 1148 1228 parrochia-

177 1243 230 1273 nis
266 1243 357 1273 nulla
387 1253 522 1282 prorsus
553 1245 607 1273 fiat
639 1244 805 1279 deductio,
838 1249 893 1273 aut
923 1245 1147 1282 compensatio

177 1296 350 1329 habeatur,
372 1297 429 1327 sed
454 1301 563 1335 preter
585 1298 745 1335 pref-atam
771 1297 905 1327 terciam
930 1298 1015 1335 apud
1038 1298 1148 1335 ipsum

177 1350 367 1388 episcopum
389 1355 419 1380 et
439 1350 735 1388 archipresbiteros
758 1351 827 1380 sive
850 1360 963 1380 0011101
990 1350 1148 1380 ecclesias

178 1403 308 1440 integra
324 1407 481 1432 maneant
498 1407 528 1432 01
545 1403 735 1441 persistant.

179 1468 192 1482 n
218 1457 302 1485 Item
324 1456 405 1493 petit
428 1456 637 1485 consimilem
662 1456 798 1485 terciam
826 1460 951 1494 partem
977 1456 1041 1485 sibi
1065 1455 1148 1485 solvi

178 1508 217 1537 de
242 1508 397 1538 omnibus
424 1507 664 1539 oblationibus,
691 1508 808 1545 legatis
835 1513 865 1538 et
891 1508 1045 1538 omnibus
1072 1508 1148 1538 aliis

178 1570 242 1599 que
258 1560 470 1599 parrochiani
488 1561 572 1590 dicte
591 1561 743 1593 diocesis,
756 1561 813 1599 qui
828 1561 908 1590 alibi
928 1561 1146 1599 sepeliuntur,

176 1613 372 1652 relinquunt
389 1614 452 1651 ipsi
471 1614 673 1643 monasterio
691 1614 724 1642 in
742 1614 860 1643 ultima
878 1614 1057 1643 voluntate.

179 1679 192 1693 »
220 1667 302 1696 Item
322 1667 414 1704 petit,
435 1672 479 1702 01,
500 1667 528 1696 51
550 1676 685 1705 corpora
706 1666 892 1705 aliquorum
912 1667 1149 1705 parrochiano-

178 1729 253 1749 rum
272 1729 419 1755 suorum,
438 1720 495 1757 qui
513 1720 598 1758 apud
617 1729 672 1749 005
692 1729 755 1749 000
772 1719 933 1757 elegcrint
945 1720 1090 1758 sepeliri,
1110 1721 1150 1750 ad

177 1772 382 1810 sepulturam
405 1773 612 1807 admiserint,
631 1773 742 1802 omnia
759 1781 821 1810 que
838 1773 1011 1802 occasione
1032 1772 1149 1811 1111105-

176 1825 265 1855 modi
287 1825 327 1855 ad
348 1825 438 1863 ipsos
461 1825 667 1860 obvenerint,
686 1825 843 1863 predictis
867 1825 1018 1863 episcopo
1043 1830 1073 1855 01
1096 1835 1149 1855 ar-

176 1879 427 1917 chipresbiteris
444 1879 573 1916 integre
589 1878 767 1908 restituant
787 1878 855 1907 sive
877 1878 977 1908 etiam
998 1878 1149 1909 ecclesiis

177 1931 368 1962 eorundem.

178 1996 191 2011 »
214 1985 371 2014 Preterea
387 1984 468 2022 petit
485 1983 571 2022 quod
586 1983 824 2021 parrochianos
842 1983 1008 2021 predictos
1028 1983 1067 2013 ad
1087 1983 1149 2013 ali-

175 2047 241 2076 qua
263 2037 377 2067 divina
399 2037 507 2067 officia
527 2046 586 2079 seu
608 2036 835 2067 ecclesiastica
854 2041 1062 2067 sacramenta
1082 2046 1148 2067 non

177 2090 352 2120 admittant
390 2090 462 2120 sine
500 2089 637 2128 speciali
671 2089 807 2119 licentia
837 2090 1078 2128 predictorum,
1118 2094 1149 2120 et

177 2153 276 2182 super
291 2143 448 2181 predictis·
465 2143 546 2181 petit
563 2152 617 2173 eos
635 2143 699 2173 sibi
717 2147 746 2172 et
765 2143 840 2172 aliis
858 2152 915 2181 per
932 2152 999 2177 vos,
1016 2143 1148 2173 domine

136 2209 151 2223 »
170 2196 286 2236 judex,
307 2195 552 2225 sententialiter
571 2195 822 2233 condempnari,
842 2200 873 2225 et
895 2195 1042 2234 predicta
1067 2196 1149 2234 petit

136 2262 151 2278 5)

136 2315 151 2330 D

137 2369 152 2384 2)

137 2422 151 2437 Ὠ

138 2475 152 2490 D

176 2259 251 2280 0001
273 2249 426 2287 expensis
448 2249 482 2278 in
504 2249 561 2278 lite
585 2249 682 2278 factis
706 2253 736 2279 01
760 2249 941 2284 faciendis,
961 2258 1042 2287 quas
1066 2252 1148 2279 tern-

175 2312 254 2342 pore
276 2302 441 2332 sententie
458 2301 650 2337 declarabit,
665 2302 752 2340 juris
771 2302 932 2332 beneficio
950 2301 1061 2332 sibiin
1079 2311 1149 2332 om-

178 2356 278 2386 nibus
295 2365 424 2394 semper
441 2355 542 2389 salvo,
557 2360 744 2394 protestans
759 2355 846 2394 quod
858 2364 924 2385 non
941 2355 1097 2393 astringit
1113 2365 1148 2385 50

177 2409 218 2439 ad
238 2410 350 2439 omnia
376 2409 523 2447 predicta
545 2408 729 2446 probanda,
749 2408 807 2438 sed
825 2408 919 2438 offert
938 2418 971 2438 se
991 2408 1148 2446 probatu-

178 2471 252 2492 rum
269 2462 356 2501 quod
377 2462 441 2491 sibi
461 2462 603 2491 sufficiat
627 2461 665 2490 de
688 2461 872 2499 premissis.

177 2582 191 2596 »
217 2570 322 2607 Super
345 2578 408 2607 quo
434 2568 562 2603 libello,
583 2568 691 2597 dictus
716 2567 875 2605 syndicus
899 2567 991 2597 litem
1017 2572 1147 2598 contes-

176 2626 265 2653 tatus
287 2626 335 2652 cst
359 2622 394 2651 in
418 2622 505 2651 hunc
528 2621 661 2651 modum
680 2630 686 2648 2
707 2621 820 2650 Frater
845 2621 1010 2656 Donatus,
1031 2630 1147 2650 mona-

175 2675 258 2705 chus
280 2679 310 2704 ct
331 2678 523 2713 procurator
543 2696 575 2708 ..,
595 2672 740 2707 abbatis,
761 2676 791 2701 01
815 2676 996 2702 000νο0105
1014 2682 1147 2703 monas-

177 2728 252 2758 terii
275 2727 525 2765 Criptcscrratc,
553 2725 645 2755 1110111
668 2725 894 2759 contestando,
915 2726 1090 2755 confitetur
1116 2730 1147 2756 et

175 2781 255 2811 dicit
277 2780 364 2819 quod
388 2803 420 2815 ..,
446 2779 562 2814 abbas,
587 2783 618 2808 ct
641 2782 822 2807 conventus
847 2778 925 2807 dicti
951 2779 1147 2809 monasterii

175 2834 214 2864 de
240 2833 395 2863 omnibus
420 2832 661 2865 oblationibus,
687 2831 804 2866 legatis
833 2834 864 2860 et
889 2831 1043 2860 omnibus
1070 2831 1145 2861 aliis

174 2896 237 2926 que
257 2886 451 2924 relinquunt
469 2884 682 2923 parrochiani
700 2882 917 2913 ecclesiarum
936 2883 1145 2922 episcopatus

131 2952 149 2969 7²
172 2939 354 2970 Tusculani
376 2938 441 2976 ipsi
464 2937 666 2967 monasterio
686 2946 742 2974 pro
763 2936 875 2965 anima
894 2944 954 2966 sua
975 2936 1007 2965 in
1028 2936 1146 2967 ultima

256 3003 480 3028 memnona
499 3003 549 3033 iv,
569 3006 587 3026 t.
607 3003 626 3026 1,

1232 361 1244 374 1)

1232 414 1244 427 ))

1233 467 1244 479 ll

1233 518 1245 532 ))

1233 624 1245 637 D

1234 677 1246 690 ))

1235 730 1245 743 ))

2181 286 2238 316 417

1271 349 1456 384 voluntate,
1488 350 1607 380 debent
1634 351 1711 380 dare
1739 351 1891 389 episcopo
1919 356 1949 381 01
1976 352 2058 390 111515
2086 352 2237 382 ecclesiis

1269 401 1534 439 parrochialibus
1557 403 1721 440 integram
1744 403 1879 432 terciam
1904 408 2030 442 partem
2056 413 2115 442 pro
2138 413 2238 434 cano-

1270 455 1345 484 nica
1366 455 1531 493 portione,
1551 460 1581 485 01
1598 455 1709 485 volunt
1727 456 1761 485 111
1778 460 1945 494 1105101001
1963 457 2034 487 sine
2051 458 2238 487 contradic-

1272 507 1359 536 tione
1376 512 1535 545 prestare.

1274 572 1285 585 »
1306 560 1387 589 Item
1406 560 1580 590 confitetur
1601 565 1631 590 01
1655 561 1734 590 dicit
1755 561 1841 599 quod
1862 570 1926 591 non
1951 562 2070 592 debent
2090 563 2237 601 recipere

1272 611 1417 650 aliquem
1439 613 1712 651 parrochianum,
1731 614 1927 651 contemptis
1950 615 2092 652 propriis
2108 616 2238 653 presbi-

1273 664 1351 694 teris
1377 665 1593 695 ecclesiarum
1620 666 1779 703 ipsarum,
1807 666 1846 694 ad
1872 666 2037 696 audienda
2061 667 2174 698 divina
2202 669 2237 697 in

1272 718 1473 748 monasterio
1501 727 1615 748 corum
1642 718 1693 748 vel
1720 719 1910 756 recipienda
1935 719 2160 750 ecclesiastica
2185 730 2239 751 sa-

1234 784 1246 795 »
1272 774 1449 806 eramenta,
1476 774 1507 800 et
1529 770 1643 800 volunt
1666 771 1775 800 facere
1805 771 1840 800 in
1869 772 2029 801 futurum.
2054 772 2238 802 Confitetur

1234 834 1246 848 7)

1235 886 1246 900 ))

1235 940 1246 953 D

1235 992 1246 1006 >)

1234 1098 1246 1111 1)

1235 1151 1247 1164 1)

1234 1204 1246 1217 ))

1235 1258 1246 1271 1)

1272 823 1371 852 etiam
1388 827 1419 852 01
1435 822 1515 852 (11011
1532 823 1618 861 quod
1632 831 1696 852 non
1711 823 1831 853 debent
1849 823 1994 861 recipere
2007 824 2151 862 aliquem
2163 834 2239 862 par-

1272 875 1469 904 rochianum
1494 875 1642 913 ipsorum
1667 875 1707 904 ad
1731 876 1991 905 ecclesiasticam
2015 876 2236 914 sepulturam,

1273 936 1332 957 nec
1351 928 1512 966 recipient
1530 928 1565 956 in
1583 928 1748 970 futurum,
1772 928 1837 958 nisi
1855 929 1889 957 in
1907 938 2019 959 eorum
2039 930 2240 960 monasterio

1273 980 1409 1018 elegerit
1429 980 1575 1018 sepeliri.

1274 1045 1286 1059 »
1308 1033 1457 1071 Cumque
1474 1033 1553 1063 dicti
1573 1033 1674 1063 abbas
1691 1039 1721 1064 et
1740 1038 1921 1064 conventus
1937 1039 2156 1064 memoratum
2172 1036 2241 1065 fra-

1272 1090 1355 1116 trem
1377 1087 1543 1115 Donatum
1567 1086 1607 1116 ad
1628 1091 1738 1124 partes
1759 1087 1931 1117 misissent
1957 1091 2110 1122 remotas,
2137 1087 2240 1117 alium

1272 1143 1530 1176 procuratorem,
1548 1139 1685 1169 fratrem
1700 1140 1808 1177 Pignu
1825 1139 1989 1176 videlicet,
2005 1149 2118 1170 eorum
2130 1149 2242 1170 mona-

1271 1192 1381 1226 chum,
1400 1192 1434 1221 in
1452 1200 1551 1221 causa
1567 1193 1812 1222 constituerunt
1826 1193 1951 1222 eadem.
1969 1193 2043 1229 Qui,
2060 1202 2169 1222 coram
2186 1202 2240 1223 no-

1271 1245 1322 1274 bis
1338 1245 1372 1274 in
1387 1245 1513 1284 judicio
1531 1245 1743 1280 constitutus,
1762 1245 1895 1275 nomine
1913 1245 2042 1276 abbatis
2056 1250 2087 1275 et
2102 1255 2241 1276 conven-

1234 1312 1246 1323 n
1273 1302 1324 1327 tus
1334 1298 1569 1336 predictorum,
1581 1298 1774 1336 approbavit
1784 1303 1814 1328 et
1826 1299 2003 1328 ratificavit
2013 1300 2240 1330 consessiones

1234 1364 1246 1377 )1

1234 1416 1246 1430 ))

1234 1468 1246 1482 n

1234 1573 1247 1588 1)

1235 1627 1247 1640 ))

1235 1679 1247 1693 ))

1235 1732 1247 1746 ))

1235 1786 1247 1799 ))

1234 1892 1246 1905 ))

1235 1945 1247 1959 ))

1234 1998 1247 2012 ))

1234 2051 1246 2064 1)

1235 2104 1246 2117 ))

1234 2156 1246 2170 D

1234 2209 1247 2223 5>

1234 2263 1246 2278 ))

1234 2316 1246 2329 ))

1271 1351 1376 1381 factas
1394 1360 1451 1389 per
1473 1351 1609 1381 fratrem
1631 1352 1796 1380 Donatum
1820 1351 2021 1389 predictum,
2043 1361 2079 1381 ac
2095 1356 2245 1390 11051111οῑ

1272 1404 1349 1433 dum
1369 1403 1409 1433 ad
1425 1403 1646 1433 revocandum
1662 1404 1890 1433 confessiones
1906 1404 2070 1442 predictas
2090 1404 2241 1434 exhibuit

1272 1456 1415 1494 speciale
1434 1456 1627 1485 mandatum
1644 1460 1674 1486 et
1691 1456 1856 1486 revocavit
1875 1457 2019 1487 easdem.

1275 1521 1286 1534 n
1306 1509 1344 1538 Et
1359 1508 1490 1538 tandem
1503 1508 1582 1537 dicti
1594 1508 1695 1538 abbas
1712 1513 1742 1538 et
1758 1513 1951 1544 conventus,
1966 1514 2240 1547 recognoscentes

1273 1561 1359 1600 quod
1384 1561 1560 1599 privilegia
1585 1561 1706 1600 quibus
1731 1571 1748 1591 a
1772 1562 1975 1600 prestatione
1999 1563 2178 1600 petitorum
2206 1572 2240 1593 se

1273 1614 1359 1644 tueri
1385 1613 1572 1652 sperabant,
1592 1623 1647 1644 eos
1668 1614 1806 1644 minime
1823 1614 2024 1649 liberabant,
2047 1616 2114 1654 jam
2136 1615 2240 1645 dictas

1273 1667 1500 1696 confessiones
1517 1676 1575 1705 per
1591 1676 1668 1697 suas
1686 1667 1847 1705 speciales
1864 1667 1991 1697 litteras
2009 1668 2237 1706 approbantes,

1272 1720 1516 1750 revocationem
1541 1721 1662 1749 factam
1689 1720 1727 1750 de
1758 1720 1855 1749 dictis
1882 1721 2150 1750 confessionibus
2184 1730 2243 1759 per

1273 1773 1397 1802 dictum
1413 1773 1550 1802 fratrem
1568 1773 1675 1810 Pignu
1694 1773 1827 1811 penitus
1843 1778 2051 1803 revocarunt.

1274 1838 1286 1852 11
1306 1827 1373 1856 Nos
1396 1826 1520 1864 itaque,
1539 1826 1653 1855 audita
1669 1826 1879 1855 confessione
1898 1825 2089 1864 hujusmodi
2109 1827 2241 1865 syndici

1272 1879 1461 1914 memorati,
1483 1883 1513 1908 et
1535 1878 1603 1908 hiis
1625 1887 1688 1917 que
1706 1882 1819 1908 secuta
1841 1883 1918 1908 sunt
1939 1878 2091 1916 diligenti
2116 1879 2241 1909 delibe-

1272 1932 1401 1962 ratione
1418 1932 1579 1970 pensatis,
1595 1940 1631 1961 ac
1646 1931 1779 1961 tandem
1798 1931 1884 1961 dicto
1900 1932 2001 1961 fratre
2018 1933 2147 1971 Pygnu,
2164 1941 2239 1970 pro-

1272 1989 1423 2015 curatore
1440 1985 1602 2014 dietorum
1620 1984 1749 2014 abbatis
1767 1989 1797 2014 01
1809 1989 2002 2019 conventus,
2017 1990 2047 2014 01
2062 1985 2240 2023 Stephano,

1271 2041 1484 2076 procuratore
1496 2037 1659 2066 dictorum
1673 2037 1798 2066 domini
1816 2037 1972 2075 episcopi,
1988 2037 2242 2075 archipresbite-

1272 2099 1385 2120 rorum
1405 2094 1435 2120 01
1450 2089 1712 2128 presbiterorum
1729 2090 1908 2119 constituto
1928 2099 1986 2128 per
2003 2090 2126 2119 dictum
2141 2090 2242 2120 Nico-

1272 2143 1362 2173 laum
1382 2144 1579 2177 Romanum,
1599 2142 1633 2171 in
1652 2151 1752 2172 causa
1768 2142 2042 2172 concludentibus
2060 2146 2090 2172 et
2108 2146 2242 2172 senten—

1273 2197 1353 2226 tiam
1378 2196 1459 2226 ferri
1484 2196 1649 2225 instanter
1674 2195 1876 2233 petentibus,
1906 2195 2020 2224 habito
2048 2204 2147 2233 super
2173 2195 2242 2225 hiis

1273 2249 1427 2279 0011111105
1441 2249 1527 2288 juris
1546 2249 1727 2287 peritorum
1742 2248 1898 2283 consilio,
1917 2252 1948 2278 et
1963 2247 2061 2286 plena
2077 2248 2242 2278 delibera-

1272 2303 1361 2332 tione
1376 2302 1560 2337 nobiscum,
1575 2302 1702 2339 prefato
1717 2301 1923 2339 procuratori
1937 2301 2098 2331 dictorum
2112 2301 2241 2331 abbatis

1234 2370 1246 2381 n
1273 2360 1303 2386 01
1319 2360 1518 2390 conventus,
1540 2355 1689 2393 ipsorum
1713 2354 1863 2390 nomine,
1884 2363 2012 2384 necnon
2030 2354 2111 2392 ipsis
2130 2354 2241 2384 abbati

1234 2422 1246 2436 ))

1234 2476 1245 2488 l)

1233 2528 1245 2541 ))

1233 2582 1244 2595 >)

1232 2634 1244 2648 ))

1232 2687 1244 2701 ))

1232 2740 1244 2754 ))

1231 2793 1243 2807 ))

1232 2847 1244 2860 1)

1231 2901 1243 2914 ))

1230 2954 1243 2967 ))

1273 2413 1303 2438 01
1331 2408 1509 2438 conventui
1532 2406 1777 2437 sententialiter
1798 2406 2011 2442 inhibemus,
2042 2416 2081 2437 00
2111 2407 2240 2445 aliquos

1271 2461 1509 2500 parrochianos
1526 2460 1605 2490 dicti
1620 2459 1745 2489 domini
1766 2459 1911 2497 episcopi
1934 2463 1964 2489 et
1981 2459 2240 2497 archipresbite—

1270 2523 1394 2549 rorum,
1408 2513 1668 2552 presbiterorum
1680 2516 1710 2542 et
1723 2512 1918 2542 clericorum
1929 2512 1969 2541 ad
1980 2511 2240 2542 ecclesiasticam

1270 2568 1433 2606 recipiant
1463 2566 1683 2605 sepulturam,
1712 2565 1794 2601 nisi,
1821 2569 1917 2603 prout
1939 2565 2016 2604 jura
2043 2565 2238 2601 concedunt,

1271 2621 1370 2651 etiam
1389 2621 1423 2649 111
1440 2620 1501 2649 1100
1525 2628 1603 2649 casu
1618 2618 1745 2649 scilicet
1762 2627 1836 2648 cum
1855 2618 1889 2647 in
1908 2618 2021 2647 eodem
2038 2618 2240 2647 monasterio

1270 2674 1431 2711 elegerint
1448 2672 1664 2710 sepulturam,
1680 2675 1710 2701 et
1723 2671 1823 2701 etiam
1838 2679 1911 2700 cum
1926 2670 2005 2699 alibi
2020 2669 2237 2707 sepeliuntur,

1270 2731 1305 2756 ut
1324 2727 1362 2756 de
1379 2725 1533 2756 0010111115
1553 2724 1787 2759 oblationibus,
1810 2723 1928 2761 legatis
1946 2727 1976 2753 et
1992 2722 2145 2752 omnibus
2163 2722 2239 2752 aliis

1270 2790 1333 2820 que
1351 2780 1545 2818 relinquunt
1563 2778 1627 2816 ipsi
1647 2776 1861 2816 parrochiani
1879 2776 1965 2806 dicto
1985 2776 2186 2805 monasterio
2203 2776 2238 2805 in

1269 2834 1387 2863 ultima
1403 2832 1571 2862 voluntate
1588 2839 1645 2869 pro
1663 2830 1774 2860 anima
1791 2838 1862 2864 sua,
1881 2829 1981 2858 iidem
1999 2828 2099 2858 abbas
2117 2832 2145 2857 et
2160 2836 2238 2858 con-

1269 2892 1387 2917 ventus
1413 2885 1542 2916 solvant
1569 2884 1616 2914 eis
1648 2883 1782 2913 terciam
1806 2886 1931 2920 partem
1954 2881 2136 2918 integram,
2166 2880 2238 2910 sine

1270 2940 1381 2978 aliqua
1400 2937 1638 2972 dimiruitione,
1660 2945 1718 2974 pro
1737 2945 1797 2965 sua
1821 2934 1981 2964 canonica
1998 2933 2145 2971 portione
2168 2943 2172 2961 z
2192 2933 2238 2962 ita

2076 2999 2103 3022 53
