2498 3325
1003 195 1233 232 DEUXIEME
1255 194 1415 231 ANNEE.
2201 202 2257 233 481

162 273 265 309 immo
282 272 420 308 nostris,
440 271 651 310 acquiescere
670 270 806 300 monitis
822 279 887 300 non
905 269 1039 305 curarit,
1059 269 1169 306 ipsum

163 330 195 356 et
207 335 322 356 omnes
337 326 408 365 ejus
422 325 458 354 in
471 325 533 354 hac
546 324 725 363 iniquitate
741 323 951 354 consiliarios
966 329 997 353 et
1010 323 1168 356 fautores,

164 378 384 417 appellatione
404 382 537 413 remota,
562 377 705 415 singulis
722 377 839 407 diebus
855 375 1032 405 dominicis
1049 379 1080 404 et
1103 375 1171 404 fes-

165 432 252 466 tivis,
271 431 412 469 pulsatis
431 430 648 468 campanis-et
671 429 818 460 candelis
841 429 1002 463 accensis,
1028 427 1063 457 in
1089 427 1170 457 locis

162 484 199 514 in
218 484 340 522 quibus
368 483 521 521 expedire
541 482 704 517 videritis,
724 481 1024 512 excommunicatos
1040 479 1171 518 publice

165 536 327 566 nuntietis
345 540 376 566 et
392 536 523 565 faciatis
539 544 597 573 per
613 544 669 565 vos
688 539 718 565 et
735 535 818 564 alios
835 534 874 564 ab
891 534 1046 563 omnibus
1067 533 1171 563 artius

165 589 294 623 evitari,
313 588 527 627 supponendo
550 592 671 618 terram
696 588 844 626 ejusdem
867 587 961 617 ducis
983 595 1020 616 ac
1042 586 1113 616 loca
1136 586 1171 615 in

165 641 286 680 quibus
305 641 445 671 eundem
463 640 652 678 episcopum
670 646 700 670 et
719 640 801 669 alios
822 640 964 669 detineri
983 639 1170 677 contigerit,

165 693 390 724 ecclesiastico
415 693 602 729 interdicto,
621 694 667 723 ita
687 698 720 722 ut
742 693 871 722 nullum
890 693 924 722 in
950 693 998 722 eis
1022 692 1173 721 divinum

165 747 350 777 celebretur
377 746 522 777 officium
547 750 603 776 aut
638 746 848 780 exhibeatur,
876 750 984 784 preter
1009 745 1174 783 baptisma

164 800 379 838 parvulorum
397 804 428 829 et
444 799 646 838 penitentias
665 799 889 833 morientium,
911 797 1174 827 ecclesiasticum

167 856 423 887 sacramentum,
452 856 483 882 et
511 851 663 882 faciendo
684 851 905 880 nihilominus
932 850 993 880 hoc
1018 850 1106 879 idem
1136 850 1174 879 de

166 905 313 945 quolibet
329 905 400 935 loco
416 905 456 934 ad
472 914 570 944 quein
586 905 649 934 dux
666 904 833 942 predictus
856 903 1036 938 devenerit,
1058 912 1175 942 qnam-

167 958 223 988 diu
238 958 341 988 fuerit
357 958 391 987 in
409 957 534 992 eodem,
551 957 739 995 processuri
758 956 841 986 alias
858 960 972 986 contra
992 956 1102 994 ipsum
1119 965 1175 994 per

165 1010 387 1049 privationem
403 1010 577 1040 feudorum
591 1019 654 1048 que
667 1009 706 1039 ab
723 1009 885 1044 ecclesiis,
904 1017 1032 1039 necnon
1045 1013 1075 1039 et
1088 1008 1175 1047 juris

166 1068 360 1102 patronatus
394 1072 457 1101 que
492 1063 527 1092 in
557 1063 823 1101 quibuscumque
856 1062 1006 1092 ecclesiis
1036 1062 1174 1098 obtinet,

145 1121 149 1123 “
164 1120 263 1155 prout
277 1115 371 1154 culpe
387 1115 494 1154 ipsius
513 1115 657 1154 qualitas
674 1119 705 1146 et
721 1115 918 1154 protervitas
936 1115 1081 1153 exegerit
1102 1124 1176 1153 per-

167 1169 300 1204 tinacis,
319 1169 471 1198 invocato
483 1168 524 1198 ad
539 1168 611 1204 hoc,
630 1169 659 1198 si
675 1177 756 1207 opus
775 1169 887 1204 fuerit,
907 1168 1031 1198 auxilio
1047 1167 1177 1198 brachii

169 1221 342 1252 secularis.
367 1221 634 1252 Contradietores
658 1226 719 1252 etc.
744 1222 817 1251 Non
840 1221 992 1251 obstante
1015 1221 1178 1251 constitu-

168 1275 258 1305 tione
275 1275 314 1305 de
331 1274 459 1304 duabus
482 1275 580 1305 dietis
597 1275 685 1305 edita
705 1275 741 1304 in
761 1274 902 1304 concilio
929 1274 1087 1312 generali.
1109 1275 1177 1304 Nos

169 1328 258 1358 enim
267 1336 381 1357 omnes
390 1327 530 1362 litteras,
542 1327 792 1365 promissiones,
802 1328 1046 1363 concessiones,
1057 1337 1178 1358 renun-

168 1380 337 1415 tiationes,
359 1380 607 1416 conventiones,
636 1380 856 1410 alienationes
882 1389 919 1410 ac
945 1380 1178 1420 fidejussiones

169 1437 201 1464 et
216 1433 284 1463 hiis
307 1433 443 1467 similia,
462 1433 491 1463 si
509 1442 574 1472 qua
590 1433 630 1462 ab
653 1433 767 1463 eodem
786 1433 938 1471 episcopo
962 1438 993 1463 et
1012 1433 1179 1472 preposito

170 1487 295 1517 Ecardo
319 1491 349 1517 et
369 1486 446 1516 aliis
469 1487 669 1525 supradictis
691 1487 740 1517 sic
765 1487 908 1517 detentis
934 1488 1019 1517 facte
1040 1488 1177 1523 suerint,

170 1540 270 1570 etiam
290 1540 319 1569 si
331 1540 521 1579 juramento
542 1539 663 1569 vallata
683 1544 873 1575 noscantur,
902 1540 1028 1570 nullius
1051 1549 1180 1570 exnunc

170 1592 303 1630 penitus
319 1601 392 1622 esse
408 1592 560 1622 volumus
576 1592 744 1622 firmitatis
759 1603 764 1628 ;
791 1593 837 1622 ita
860 1593 947 1632 quod
968 1593 1008 1623 ad
1024 1593 1180 1624 observa-

170 1645 296 1675 tionem
309 1646 457 1684 ipsorum
468 1646 720 1684 prenominatus
735 1646 907 1684 episcopus
924 1651 955 1676 et
971 1655 1180 1677 successores

170 1698 278 1737 ipsius
297 1707 333 1727 ac
351 1697 409 1727 alii
425 1698 460 1727 in
479 1702 647 1736 posterum
665 1698 856 1728 nullatenus
881 1703 1067 1729 teneantur.
1092 1699 1181 1729 Tali-

171 1755 221 1781 ter
237 1755 347 1781 autem
363 1751 398 1780 in
411 1751 587 1781 commisso
603 1751 697 1781 vobis
714 1751 846 1789 negotio
859 1752 1035 1790 procedere
1053 1753 1182 1783 studea-

171 1804 226 1839 tis,
252 1808 288 1833 ut
320 1804 409 1834 idem
441 1804 505 1833 dux
535 1813 634 1842 quem
665 1804 747 1834 alias
778 1804 873 1843 culpa
905 1805 1027 1836 similis
1059 1806 1182 1835 dicitur

171 1857 356 1888 reddidisse
379 1857 570 1892 notabilem,
589 1857 628 1887 de
651 1867 711 1888 sua
726 1857 855 1888 malitia
875 1858 1049 1889 erubescat
1073 1863 1104 1889 et
1124 1869 1182 1898 per

170 1910 232 1941 hec
258 1911 378 1941 ceteris
411 1911 629 1949 attemptandi
656 1911 782 1941 similia
813 1911 923 1941 aditus
956 1912 1178 1950 precludatur.

172 1963 265 1999 Quod
279 1963 307 1993 si
324 1972 388 1993 non
405 1972 532 2000 omnes,
544 1973 651 2003 usque
667 1974 673 1993 :
692 1969 907 2003 exequantur.
925 1966 998 1995 Dat.
1012 1965 1178 2002 Laterani,

172 2015 284 2046 idibus
301 2016 498 2051 decembris,
517 2025 603 2046 anno
616 2017 772 2047 secundo.
790 2029 802 2044 n

246 2181 362 2212 ¹558
681 2181 795 2214 Latran,
817 2183 846 2210 1⁶2
864 2183 1016 2210 decembre
1032 2185 1109 2211 ¹256.

209 2242 355 2277 Episcopo
369 2242 573 2270 Cameracensi
597 2244 720 2276 mandat,
742 2246 879 2279 quatinus
900 2245 1028 2272 redditus
1043 2247 1183 2274 ecclesiae

174 2290 382 2318 Malbodiensis
396 2291 531 2327 deputet,
549 2293 803 2320 distributionibus
819 2295 1010 2329 quotidianis,
1027 2296 1184 2323 canonica-

174 2339 230 2367 bus
246 2349 321 2375 quae
343 2341 423 2368 horis
438 2342 585 2369 intersunt
601 2343 759 2370 canonicis.
777 2343 860 2376 (Rea.
877 2344 921 2375 24,
938 2345 957 2372 f.
975 2345 1038 2379 ⁴209,
1055 2353 1121 2372 ann.
1143 2345 1182 2377 ΙΙ,

173 2396 200 2417 c.
217 2388 291 2423 478.)

217 2502 230 2517 a
251 2513 283 2526 ..,
303 2491 437 2529 episcopo
457 2492 680 2523 Cameracensi.
706 2493 834 2524 Dilecta
854 2494 889 2524 in
907 2495 1041 2526 Christo
1058 2496 1128 2526 filia
1149 2519 1181 2532 ..‚

177 2542 348 2576 abbatissa
362 2543 523 2574 secularis
539 2544 677 2575 ecclesie
694 2542 1014 2583 Maibodiensis,'tue
1028 2548 1182 2584 diocesis,

176 2595 314 2633 cupiens
332 2595 522 2633 salubriter,
540 2602 576 2628 ut
590 2599 759 2637 proponit,
781 2600 868 2638 quod
885 2599 920 2630 in
937 2600 1025 2631 dicta
1043 2601 1184 2632 ecclesia

176 2647 334 2677 diurnum
350 2648 533 2680 studiosius
550 2650 781 2690 frequentetur
799 2652 944 2683 officium
960 2657 992 2684 et
1007 2653 1113 2692 ipsius
1129 2663 1184 2684 ca-

175 2700 295 2730 nonice
310 2699 472 2732 libentius
487 2702 523 2732 in
538 2703 694 2735 laudibus
715 2710 888 2736 exerceant
910 2715 946 2737 se
968 2707 1092 2738 divinis
1103 2731 1110 2742 ,
1127 2707 1185 2738 de-

175 2753 286 2792 putari
302 2762 359 2791 per
374 2753 521 2793 aliquem
535 2756 575 2786 ad
589 2757 842 2789 distributiones
859 2759 1044 2791 cotidianas
1058 2760 1185 2791 eisdem

176 2806 412 2843 canonicalium,
430 2816 494 2846 que
510 2808 601 2840 horis
613 2810 781 2841 intersunt
799 2813 980 2849 canonicis,
999 2813 1182 2849 faciendas,

176 2859 298 2897 quibus
311 2869 374 2899 que
386 2859 477 2892 horis
491 2862 574 2900 ipsis
585 2862 749 2895 interesse
761 2865 979 2903 neglexerint,
992 2866 1118 2905 privari
1131 2867 1183 2897 de-

299 2925 523 2952 ALEXANDRE
542 2928 593 2960 IV,
611 2932 630 2953 t.
650 2930 670 2954 1.

1252 267 1351 297 beant
1370 271 1590 306 proventuum
1605 267 1661 306 qui
1679 267 1719 296 ad
1735 267 1841 305 ipsam
1856 267 2057 297 abbatissam
2072 268 2262 306 specialiter

1254 323 1283 349 et
1299 320 1339 349 ad
1356 320 1532 349 canonicas
1552 320 1642 358 ipsas
1666 320 1886 349 communiter
1906 320 2089 358 pertinent,
2115 320 2261 358 aliquam

1252 372 1437 410 portionem
1455 376 1590 410 paterne
1607 372 1813 410 providentie
1829 372 1937 402 studio
1953 373 2198 402 mandaremus.
2213 373 2261 402 De

1254 429 1310 455 tua
1326 425 1429 462 igitur
1443 425 1738 463 circumspectione
1754 424 1886 462 plenam
1903 425 1936 454 in
1951 425 2092 454 Domino
2107 425 2261 454 fiduciam

1254 477 1442 507 obtinentes
1460 486 1495 507 ac
1512 477 1660 507 volentes
1677 477 1748 511 tibi,
1770 477 1827 515 qui
1844 477 1907 506 loci
1924 477 2120 507 diocesnnus
2133 477 2259 511 existis,

1254 530 1289 559 in
1313 530 1373 559 hac
1399 534 1489 568 parte
1516 530 1656 565 deferre,
1686 530 1890 559 fraternitati
1915 534 1969 559 tue
1997 539 2055 568 per
2082 530 2262 568 apostolica

1255 584 1378 622 scripta
1396 584 1603 613 mandamus.
1622 583 1779 622 quatinus
1794 583 1984 622 hujusmodi
1998 583 2158 613 redditus.
2169 584 2264 622 juxta

1256 637 1362 675 ipsius
1381 637 1548 667 abbatisse
1573 637 1663 674 pium
1685 638 1855 669 aflectum,
1879 637 2036 674 predictis
2054 636 2263 665 distributio-

1257 691 1355 720 nibus
1378 690 1572 719 auctoritate
1600 694 1712 719 nostra
1738 689 1890 727 deputes,
1910 694 2007 727 prout
2031 694 2085 718 tua
2107 688 2262 718 discretio

1256 743 1376 772 viderit
1392 742 1498 772 divini
1514 742 1618 772 cultui
1640 742 1786 771 nominis
1808 742 1970 780 expedire.
1996 741 2264 772 Contradictores

1257 800 1318 826 etc.
1334 796 1471 826 Proviso
1488 804 1528 825 ne
1548 804 1605 833 per
1627 795 1688 824 boc
1711 795 1840 824 abbatie
1859 795 2003 832 dignitas
2020 794 2071 823 vel
2088 793 2265 823 canonica-

1257 857 1331 877 rum
1357 848 1522 886 stipendia
1547 848 1582 876 in
1610 847 1825 885 proventibus
1853 847 2032 876 enormiter
2057 847 2263 876 minuantur.

1258 902 1331 930 Dat.
1349 900 1515 936 Laterani,
1535 901 1567 930 II
1584 900 1658 929 idus
1676 899 1872 935 decembris,
1891 908 1977 929 anno
1994 899 2149 929 secundo.
2171 911 2183 925 n

1335 1105 1453 1133 1559
1783 1104 1910 1138 Anagni,
1931 1103 1964 1130 28
1982 1103 2099 1130 octobre
2118 1103 2195 1130 1256.

1296 1166 1466 1199 Guillelmo,
1487 1166 1625 1201 episeopo
1649 1165 1801 1200 PapIensi,
1826 1164 1966 1199 indulget,
1986 1168 2015 1190 ut
2031 1167 2188 1199 proventus
2203 1171 2269 1189 om-

1260 1216 1339 1242 nium
1357 1215 1563 1242 beneficiorum
1579 1214 1842 1241 ecclesiasticorum
1859 1221 1892 1239 ac
1908 1216 2114 1247 personatuum
2131 1215 2159 1238 et
2173 1211 2270 1246 digni-

1260 1267 1350 1291 tatum
1373 1263 1565 1289 saecularium
1590 1262 1674 1297 primi
1697 1263 1774 1292 anni,
1798 1269 1872 1296 quae
1897 1269 1988 1295 usque
2009 1260 2043 1286 ad
2065 1259 2218 1286 triennium
2241 1260 2269 1287 in

1261 1311 1376 1338 civitate
1393 1319 1426 1336 ac
1442 1311 1551 1336 diocesi
1568 1309 1761 1344 papiensibus
1777 1316 1878 1335 vacare
1895 1307 2081 1342 contigerint,
2095 1307 2188 1342 possit
2204 1315 2270 1342 per-

1261 1361 1358 1395 cipere
1382 1360 1409 1386 in
1431 1359 1605 1385 solutionem
1627 1358 1789 1384 debitorum
1811 1357 1950 1383 ecclesiae
1975 1356 2126 1391 Papiensis
2148 1363 2271 1382 conver-

1262 1409 1376 1436 tendos.
1394 1408 1477 1441 (Rae.
1494 1407 1539 1440 ⁴24,
1557 1407 1574 1433 s.
1591 1407 1667 1440 209¹,
1685 1415 1752 1433 ann.
1769 1405 1807 1437 ΙΙ,
1824 1413 1850 1432 c.
1867 1405 1939 1438 479.)

1304 1531 1317 1545 «
1337 1518 1508 1552 Gzcz'llebmo,
1528 1517 1616 1546 electo
1632 1516 1784 1554 Papiensi'.
1804 1514 1989 1545 Desideriis
2005 1513 2072 1544 tuis
2088 1513 2123 1543 in
2135 1530 2183 1542 —-.
2196 1514 2270 1543 Dat.

1263 1571 1426 1609 Anagnie,
1445 1571 1474 1600 V
1489 1569 1649 1599 kalendas
1667 1567 1868 1603 novembris,
1885 1576 1971 1597 anno
1988 1566 2144 1597 secundo.
2164 1578 2176 1593 n

1338 1775 1455 1804 ¹56⁰
1798 1772 1926 1806 Anagni,
1944 1771 1975 1798 31
1990 1770 2106 1797 octobre
2124 1769 2202 1797 1256.

1301 1838 1531 1872 Archiepiscopo
1555 1835 1747 1862 Bracharensi
1759 1856 1765 1867 ,
1789 1835 1853 1868 qui,
1871 1838 1939 1860 tunc
1956 1833 2033 1868 prior
2050 1832 2191 1859 ecclesiae
2207 1831 2275 1858 Wi-

1265 1887 1460 1918 marauensis,
1474 1885 1642 1912 intendebat
1664 1885 1691 1910 in
1714 1884 1840 1919 prioratu
1858 1882 2010 1918 quamdam
2026 1882 2163 1916 capellam
2182 1881 2276 1907 facere

1265 1935 1407 1966 construi,
1422 1935 1449 1961 in
1461 1942 1532 1961 suae
1549 1938 1577 1960 et
1593 1934 1720 1968 priorum
1737 1932 1994 1967 praedecessorum
2010 1938 2129 1957 suorum
2146 1929 2276 1956 remedio

1265 1984 1442 2016 animarum,
1459 1983 1604 2014 concedit,
1631 1987 1662 2008 ut
1677 1981 1712 2008 de
1728 1981 1850 2016 pecunia
1866 1980 1959 2016 ipsius
1975 1979 2114 2006 ecclesiae
2130 1986 2223 2013 usque
2239 1977 2275 2004 ad

1266 2037 1383 2060 centum
1407 2040 1521 2058 marcas
1543 2032 1654 2065 argenti
1676 2030 1768 2065 possit
1787 2031 1993 2064 possessiones
2008 2036 2103 2054 emere
2119 2035 2152 2054 ac
2168 2035 2218 2054 eas
2232 2026 2276 2054 ei-

1265 2082 1330 2108 dem
1352 2081 1478 2115 capellae
1500 2082 1640 2115 perpetuo
1663 2078 1824 2112 assignare.
1850 2077 1932 2109 (Rae.
1950 2077 1999 2109 24,
2019 2077 2039 2104 f.
2059 2076 2136 2110 209¹,
2152 2084 2220 2103 ann.
2236 2074 2274 2108 ΙΙ,

1265 2138 1291 2158 c.
1308 2130 1380 2162 480)

1307 2252 1320 2266 «ι
1351 2239 1582 2276 Archiepz'scopo
1607 2237 1820 2267 Brochoi-ensi.
1851 2235 1936 2266 Cum
1958 2234 2045 2264 sicut
2072 2237 2103 2264 te
2124 2250 2172 2262 -.
2200 2233 2275 2262 Dat.

1265 2292 1429 2330 Anagnie,
1457 2292 1489 2322 II
1515 2290 1675 2323 kalendas
1701 2288 1908 2324 novembris,
1932 2287 2145 2327 pontificatus
2170 2285 2277 2317 nostri

1267 2354 1353 2376 anno
1370 2344 1524 2375 secundo.
1546 2355 1560 2371 »

1341 2544 1452 2573 1581
1797 2540 1923 2575 Anagni,
1941 2539 1972 2566 31
1989 2538 2107 2565 octobre
2125 2537 2203 2564 1256.

1301 2606 1417 2638 Eidem,
1440 2606 1489 2641 qui
1509 2604 1662 2640 quamdam
1685 2603 1823 2639 capellam
1843 2601 1968 2629 intendit
1989 2601 2083 2628 facere
2098 2598 2229 2626 construi
2245 2597 2275 2625 in

1266 2656 1389 2683 ecclesia
1405 2654 1606 2686 Bracharensi,
1623 2653 1699 2681 idem
1714 2651 1857 2680 concedit.
1878 2650 1960 2683 (Rae.
1977 2649 2020 2681 24,
2032 2649 2053 2677 f.
2064 2648 2139 2682 209¹,
2151 2655 2219 2674 ann.
2235 2645 2275 2680 11,

1265 2713 1292 2732 c.
1311 2704 1385 2736 481.)

1308 2825 1321 2839 α
1338 2813 1454 2842 Eidem.
1475 2812 1559 2842 Cum
1579 2810 1665 2841 sicut
1687 2813 1743 2840 tua
1761 2825 1809 2836 -.
1830 2808 1905 2838 Dat.
1924 2804 2092 2843 Anagnie‚
2110 2804 2143 2835 II
2158 2802 2277 2834 kalen-

1267 2866 1324 2896 das
1341 2864 1542 2899 novembris,
1561 2872 1647 2894 anno
1664 2861 1821 2893 secundo.
1842 2872 1855 2887 υ

2115 2921 2142 2945 61
