2441 3330
173 177 227 206 116
896 173 1135 204 REGISTRES
1157 172 1463 204 D’ALEXANDRE
1487 175 1542 204 IV.

171 253 184 268 11
210 241 405 271 Sabinensis
422 241 605 278 episcopus,
622 240 656 269 in
673 240 823 278 partibus
842 240 974 278 Ispanie
1000 238 1177 276 legationis

171 305 184 320 »
209 293 314 323 officio
333 293 528 330 fungeretur
542 302 600 330 pro
618 292 839 322 reformandis
858 292 1006 322 moribus
1023 296 1054 321 et
1071 290 1178 329 preci-

171 357 184 372 11
208 354 271 384 pue
288 345 483 375 clericorum
499 345 555 383 qui
573 354 629 383 per
646 345 710 374 vite
731 344 934 374 mundiciam
955 349 985 374 et
1002 352 1178 374 conversa-

172 411 184 424 »
211 398 333 427 tionem
350 396 550 427 laudabilem
567 397 705 427 formam
722 397 841 427 ceteris
861 397 938 427 dare
955 396 1091 431 debent,
1111 400 1178 425 sta—

171 463 184 477 »
210 451 271 481 tuit
292 459 406 480 omnes
434 450 632 480 sacerdotes.
661 450 817 479 diaconos
844 454 876 479 et
901 449 1121 479 subdiaconos
1147 452 1179 478 et

172 517 184 530 »
209 512 324 533 omnes
337 503 550 533 beneficiatos
567 503 624 541 qni
640 502 792 532 domibus
810 502 879 531 suis
896 501 945 531 vel
963 501 1082 531 alienis
1099 501 1179 531 deti·

172 570 184 583 »
210 566 288 586 nere
314 556 443 595 publice
469 560 697 594 presumerent
727 555 950 589 concubinas,
982 554 1179 584 denunciari

171 622 184 637 »
209 618 388 648 suspensos
412 619 448 639 ac
469 609 671 639 concubinas
691 608 807 639 talium
827 608 1179 638 excommunicationis

172 676 185 690 11
211 662 375 693 sententie
392 662 574 701 subjacere.
592 663 715 692 Verum
734 661 812 700 quia
829 669 904 699 sepe
923 670 980 699 per
996 661 1083 699 quod
1104 670 1179 699 pro-

171 729 184 742 »
211 716 340 745 videtur
361 715 400 744 ad
420 715 542 744 bonum
560 715 689 753 antiqui
703 714 809 744 hostis
829 714 956 744 invidia
970 718 1177 752 procurante,

171 779 184 794 11
211 766 315 797 tendit
339 767 378 795 ad
401 775 518 795 noxam
540 766 684 804 predicte
708 765 873 796 sententie
892 775 955 804 que
972 775 1029 803 pro
1052 765 1180 794 anima-

171 831 184 845 »
211 828 282 849 rum
313 819 520 857 procuranda
550 819 656 848 salute
686 819 822 848 suerunt
853 818 1078 856 promulgate,
1110 822 1180 847 tum

171 884 184 899 11
209 877 340 910 propter
354 871 617 909 irregularitates
633 880 716 910 quas
732 871 845 901 clerici
861 871 1038 901 sententiis
1055 871 1180 901 eisdem

171 938 183 951 »
209 925 301 962 ligati
334 924 502 954 multoties
532 924 787 959 contrahebant,
816 928 884 953 tum
907 933 965 962 per
990 925 1179 961 contagiose

171 990 184 1005 »
209 987 291 1016 pene
311 977 501 1014 contagium
522 987 586 1016 qna
612 977 888 1007 excommunicati
909 977 972 1006 sibi
995 978 1180 1007 communi-

172 1043 184 1057 »
210 1035 323 1061 cantes
351 1030 704 1061 excommunicationis
728 1030 801 1060 labe
822 1030 976 1059 inficiunt
1003 1030 1179 1061 animabus

172 1096 184 1110 »
211 1084 293 1122 ipsis
315 1084 450 1122 laqueos
469 1088 580 1113 eterne
596 1083 713 1113 mortis
729 1083 900 1121 parabant,
919 1087 948 1113 ct
965 1083 1179 1122 quamplures

173 1149 185 1164 »
211 1137 385 1175 sepissime
423 1136 522 1165 nnius
557 1136 675 1175 laqueo
711 1136 912 1173 ligabantur.
951 1136 1036 1166 Huic
1069 1140 1179 1166 autem

172 1202 185 1216 »
211 1189 323 1219 morbo
342 1189 496 1219 dominus
509 1198 589 1227 papa
607 1188 814 1218 salutiferam
831 1188 1009 1218 intendens
1021 1189 1179 1219 adhibere

172 1254 185 1269 11
210 1242 370 1272 medelam
388 1242 483 1271 nobis
504 1242 577 1271 viva
600 1251 676 1271 voce
701 1242 884 1277 mandavit,
909 1248 943 1272 ut
963 1247 1074 1272 contra
1092 1252 1179 1272 mor-

172 1307 184 1321 11
210 1295 287 1324 1111111
308 1295 457 1325 cumdem
477 1298 540 1324 tam
559 1294 771 1332 pestiferum,
792 1298 857 1323 tam
877 1288 1087 1330 damnosum,
1106 1300 1180 1325 tan-

172 1360 184 1373 11
211 1352 276 1377 tam
293 1348 326 1376 in
344 1347 467 1377 clerum
491 1347 699 1385 Ispaniarun'i
716 1347 856 1377 infamia
873 1347 1086 1377 inducentem
1102 1357 1180 1377 con-

173 1414 184 1426 »
210 1401 348 1430 veniens
366 1401 536 1438 providere
549 1400 732 1430 remedium
744 1410 936 1430 curaremus
949 1401 1180 1431 utanimarum

173 1467 185 1480 11
211 1455 372 1483 vitaretur
385 1454 569 1492 periculum
584 1458 615 1483 et
631 1453 869 1483 nichilominus
884 1454 1116 1492 delinquentes
1130 1463 1179 1484 ca—

172 1520 184 1533 »
211 1507 365 1536 nonicam
390 1516 455 1536 non
481 1508 664 1545 effugerent
690 1506 862 1536 ultionem.
890 1507 958 1536 Nos
982 1507 1084 1543 igitur
1106 1516 1180 1537 cnm

173 1572 185 1585 11
211 1560 347 1598 prelatis
368 1570 403 1589 ac
426 1560 501 1590 aliis
528 1560 608 1590 viris
631 1560 785 1590 discretis
802 1560 935 1598 Ispanie
956 1560 1042 1598 apud
1062 1558 1181 1590 Sedem

172 1626 184 1639 11
211 1613 422 1651 apostolicam
439 1613 629 1642 constitutis
650 1622 749 1650 super
766 1608 833 1642 11115
850 1612 1088 1643 deliberatione
1106 1623 1181 1652 pre-

172 1678 184 1693 11
212 1665 318 1695 hibita
335 1671 365 1695 et
382 1666 439 1695 diu
457 1666 495 1696 de
512 1666 767 1696 commutatione
780 1676 862 1704 pene
878 1667 1025 1704 predicta
1040 1671 1181 1697 tractatu

173 1731 185 1745 »
210 1718 323 1748 habito
342 1728 416 1747 cum
440 1719 564 1748 eisdem
588 1719 832 1757 perspeximus,
854 1719 941 1758 quod
959 1728 1032 1748 cnm
1050 1729 1108 1757 pro
1124 1728 1181 1750 va-

172 1784 184 1798 11
211 1771 328 1801 11011110
343 1781 558 1810 personarum
576 1776 606 1801 et
623 1772 722 1802 etiam
736 1773 909 1809 regionum
924 1782 1006 1810 pene
1021 1778 1098 1803 sunt
1111 1783 1182 1811 pro-

173 1837 185 1851 »
211 1825 284 1854 vide
301 1825 474 1860 variande,
495 1834 535 1854 ne
553 1825 593 1854 ad
608 1825 715 1854 instar
733 1825 879 1863 imperiti
896 1825 1016 1855 medici
1032 1827 1181 1856 onmium

172 1890 185 1904 11
211 1887 326 1907 curare
343 1877 454 1907 oculos
471 1886 536 1907 11110
554 1877 682 1908 collirio
698 1878 899 1913 videremus,
921 1879 1013 1908 vobis
1031 1879 1087 1917 qui
1104 1888 1182 1909 con-

173 1943 185 1956 »
210 1930 370 1959 ditionem
399 1939 617 1968 personarum
645 1935 676 1960 et
699 1930 846 1960 locorum
876 1936 983 1961 vestre
1014 1932 1182 1970 provincie

172 1996 185 2010 11
210 1983 330 2013 111011115
343 1983 427 2012 scire
439 1983 576 2021 potestis
591 1983 705 2013 eadem
721 1983 916 2013 auctoritate
930 1984 1180 2018 committimus,

173 2049 184 2062 11
210 2036 360 2065 districte
380 2035 591 2073 precipiendo
616 2035 812 2065 mandantes
836 2040 1000 2074 quatenus
1021 2036 1182 2068 habentes

173 2100 185 2114 11
210 2097 267 2126 pre
283 2087 387 2117 oculis
405 2087 512 2117 solum
530 2089 647 2123 Deum,
665 2088 718 2117 cui
737 2088 775 2118 de
793 2088 969 2118 animabus
989 2089 1081 2119 vobis
1098 2098 1182 2119 com-

172 2153 185 2167 11
210 2140 323 2170 11115515
339 2140 502 2170 reddituri
518 2140 598 2170 estis
617 2140 651 2169 in
670 2140 722 2170 die
735 2140 855 2179 judicii
878 2141 1058 2177 rationem,
1078 2152 1181 2180 penas

172 2206 185 2220 11
210 2193 340 2224 clericis
357 2198 387 2223 et
404 2193 599 2223 concubinis
615 2193 774 2231 predictis
786 2203 845 2232 per
861 2195 1044 2225 sententias
1061 2204 1181 2226 memo-

172 2258 185 2274 »
209 2250 298 2276 ratas
318 2246 490 2284 impositas
507 2246 541 2275 in
557 2255 659 2284 penas
679 2246 761 2276 alias
781 2255 864 2285 quas
882 2256 1115 2286 personarum,
1133 2248 1182 2279 lo-

172 2312 185 2326 »
211 2308 323 2330 corum
342 2304 373 2329 et
392 2304 577 2338 temporum
599 2300 861 2330 circumstantiis
882 2300 1019 2338 provida
1040 2301 1182 2331 circum-

172 2363 185 2378 »
211 2351 379 2390 spectione
394 2351 542 2390 pensatis
554 2351 745 2381 earumdem
755 2352 941 2381 animarum
953 2352 1052 2382 saluti
1064 2362 1182 2391 magne

173 2415 186 2430 »
212 2404 365 2442 expedire
379 2403 531 2434 videritis
543 2404 764 2439 commutetis,
783 2405 930 2443 ejusdem
940 2405 1040 2443 legati
1052 2410 1182 2437 senten·

172 2468 186 2483 »
212 2457 276 2486 tias
301 2456 497 2486 auctoritate
522 2456 701 2495 apostolica
726 2457 934 2494 postmodum
957 2458 1103 2489 totaliter
1128 2468 1182 2489 re-

173 2521 186 2536 »
211 2509 360 2540 laxantes
373 2532 380 2544 ,
411 2518 449 2539 ac
480 2510 567 2539 circa
596 2514 723 2540 vestros
753 2510 902 2540 subditos
929 2511 987 2549 qui
1017 2520 1054 2541 ex
1084 2511 1181 2542 dictis

174 2575 186 2590 11
212 2563 389 2593 sententiis
415 2563 449 2591 in
475 2563 827 2593 excommunicationis
850 2563 901 2594 vel
922 2564 1181 2602 irregularitatis

174 2627 187 2642 11
211 2615 347 2654 laqueos
370 2615 531 2646 hactenus
549 2616 740 2646 inciderunt
756 2625 814 2654 per
831 2616 1050 2648 absolutionis
1067 2622 1098 2648 et
1114 2618 1182 2648 dis—

173 2680 187 2695 »
211 2668 419 2707 pensationis
439 2668 595 2706 gratiam,
617 2672 715 2706 prout
736 2669 855 2699 merita
871 2678 1089 2707 personarum
1107 2679 1182 2701 exe-

211 2721 331 2758 gerint,
345 2720 459 2750 eadem
474 2721 669 2751 auctoritate
679 2721 879 2751 discretione
888 2722 1001 2760 previa
1009 2723 1182 2761 providere

173 2785 187 2800 »
211 2773 347 2804 curetis.
381 2773 518 2803 Proviso
548 2782 588 2804 ne
618 2774 705 2812 quod
733 2783 791 2812 pro
821 2775 1023 2805 correctione
1052 2784 1182 2806 morum

174 2838 188 2853 11
212 2826 374 2856 duxeritis
393 2826 615 2856 ordinandum
636 2827 677 2856 ad
698 2827 929 2865 pecuniarium
950 2829 1182 2867 compendium

173 2732 180 2748 )

1262 251 1275 265 r>
1300 238 1468 270 ullatenus
1484 241 1696 271 convertatis.
1714 241 1788 271 Dat.
1802 241 1965 279 Anagnie,
1980 241 2049 272 IIII
2065 250 2170 272 nonas
2183 246 2255 272 octo

1262 304 1274 318 11
1299 291 1386 326 bris,
1405 301 1492 322 anno
1507 293 1641 322 Domini
1661 293 1894 329 M⁰CC⁰LIIII⁰,
1914 294 2126 332 pontificatus
2142 294 2268 324 domini

1262 357 1275 371 »
1299 345 1487 375 Innocentii
1503 355 1585 384 pape
1603 347 1682 377 1111.
1703 359 1716 373 »

1300 398 1371 427 Dat.
1392 397 1549 436 Neapoli,
1570 399 1619 428 III
1636 399 1711 429 idus
1727 399 1855 437 aprilis,
1874 408 1960 430 anno
1975 399 2094 438 primo.
2114 412 2127 426 11

1333 567 1422 596 390
1849 569 1966 605 Napies,
1981 569 2016 597 22
2033 570 2103 596 avril
2123 570 2199 598 ¹255.

1299 629 1403 656 Abbati
1420 633 1449 656 et
1462 631 1616 657 conventui
1634 631 1799 658 monasterii
1816 640 1840 660 s.
1858 632 1974 659 Sabbati
1991 633 2174 660 Acconensis
2190 641 2274 660 man-

1261 677 1309 704 dat
1325 680 1462 712 quatinus
1477 680 1622 706 communi
1638 679 1780 707 Januensi
1797 680 1914 707 domurn
1932 689 2016 716 quam
2034 682 2061 708 in
2077 682 2194 709 civitate
2209 682 2272 710 Ae-

1261 728 1398 760 conensi,
1417 728 1442 753 in
1462 728 1524 754 vico
1540 727 1677 762 Catenae,
1691 730 1775 763 juxta
1791 729 1907 756 domum
1928 730 2057 764 ipsorum
2077 729 2272 758 Januensium

1262 778 1378 808 babent,
1396 778 1520 804 vendant
1535 786 1586 805 seu
1603 778 1637 805 ad
1654 784 1825 814 perpetuum
1849 788 1971 806 censum
1987 784 2035 807 aut
2052 789 2102 815 pro
2123 781 2273 808 excambio

1262 826 1431 860 concedant,
1463 828 1530 860 jure
1565 827 1642 861 regis
1674 826 1910 862 Jerosolymitani
1944 828 2056 863 integre
2089 832 2272 858 conservato.

1261 874 1346 908 (Rae.
1364 875 1408 908 24,
1425 884 1451 902 c.
1470 875 1531 909 323,
1548 876 1567 902 f.
1583 876 1650 902 47¹³

1304 989 1316 1003 1(
1340 1000 1372 1012 ..,
1390 978 1492 1006 abbati
1507 983 1532 1007 et
1548 979 1713 1007 conventui
1731 980 1912 1008 'monasterii
1926 981 2027 1008 sancti
2041 980 2164 1010 Sabbati
2180 981 2272 1010 Acco-

1262 1032 1375 1059 nensis.
1389 1030 1509 1060 Dilecti
1522 1031 1594 1066 filii,
1613 1040 1786 1062 commune
1803 1033 1988 1067 Jannense,
2007 1032 2199 1064 sinceritate
2215 1033 2272 1065 de-

1261 1084 1404 1113 votionis
1421 1088 1452 1114 et
1470 1083 1547 1114 fidei
1561 1094 1660 1123 quam
1677 1094 1806 1123 semper
1821 1094 1899 1123 erga
1916 1086 2100 1116 Romanam
2115 1085 2272 1117 exhibue-

1261 1141 1338 1166 runt
1347 1136 1529 1167 Ecclesiam
1540 1142 1826 1175 p1·omercntur,ut
1837 1138 1967 1168 sincera
1979 1147 2034 1168 005
2048 1138 2274 1170 benivolentia

1260 1194 1517 1228 prosequentes,
1538 1199 1597 1220 nos
1617 1190 1699 1228 ipsis
1722 1190 1757 1219 in
1774 1191 1844 1220 suis
1863 1191 2080 1229 petitionibus
2100 1191 2272 1230 impenda-

1261 1252 1334 1272 mus
1357 1242 1557 1273 favorabiles
1577 1247 1608 1273 et
1629 1243 1802 1280 benignos.
1820 1243 1907 1273 Hinc
1923 1248 1972 1273 est
1993 1243 2079 1282 quod
2098 1253 2174 1278 nos,
2192 1244 2273 1274 dicti

1262 1296 1449 1325 communis
1476 1295 1603 1325 devotis
1626 1295 1926 1334 supplicationibus
1950 1295 2120 1332 inclinati,
2147 1296 2287 1327 discre-.

1262 1348 1344 1378 tioni
1378 1352 1486 1378 vestre
1519 1357 1672 1385 rogamus
1705 1352 1828 1378 attente
1867 1357 1925 1386 per
1961 1348 2140 1386 apostolica
2180 1348 2274 1380 vobis

1263 1401 1385 1439 scripta
1407 1401 1603 1430 mandantes
1627 1401 1786 1439 quatinus
1809 1401 1941 1431 domum
1963 1410 2062 1439 quam
2081 1401 2116 1430 in
2140 1401 2274 1433 civitate

1263 1455 1474 1490 Acconense,
1495 1454 1527 1483 in
1546 1455 1616 1484 vico
1633 1455 1774 1489 Catene,
1789 1455 1883 1494 juxta
1899 1454 2032 1484 domum
2050 1454 2198 1492 ipsorum
2213 1454 2275 1485 ha-

1263 1507 1364 1542 betis,
1385 1507 1534 1536 vendatis
1556 1507 1681 1537 eisdem
1700 1507 1751 1537 vel
1772 1507 1812 1537 ad
1834 1511 2029 1546 perpetuum
2055 1516 2192 1538 censum
2215 1516 2275 1538 an-

1264 1568 1368 1589 nuum
1403 1564 1457 1589 aut
1487 1569 1545 1598 pro
1581 1560 1751 1590 excambio
1790 1569 1849 1590 seu
1886 1559 2129 1598 permutatione
2165 1564 2276 1591 vestro

1263 1613 1465 1642 monasterio
1485 1612 1561 1642 utili
1587 1612 1796 1642 concedatur.
1819 1612 1956 1642 Proviso
1977 1612 2064 1651 quod
2085 1612 2119 1642 in
2139 1612 2276 1651 equiva-

1263 1665 1387 1695 lentem
1413 1666 1545 1695 domum
1571 1666 1720 1704 precium
1748 1665 1836 1704 quod
1861 1664 1938 1695 inde
1963 1665 2157 1704 receperit-is
2182 1669 2214 1696 et
2240 1665 2275 1695 in

1264 1718 1369 1748 nichil
1394 1718 1484 1748 aliud
1511 1723 1736 1753 convertatur,
1765 1718 1918 1756 quodque
1941 1718 1975 1747 in
2002 1718 2193 1748 venditione
2216 1726 2275 1748 seu

1265 1771 1499 1811 qualicumque
1516 1771 1718 1801 alienatione
1737 1771 1852 1800 domus
1874 1771 1980 1809 ipsius
1995 1771 2056 1802 «1115
2072 1770 2169 1809 regis.
2179 1771 2275 1802 Jero-

1265 1825 1463 1856 solimitani,
1482 1825 1510 1854 si
1527 1824 1613 1863 quod
1630 1824 1728 1854 habet
1744 1824 1886 1854 forsitan
1902 1824 1936 1853 in
1954 1824 2084 1860 eadem,
2102 1824 2171 1862 regi
2187 1824 2276 1854 inte-

1265 1887 1360 1916 grum
1376 1882 1590 1908 conservetur
1606 1877 1724 1907 eidem,
1749 1878 1855 1915 Super
1870 1876 1937 1907 hiis
1955 1881 2067 1907 autem
2082 1877 2276 1907 mandatum

1265 1935 1415 1961 nostrum
1433 1931 1543 1960 taliter
1560 1930 1738 1968 impleatis.
1757 1934 1791 1960 ut
1806 1930 1972 1968 prefatum
1991 1939 2165 1960 commune
2181 1929 2275 1960 vobis

1265 1987 1295 2014 et
1307 1984 1508 2013 monasterio
1525 1987 1633 2013 vestro
1646 1982 1783 2021 proinde
1797 1982 1987 2021 specialiter
2000 1982 2156 2021 obligatis
2170 1986 2202 2013 01
2213 1990 2274 2013 nos
2298 2020 2301 2022 ‚

1265 2040 1395 2075 gratum
1417 2036 1539 2066 habere
1558 2036 1675 2066 merito
1695 2035 1875 2066 valeamus.
1898 2036 1971 2065 Dat.
1994 2035 2151 2074 Neapoli,
2168 2035 2200 2066 X
2214 2035 2275 2066 ka-

1264 2090 1380 2120 lendas
1396 2090 1487 2125 maii,
1508 2098 1594 2119 anno
1611 2088 1729 2127 primo.
1752 2100 1764 2114 »

1335 2262 1418 2291 391
1849 2259 1966 2294 Naples,
1982 2259 2016 2286 22
2033 2259 2104 2286 avril
2121 2258 2200 2287 1255.

1301 2324 1391 2350 Priori
1415 2332 1439 2350 5.
1458 2322 1603 2350 Laurentii
1621 2322 1803 2349 Acconensis
1823 2325 1851 2348 01
1871 2321 1981 2348 cantori
2000 2320 2124 2357 Tyn-ensi
2146 2321 2272 2354 mandat,

1265 2373 1402 2408 quatinus
1416 2372 1525 2399 dictum
1541 2375 1714 2399 conventum
1731 2379 1756 2398 s.
1772 2370 1890 2397 sabbati
1905 2370 1940 2397 ad
1956 2370 2112 2405 praefatam
2130 2370 2273 2398 venditio-

1266 2430 1329 2448 nem
1355 2424 1490 2448 moneant
1511 2425 1539 2447 et
1563 2420 1701 2447 inducant
1723 2423 1772 2446 aut
1795 2427 1844 2454 per
1867 2427 2021 2446 censuram
2043 2419 2273 2447 ecclesiasticam

1264 2471 1446 2506 compellant.
1467 2470 1548 2503 (Rae.
1564 2470 1610 2503 24,
1626 2477 1651 2496 c.
1669 2469 1744 2500 323¹,
1762 2469 1782 2497 f.
1796 2468 1867 2503 47¹.)

1307 2579 1320 2593 «
1351 2589 1383 2601 ..,
1401 2566 1505 2604 priori
1530 2565 1630 2607 sancti
1651 2565 1813 2594 Laurentii
1833 2564 2013 2593 Acconensis
2036 2568 2063 2592 et
2092 2585 2125 2598 ..,
2152 2563 2276 2593 cantori

1267 2620 1404 2658 Tyrensi.
1419 2617 1540 2648 Dilecti
1554 2616 1617 2646 filii
1631 2620 1690 2647 etc.
1705 2625 1812 2655 usque
1827 2625 1834 2645 z
1849 2615 2019 2652 molinam
2035 2615 2173 2646 dilectos
2186 2615 2274 2646 filios

1267 2694 1300 2708 ..,
1325 2671 1477 2701 abbatem
1501 2673 1533 2700 et
1559 2673 1758 2699 conventum
1785 2668 1980 2698 monasterii
2005 2667 2112 2698 sancti
2138 2667 2275 2699 Sabbati

1265 2723 1469 2754 Acconensis
1497 2731 1652 2760 rogamus
1679 2726 1819 2757 attente,
1848 2721 1964 2751 dantes
1991 2720 2117 2751 eisdem
2142 2724 2274 2752 nostras

1265 2776 1394 2807 litteras
1409 2776 1445 2806 in
1460 2775 1626 2805 mandatis
1642 2779 1679 2805 ut
1694 2774 1826 2804 domum
1843 2777 1904 2804 etc.
1921 2782 2028 2812 usque
2043 2783 2051 2803 ι
2068 2772 2144 2804 utili
2160 2781 2273 2804 conce-

1265 2829 1344 2859 dant
1367 2839 1374 2858 :
1394 2828 1526 2868 proviso
1549 2828 1638 2867 quod
1658 2828 1697 2858 de
1712 2827 1824 2866 precio
1840 2826 1956 2857 domus
1971 2826 2120 2867 ejusdem
2136 2826 2273 2865 equiva-

2385 3297 2406 3330 u
2380 3106 2411 3287 umet-9}
2384 3060 2386 3062 ·
2372 3037 2391 3047 ,-
