2441 3330
157 172 211 202 130
880 171 1120 202 REGISTRES
1142 170 1449 203 D'ALEXANDRE
1472 174 1527 203 lv.

153 237 257 275 gratie
277 236 483 274 prerogativa
507 236 622 266 efferat
638 236 810 275 speciales.
829 237 915 267 Hinc
931 241 979 267 est
1000 236 1087 276 quod
1103 245 1162 266 nos

153 289 273 319 eximio
291 293 319 318 te
334 288 419 318 dono
435 288 540 326 gratie
555 288 768 324 honorantes,
785 290 851 319 tuis
865 289 992 320 devotis
1008 289 1162 328 precibus

152 341 316 375 inclinati,
332 341 393 371 tibi
410 345 440 372 et
454 341 573 372 dilecte
590 341 624 371 in
641 341 774 372 Christo
789 342 893 372 nobili
909 342 1043 372 mulieri
1059 365 1094 378 ..,
1108 351 1162 372 co-

153 395 282 424 mitisse
298 394 489 432 Andegavie
506 398 535 425 et
553 395 738 430 Provincie,
758 395 851 426 uxori
865 400 928 431 tue,
942 400 990 431 ut,
1007 395 1043 425 in
1057 395 1162 426 eccle-

152 447 212 477 siis
234 456 292 477 seu
309 447 391 477 locis
407 447 633 478 ecclesiastico
656 448 831 478 interdicto
854 448 1046 486 suppositis,
1064 448 1162 478 liceat

150 500 255 535 vohis,
274 501 567 531 excommunicatis
584 505 615 531 et
632 501 819 531 interdictis
836 501 990 537 exclusis,
1009 510 1074 531 non
1088 501 1162 540 pul-

151 553 233 583 satis
251 553 432 591 campanis,
451 554 629 584 summissa
648 563 725 584 voce
742 554 850 584 facere
871 554 1033 584 celebrari
1055 558 1087 584 et
1103 563 1162 584 au-

151 605 221 635 dire
241 606 354 636 divina
370 606 488 639 officia,
507 606 682 637 dummodo
700 611 734 636 tu
749 611 780 637 et
798 607 913 637 eadem
928 616 1010 637 uxor
1027 615 1162 637 causam

151 667 216 688 non
233 658 392 689 dederitis
407 659 594 695 interdicto,
614 668 674 690 nec
690 659 723 689 id
738 660 831 690 vobis
848 660 1018 697 contingat
1034 660 1161 698 specia—

149 710 226 741 liter
237 711 403 747 interdici,
415 712 610 742 auctoritate
618 713 824 750 presentium
833 712 1057 750 indulgemus.
1068 713 1162 743 Nulli

151 768 212 793 etc.
233 768 344 794 nostre
362 764 588 795 concessionis
611 769 672 795 etc.
697 766 770 795 Dat.
791 765 940 804 Neapoli,
955 766 987 796 11
999 765 1160 797 kalendas

149 816 240 852 maii,
259 826 345 846 anno
362 817 478 855 primo.
502 830 514 843 »

220 1002 310 1031 430
737 1002 854 1035 Naples.
872 1003 904 1030 30
919 1004 989 1030 avril
1006 1003 1085 1031 1255.

186 1064 284 1091 Eidem
301 1065 399 1091 comiti
416 1065 557 1099 indulget,
576 1069 607 1092 ut
623 1066 719 1092 nullus
739 1065 910 1092 ordinariam
924 1066 1156 1100 jurisdictionem

149 1114 258 1140 habens
276 1114 429 1148 nullusque
452 1115 626 1148 apostolicae
647 1114 731 1141 Sedis
751 1115 862 1149 legatus
884 1119 938 1142 etc.
958 1116 984 1141 in
1002 1117 1096 1149 ipsum
1114 1116 1157 1142 vel

148 1163 325 1189 comitissam
343 1162 527 1196 Andegaviae
543 1163 687 1190 interdicti
704 1164 747 1189 vel
762 1164 1070 1191 excommunicationis
1086 1172 1156 1191 seu—

149 1212 254 1238 tentias
273 1211 362 1237 valeat
378 1212 570 1246 promulgare.
587 1211 671 1245 (Rae.
688 1212 732 1242 24,
749 1221 775 1240 c.
793 1213 865 1247 350²,
882 1213 901 1239 f.
919 1212 988 1245 5⁶2¹.)

190 1325 202 1338 a
224 1313 336 1341 Eidem.
358 1311 442 1343 Cum
457 1312 499 1341 ad
513 1312 659 1342 archana
671 1330 720 1342 ——.
738 1314 811 1343 Dat.
828 1318 864 1344 ut
881 1323 991 1353 supra.
1009 1327 1022 1342 »

217 1497 302 1524 431

183 1558 306 1585 Eosdem
324 1560 457 1585 comitem
477 1562 504 1585 et
521 1560 718 1591 comitissam,
740 1568 805 1586 cum
830 1559 998 1587 Provinciae
1015 1565 1043 1587 et
1059 1561 1157 1588 Ande-

149 1608 249 1642 gaviae
265 1607 450 1634 comitatibus
465 1616 498 1634 ac
520 1608 625 1634 ceteris
645 1608 744 1638 bonis,
762 1609 789 1634 in
806 1617 887 1635 suam
904 1611 1026 1644 suscipit
1043 1614 1156 1644 protec-

147 1657 263 1683 tionem,
283 1656 366 1689 (Rue.
384 1656 427 1687 94,
443 1664 469 1684 e.
487 1656 558 1690 350³,
577 1657 595 1684 f.
613 1657 679 1687 52¹¹.)

733 1496 850 1532 Names,
868 1498 901 1525 30
919 1499 988 1525 avril
1006 1499 1084 1525 1255.

189 1770 202 1784 α
220 1758 336 1786 Eidem.
355 1758 439 1789 ,Cum
458 1757 603 1788 archana
618 1762 679 1788 ete.
694 1768 800 1797 usque
815 1769 820 1788 :
836 1760 1002 1797 specialis.
1016 1761 1157 1799 Eaprop-

146 1815 206 1843 ter,
226 1810 343 1840 dilecte
366 1811 401 1840 in
423 1811 564 1841 Domino
586 1811 650 1844 fili.
676 1812 741 1842 tuis
755 1812 856 1851 justis
877 1813 1156 1850 postulationibus

147 1867 238 1901 grato
256 1867 491 1893 concurrentes
508 1872 663 1899 assensu,
682 1868 770 1893 tuam
791 1869 821 1894 et
838 1865 956 1895 dilecte
972 1866 1007 1895 in
1023 1866 1156 1896 Christo

147 1915 214 1945 filie
243 1915 364 1945 nobilis
389 1915 541 1946 mulieris
569 1939 607 1951 ..,
635 1917 804 1947 comitisse
827 1918 1017 1954 Provincie,
1044 1919 1156 1950 uxoris

145 1972 212 2001 tue,
226 1977 395 2006 personas,
414 1977 488 1997 cum
505 1969 680 1999 Provincie
696 1973 727 1999 et
738 1969 929 2008 Andegavie
945 1971 1157 2002 comitatibus

146 2030 183 2050 ac
199 2021 318 2050 ceteris
334 2020 430 2050 bonis
446 2021 567 2051 vestris
584 2031 647 2060 que
662 2022 697 2051 in
710 2023 955 2060 presentiarum
973 2024 1157 2054 rationabi-

145 2073 222 2103 liter
239 2073 415 2111 possidetis
439 2077 495 2103 aut
517 2074 551 2103 in
569 2075 719 2104 futurum
739 2075 839 2114 justis
862 2076 968 2106 modis
989 2081 1158 2115 prestante

145 2126 287 2156 Domino
298 2126 449 2164 poteritis
465 2127 616 2165 adipisci,
630 2127 691 2157 sul)
705 2128 800 2158 Beati
816 2129 907 2159 Petri
919 2133 949 2159 et
960 2134 1073 2160 nostra
1086 2139 1156 2169 pro-

146 2178 288 2208 tectione
299 2178 500 2217 suscipimus
510 2183 571 2209 etc.
584 2188 690 2219 usque
705 2190 711 2209 ε
723 2181 978 2212 communimus.
991 2182 1085 2212 Nulli
1094 2186 1155 2214 etc.

146 2236 257 2262 nostre
276 2232 490 2270 protectionis
507 2236 568 2263 etc.
586 2234 659 2263 Dat.
677 2237 713 2263 ut
731 2242 842 2272 supra.
862 2247 874 2261 »

216 2417 304 2445 432
732 2418 848 2454 Naples,
865 2420 895 2446 13
913 2428 988 2446 mars
1006 2421 1084 2448 1255.

184 2478 321 2504 Mauricio
336 2478 413 2504 dicto
430 2478 552 2510 Sanson,
567 2481 670 2506 rectori
681 2481 821 2507 ecclesiae
835 2481 870 2507 de
881 2481 1035 2508 Greutham
1047 2481 1156 2509 Dunel-

146 2528 255 2554 mensis
281 2526 422 2560 diocesis,
447 2527 592 2562 indulget,
621 2533 664 2562 ut,
695 2533 806 2564 praeter
832 2530 866 2556 de
892 2530 1046 2557 Greatham
1071 2535 1099 2558 et
1121 2532 1156 2558 de

146 2575 318 2609 Edlingtone
337 2575 530 2602 Ebot-acensis
551 2576 676 2604 diocesis
692 2578 848 2612 ecclesius,
875 2587 972 2605 curam
994 2580 1154 2607 animarum

146 2624 302 2655 habentes,
327 2632 400 2658 quas
425 2624 488 2650 sine
513 2625 728 2659 dispensatione
756 2627 839 2653 Sedis
864 2627 1036 2662 apostolicae
1063 2637 1155 2663 usque

147 2680 223 2698 nunc
236 2672 373 2705 detinuit,
394 2674 508 2699 unicum
525 2673 619 2701 adhuc
632 2674 800 2701 beneficium
813 2676 1055 2707 ecclesiasticum,
1067 2677 1153 2704 etiam

146 2720 268 2746 similem
282 2728 379 2747 curam
393 2721 511 2752 habens,
526 2723 652 2756 recipere
665 2723 764 2749 valeat.
781 2723 861 2756 (Rau.
875 2724 917 2755 24,
935 2732 961 2750 c.
977 2725 1038 2758 351,
1051 2726 1070 2751 f.
1084 2726 1152 2758 5²2v.)

188 2834 200 2847 «
219 2823 368 2851 Mauricio
384 2822 463 2851 dicto
479 2822 608 2857 Samson,
626 2822 737 2853 rectori
752 2826 869 2854 ecclesie
885 2826 918 2854 (le
933 2826 1075 2861 Grethan,
1094 2828 1151 2856 Du-

1246 239 1410 268 nelmensis
1438 240 1571 270 diocesis.
1600 241 1671 271 Etsi
1697 245 1830 280 propter
1856 241 2072 272 ambitionem
2098 259 2147 272 —.
2177 243 2252 274 Dat.

1245 290 1402 329 Neapoli,
1421 293 1471 323 III
1486 293 1562 324 idus
1575 294 1699 329 martii,
1720 303 1807 325 anno
1823 295 1941 340 primo.
1960 307 1974 322 ι,

1314 462 1402 490 483

1279 522 1441 552 Conventui
1457 526 1622 552 monasterii
1638 526 1672 553 de
1689 526 1852 559 Nuneaton,
1869 528 1980 555 ordinis
1999 528 2098 556 Fontis
2116 528 2252 563 Ebraudi‚

1244 571 1449 600 Coventrensis
1464 574 1600 606 diocesis,
1614 576 1663 609 qui
1677 579 1732 602 tam
1746 577 1773 602 in
1787 577 1952 612 receptione
1966 577 2111 612 hospitum
2126 586 2214 613 quam
2225 578 2255 605 in

1243 622 1393 657 obsequiis
1411 631 1568 658 pauperum
1585 624 1722 651 oneribus
1737 632 1932 660 expensarum
1951 630 2098 660 gravatur.
2121 625 2256 654 concedit

1244 671 1272 697 in
1289 679 1360 698 usus
1375 672 1506 706 proprios
1516 672 1669 698 ecclesiam
1681 672 1717 700 de
1733 673 1920 708 Claybrooke,
1935 673 2146 702 Lincolniensis
2156 674 2256 702 dioce-

1243 719 1294 752 sis,
1312 720 1338 746 in
1356 728 1411 754 qua
1423 721 1474 754 Jus
1491 725 1658 755 patronatus
1676 722 1807 749 habebat.
1826 721 1914 758 (Rso.
1929 722 1974 753 24,
1990 730 2016 750 c.
2034 722 2095 756 352,
2111 723 2132 751 f.
2149 723 2218 757 52²¹.)

1835 465 1950 500 Naples,
1968 466 2002 493 Ξ25
2014 466 2085 492 avril
2103 465 2180 494 1255.

1272 833 1298 852 ,α
1319 845 1351 856 ..,
1368 823 1514 859 priorisse
1530 828 1556 852 et
1572 825 1738 853 conventui
1756 825 1939 853 monasterii
1954 824 1988 853 <Ie
2002 825 2116 860 Econa,
2133 825 2255 854 ordinis

1241 874 1346 903 Fontis
1361 875 1508 910 Ebraucli,
1522 875 1755 905 Conventrensis
1768 876 1902 906 diocesis.
1916 876 2052 907 Sincere
2068 875 2254 908 devotionis

1241 927 1379 958 affectus
1395 945 1443 956 ——.
1467 928 1512 958 Ex
1532 932 1625 966 parte
1648 928 1814 967 siquidem
1837 933 1946 959 vestra
1966 929 2031 959 suit
2048 929 2254 968 propositum

1241 989 1350 1011 coram
1363 980 1469 1016 nohis,
1479 980 1567 1019 quod
1579 990 1648 1016 vos,
1660 981 1772 1011 tamin
1786 981 1974 1020 receptione
1987 982 2157 1020 hospitum
2170 990 2254 1022 quos

1240 1037 1308 1063 tam
1328 1033 1473 1063 libenter
1493 1042 1591 1072 quam
1607 1033 1792 1064 liberaliter
1810 1035 1994 1064 secundum
2014 1035 2111 1073 regni
2131 1034 2254 1074 Anglie

1240 1086 1515 1116 consuetudinem
1529 1086 1693 1116 exhibetis
1707 1096 1806 1125 quam
1822 1087 1856 1116 in
1873 1087 2043 1126 obsequiis
2056 1095 2251 1126 pauperum,

1241 1147 1383 1178 quorum
1405 1139 1445 1168 ad
1467 1139 1707 1169 monasterium
1732 1144 1879 1170 vestrum
1904 1140 2040 1170 confluit
2060 1140 2250 1176 multitudo,

1241 1191 1354 1221 subire
1376 1191 1535 1229 cogimini
1556 1200 1656 1221 onera
1682 1200 1912 1230 expensarum.
1938 1192 2046 1229 Quare
2070 1201 2169 1231 super
2189 1192 2252 1223 hoc

1239 1243 1419 1281 benignam
1437 1242 1615 1281 apostolice
1631 1243 1726 1274 Sedis
1743 1244 1883 1281 gratiam
1902 1244 2129 1283 implorantes,
2147 1245 2253 1276 eccle-

1241 1296 1325 1326 siam
1343 1297 1382 1326 de
1404 1296 1575 1331 Cleibrok,
1603 1296 1850 1327 Lincolniensis
1870 1297 2027 1333 diocesis,
2052 1298 2086 1328 in
2108 1307 2173 1338 qua
2193 1307 2252 1329 vos

1237 1350 1292 1388 jus
1310 1349 1433 1379 habere
1454 1349 1605 1379 asseritis
1625 1354 1835 1388 patronatus,
1852 1359 1911 1388 pro
1928 1350 2116 1381 relevandis
2134 1350 2253 1390 hujus-

1240 1402 1328 1431 modi
1345 1411 1564 1440 expensarum
1583 1402 1741 1432 oneribus
1756 1402 1851 1432 vobis
1871 1403 2007 1433 concedi
2022 1403 2058 1432 in
2074 1411 2155 1434 usus
2176 1399 2253 1442 prod

1239 1455 1330 1493 prios
1353 1454 1558 1493 postulastis.
1584 1455 1653 1485 Nos
1678 1455 1781 1493 igitur
1805 1455 1926 1485 vestris
1946 1455 2073 1486 devotis
2097 1455 2252 1494 precibus

1239 1507 1405 1542 inclinati,
1424 1508 1585 1545 prefatam
1602 1507 1777 1537 ecclesiam
1794 1516 1868 1537 cum
1885 1507 2019 1547 juribus
2035 1512 2066 1538 et
2080 1508 2253 1547 pertinen-

1239 1561 1297 1590 tiis
1314 1560 1384 1590 suis
1405 1560 1634 1599 applicandam
1653 1560 1773 1591 vestris
1795 1561 1939 1599 propriis
1954 1561 2072 1592 usibus
2096 1571 2155 1600 per
2174 1570 2253 1592 nos-

1240 1618 1308 1644 tras
1330 1613 1459 1644 litteras
1479 1614 1517 1643 de
1542 1613 1673 1643 liberali
1693 1614 1800 1652 gratia
1820 1614 1975 1644 duximus
1995 1614 2250 1653 concedendam,

1240 1667 1458 1697 concedentes
1472 1671 1518 1702 ut,
1530 1676 1595 1696 non
1610 1667 1820 1697 obstantibus
1835 1667 2004 1706 aliquibus
2019 1667 2142 1698 litteris
2153 1677 2252 1707 super

1238 1719 1428 1758 provisione
1441 1719 1665 1758 quorumlibet
1677 1728 1695 1749 a
1706 1719 1789 1749 Sede
1804 1719 1983 1758 apostolica
1998 1720 2185 1759 impetratis
2200 1720 2253 1752 vel

1240 1773 1340 1802 etiam
1356 1772 1586 1810 impetrandis,
1597 1772 1733 1802 cedente
1747 1772 1799 1803 vel
1811 1773 1988 1803 decedente
2004 1773 2111 1812 ipsius
2124 1777 2252 1804 rectore

1238 1825 1485 1864 possessionem
1503 1825 1651 1864 ejusdem
1673 1825 1828 1860 ecclesie,
1847 1825 2042 1856 auctoritate
2066 1830 2180 1856 nostra
2197 1826 2252 1856 in-

1239 1878 1332 1916 gredi
1349 1878 1452 1907 libere
1469 1877 1622 1913 valeatis,
1638 1877 1807 1907 diocesani
1824 1877 1876 1907 vel
1895 1901 1927 1913 ..,
1945 1878 2172 1909 archidiaconi
2186 1878 2252 1909 loci

1240 1940 1298 1961 seu
1323 1930 1501 1970 cujuslibet
1523 1930 1661 1960 alterius
1682 1939 1822 1961 assensu
1843 1931 1980 1961 minime
1999 1932 2162 1970 requisito
2179 1941 2186 1960 :
2203 1931 2252 1962 ita

1240 1988 1349 2014 tamen
1366 1983 1453 2022 quod
1469 1983 1592 2012 vicario
1608 1983 1644 2012 in
1659 1991 1697 2013 ea
1711 1987 1868 2022 perpetuo
1885 1983 2049 2014 servituro
2063 1992 2122 2022 per
2133 1992 2192 2014 vos
2210 1983 2250 2014 de

1238 2036 1454 2075 proventibus
1470 2036 1619 2075 ejusdem
1637 2035 1776 2066 ecclesie
1794 2036 1900 2074 portio
1923 2040 2112 2074 competens
2129 2044 2167 2066 ex
2184 2045 2251 2076 qua

1239 2098 1383 2127 congrue
1400 2088 1581 2119 sustentari
1597 2092 1628 2118 et
1644 2089 1845 2127 episcopalia
1861 2093 1892 2119 et.
1905 2088 1971 2118 alia
1987 2089 2094 2127 ipsius
2109 2088 2250 2120 ecclesie

1239 2151 1340 2172 onera
1359 2145 1551 2180 supportare
1569 2140 1676 2170 valeat
1698 2141 1902 2179 assignetur,
1917 2142 1992 2180 jure
2009 2141 2249 2172 nichilominus

1239 2195 1408 2225 diocesani
1440 2194 1475 2223 in
1507 2193 1582 2224 aliis
1616 2202 1679 2232 que
1707 2194 1747 2224 ad
1777 2194 1888 2232 ipsum
1916 2194 2086 2232 pertinent
2118 2203 2249 2233 semper

1239 2247 1341 2278 salvo.
1358 2247 1452 2277 Nulli
1468 2251 1528 2277 etc.
1547 2251 1659 2277 nostre
1675 2247 1901 2277 concessionis
1923 2250 1983 2277 etc.
2003 2247 2077 2277 Dat.
2095 2246 2246 2286 Neapoli,

1237 2301 1302 2331 VII
1317 2299 1475 2330 kalendas
1492 2299 1583 2335 maii,
1602 2308 1688 2329 anno
1705 2299 1822 2338 primo.
1843 2312 1856 2325 »

1308 2471 1398 2500 434
1824 2469 1946 2505 Naples‚
1963 2470 1996 2498 30
2011 2470 2082 2496 avril
2098 2469 2176 2497 ¹255.

1275 2533 1377 2560 Famae
1393 2533 1512 2560 Roberti
1527 2533 1562 2558 de
1579 2532 1760 2564 Curtiniaco,
1785 2532 1887 2558 decani
1904 2531 2102 2563 Carnotensis‚
2117 2532 2167 2567 qui
2186 2535 2248 2559 sta-

1237 2585 1298 2609 tuta
1313 2582 1500 2616 quarumdam
1515 2582 1702 2608 ecclesiarum
1719 2581 1746 2606 in
1764 2581 1870 2615 quibus
1889 2580 2078 2607 beneficiatus
2091 2580 2190 2608 existit
2198 2580 2248 2607 ali-

1236 2631 1351 2666 quoties
1367 2639 1422 2657 non
1442 2630 1567 2657 servavit
1583 2635 1610 2657 et
1625 2631 1659 2656 ab
1681 2629 1848 2664 hujusmodi
1866 2629 1992 2664 perjurio
2008 2638 2057 2664 per
2073 2628 2108 2655 H.
2127 2628 2201 2656 tituli
2220 2637 2246 2658 8.

1237 2678 1359 2706 Sabinae
1376 2679 1574 2714 presbyterum
1591 2679 1764 2705 cardinalem
1783 2679 1835 2705 fuit
1851 2678 2011 2709 absolutus,
2030 2678 2138 2704 nullum
2155 2677 2246 2704 detri-

1237 2732 1363 2754 mentum
1381 2728 1461 2754 ducit
1476 2727 1696 2761 providendum.
1713 2726 1796 2760 (Rae.
1815 2726 1859 2760 ⁶24,
1876 2734 1902 2753 c.
1920 2726 1981 2759 353,
1999 2726 2018 2753 f.
2036 2725 2104 2761 52¹.)

1277 2841 1289 2855 α
1310 2829 1430 2858 Roberto
1448 2829 1481 2858 de
1498 2829 1692 2863 Cur-liniaco,
1710 2829 1821 2858 decano
1841 2828 2029 2857 Carnotensi.
2050 2827 2114 2857 Per
2127 2826 2244 2857 lauda-
