2441 3330
999 179 1222 216 PREMIERE
1243 181 1401 218 ANNEE.

155 261 296 291 cumque
313 252 437 282 tenoris
452 252 606 287 existant,
617 251 705 281 ultra
720 260 821 281 unam
836 251 958 280 dietam
973 255 1062 280 extra
1077 255 1166 280 tuam

154 305 325 339 diocesim,
346 304 521 335 dummodo
536 304 625 333 infra
640 304 750 342 ipsum
769 307 903 341 paratus
921 303 1057 337 existas,
1076 303 1114 332 de
1135 306 1166 332 te

153 357 436 396 conquerentibus
453 366 563 387 coram
577 356 776 395 competenti
790 356 901 394 judice
914 356 1044 394 justitie
1058 355 1166 393 pleni-

153 413 305 443 tudinem
320 412 475 442 exhibere
495 420 559 441 non
575 411 683 449 possis
701 411 741 440 ad
753 410 917 450 judicium
936 410 1076 445 evocari,
1098 411 1164 442 nisi

154 466 240 496 dicte
256 465 365 495 littere
383 465 590 503 impetrande
606 464 644 494 de
662 469 717 494 tuo
733 464 864 502 proprio
883 463 1016 493 nomine
1032 463 1164 501 plenam

154 523 185 548 et
199 527 387 556 expressam
402 522 432 547 et
448 518 487 548 de
501 517 600 548 verbo
616 517 657 547 ad
672 517 810 546 verbum
826 517 864 546 de
878 516 940 546 hac
956 516 1165 554 indulgentia

153 571 295 601 fecerint
315 571 528 600 mentionem.
549 571 616 600 Nos
639 569 729 599 enim
751 569 960 599 decernimus
983 569 1117 598 irritum
1133 573 1164 598 et

154 623 254 653 inane
275 623 304 653 si
327 632 421 652 secus
441 632 459 652 a
480 631 646 661 quoquam
665 621 840 659 contigerit
861 621 1060 659 attemptari.
1083 622 1163 650 Pre-

153 675 305 706 sentibus
321 679 393 713 post
414 675 596 705 triennium
616 678 677 704 etc.
699 674 792 704 Nulli
813 678 874 703 etc.
900 677 1010 703 nostre
1029 682 1164 703 conces-

155 728 271 759 sionis.
289 729 363 758 Dat,
381 727 531 766 Neapoli,
545 728 613 757 XII
627 726 787 757 kalendas
802 727 894 762 maii,
915 735 1001 756 anno
1015 726 1132 764 primo.
1148 738 1160 752 »

225 913 313 941 445
740 911 856 946 Naples,
874 911 907 938 *25
924 911 993 937 avril
1013 911 1090 938 1255.

190 975 368 1010 Margaritae,
386 974 559 1001 Francorum
579 975 710 1008 reginae,
734 974 868 1008 precibus
884 981 1032 1006 annuens,
1048 974 1162 999 clericis

152 1028 183 1052 et
198 1025 279 1051 laicis
294 1024 482 1051 familiaribus
505 1025 570 1058 ejus
594 1023 727 1049 concedit
742 1026 773 1049 ut
789 1023 966 1057 capellanum
987 1024 1052 1056 ejus
1067 1022 1094 1048 in
1111 1030 1162 1048 eo-

154 1081 218 1100 rum
234 1073 429 1100 confessorem
446 1072 552 1106 eligere
569 1072 690 1098 valeant.
707 1071 790 1104 (Rs-o.
807 1071 851 1104 ³24,
869 1079 893 1097 c.
913 1070 973 1099 364.
990 1071 1010 1097 f.
1028 1070 1095 1104 54¹⁷.)

197 1187 210 1202 «
229 1176 391 1206 Carissimo
406 1175 439 1203 in
453 1175 570 1204 Christo
585 1174 648 1210 [ilie
661 1174 835 1211 Margarite,
852 1174 1045 1203 Francorum
1061 1175 1164 1211 reyine

155 1229 284 1258 illustri.
312 1227 396 1258 Cum
420 1227 564 1256 humane
590 1226 782 1264 fragilitatis
807 1226 956 1256 condicio
981 1227 1095 1257 multis
1121 1228 1164 1257 sit

154 1281 298 1321 peccatis
316 1280 468 1315 obnoxia,
487 1289 550 1319 que
566 1288 630 1310 non
650 1279 717 1309 nisi
732 1288 790 1318 per
806 1280 989 1318 penitentie
1008 1280 1163 1311 lacrimas

154 1339 187 1365 et
205 1333 385 1364 sacerdotis
401 1333 626 1363 ministerium
642 1332 884 1370 abstergentur,
904 1342 962 1363 nos
979 1334 1045 1363 tuis
1060 1335 1163 1372 preci-

154 1387 216 1417 bus
233 1390 430 1422 annuentes,
449 1385 579 1415 clericis
602 1389 633 1415 et
648 1385 743 1415 laicis
761 1386 986 1416 familiaribus
1006 1387 1071 1417 tuis
1087 1396 1162 1426 pre-

154 1439 301 1470 sentium
320 1439 516 1469 auctoritate
539 1439 761 1474 concedimus,
778 1442 814 1468 ut
829 1439 928 1469 liceat
949 1440 996 1469 eis
1020 1440 1162 1478 capella-

152 1501 233 1523 num
248 1496 342 1522 tuum
358 1491 392 1521 in
409 1500 522 1521 eorum
539 1491 661 1529 eligere
680 1492 914 1527 confessorem,
936 1492 993 1531 qui
1009 1493 1162 1532 injungat

150 1545 200 1575 eis
212 1553 270 1583 pro
286 1544 474 1574 commissis
491 1544 604 1574 audita
620 1544 829 1578 confessione
845 1544 993 1583 ipsorum
1008 1546 1161 1584 quotiens

150 1601 351 1635 oportunum
366 1596 467 1626 fuerit
482 1596 702 1635 penitentiam
719 1596 899 1626 salutarem
920 1601 950 1627 et
973 1607 1071 1635 super
1094 1598 1161 1628 hiis

152 1649 351 1679 beneficium
377 1648 487 1679 debite
514 1648 733 1679 absolutionis
763 1649 948 1687 impendat,
976 1650 1043 1680 nisi
1075 1655 1162 1681 esset

152 1703 232 1733 adeo
253 1703 362 1740 gravis
385 1706 415 1732 et
438 1702 583 1732 enormis
609 1711 777 1737 excessus,
800 1708 931 1741 propter
955 1713 1053 1742 quem
1079 1704 1163 1734 foret

153 1755 254 1786 Sedes
273 1755 451 1793 apostolica
474 1755 592 1785 merito
614 1755 827 1785 consulenda.
852 1755 945 1785 Nulli
966 1760 1027 1786 etc.
1051 1761 1162 1786 nostre

151 1807 378 1838 concessionis
408 1812 469 1837 etc.
500 1809 572 1837 Dat.
608 1808 763 1846 Neapoli,
788 1809 852 1838 VII
879 1809 1038 1839 kalendas
1064 1809 1159 1845 maii,

150 1870 240 1892 anno
255 1861 371 1900 primo.
391 1874 403 1887 »
985 1866 988 1868 ·

225 2040 313 2069 446

193 2103 322 2138 Rupensi
340 2107 369 2129 et
384 2103 528 2136 Rfudolfo]
548 2102 691 2137 quondam
717 2101 907 2136 Burglanensi
928 2103 962 2128 de
985 2103 1083 2130 ordine
1109 2104 1161 2130 Mi-

157 2160 258 2179 norum
281 2152 426 2186 episcopis
444 2151 558 2177 mandat
581 2155 610 2177 ut
634 2151 785 2177 universos
809 2151 936 2177 redditus
958 2154 985 2177 et
1005 2156 1161 2186 proventus

156 2200 365 2234 Burglanensis
387 2201 572 2234 episcopatus
591 2199 617 2225 in
642 2200 779 2233 expensis
801 2200 986 2234 episcopatus
1009 2201 1138 2234 ejusdem
1153 2222 1159 2234 ‚

154 2249 290 2284 quamdiu
308 2249 360 2275 hac
377 2249 438 2275 vice
460 2247 566 2274 Elanus
594 2247 800 2282 Burglanensis
823 2249 932 2275 electus
953 2248 980 2274 in
1000 2248 1085 2276 Curia
1103 2249 1161 2276 Ro-

154 2306 238 2324 mana
253 2297 359 2324 absens
375 2297 458 2323 suerit
469 2318 475 2330 ,
493 2297 588 2331 colligi
606 2297 709 2323 faciant
725 2297 862 2331 ipsosque
878 2297 1034 2331 gual-diano
1049 2303 1075 2323 et
1091 2306 1160 2324 con<

155 2346 251 2373 ventui
264 2338 380 2372 fratrum
394 2345 536 2372 Minoi-um
551 2355 560 2370 ι
575 2346 820 2372 Attrebatensium
836 2357 847 2370 ι)
861 2346 1010 2381 assignent
1022 2346 1103 2379 leo.
1116 2347 1158 2377 ⁵34,

152 2403 180 2423 c.
197 2395 258 2427 365,
278 2395 295 2422 1“.
313 2395 374 2427 5-4',
395 2394 539 2422 Porri-ixs'r
558 2394 664 2427 ¹574ss.)

726 2039 846 2073 Names,
868 2041 895 2066 ¹7
918 2049 994 2067 mars
1012 2041 1088 2068 1255.

196 2509 209 2523 «
228 2519 262 2531 ..,
284 2497 415 2534 Rupensi
431 2501 456 2525 el
474 2497 503 2525 R.
529 2497 683 2533 quondam
701 2497 906 2533 Butylonensi
925 2497 958 2525 dr
977 2497 1083 2525 ordine
1104 2497 1162 2525 Mi-

153 2558 267 2578 norum
299 2550 452 2587 episcopis.
478 2549 527 2578 Ad
557 2549 663 2578 instar
692 2548 800 2578 felicis
825 2566 873 2576 ——.
905 2549 975 2578 Dat.
1004 2548 1160 2586 Neapoli,
1200 2539 1203 2543 ⁴

154 2602 232 2632 XVI
248 2601 406 2631 kalendas
423 2601 549 2640 aprilis,
565 2610 652 2630 anno
669 2601 785 2639 primo.
806 2613 817 2627 n

226 2786 313 2814 44¹2

197 2847 331 2881 {Nicolaol
358 2848 495 2882 episcopo
514 2848 669 2874 Assisinati
692 2848 828 2882 indulget,
847 2848 922 2882 quod
941 2849 966 2874 in
986 2848 1165 2882 procuratio-

778 2785 893 2820 Naples,
911 2787 926 2813 Ο
944 2787 997 2812 mai
1017 2786 1091 2813 1255.

1201 2658 1206 2789 l

2191 192 2245 223 133

1249 253 1333 279 nibus
1350 254 1519 281 exhibendis
1540 256 1640 289 legatis
1661 261 1688 281 et
1710 257 1822 282 nunciis
1842 256 1926 283 Sedis
1942 258 2114 290 apostolicae
2131 267 2186 284 non
2203 263 2246 284 te-

1249 306 1348 327 neatur
1366 311 1417 328 nec
1432 303 1494 337 cogi
1513 305 1604 337 possit
1620 305 1742 335 invitus,
1760 305 1950 331 cardinalibus
1965 314 1980 332 a
1996 306 2081 332 latere
2100 307 2197 333 missis
2218 310 2246 333 et

1247 348 1349 375 Curiae
1373 352 1546 384 apostolicae
1568 353 1735 378 cursoribus
1757 353 1902 379 dumtaxat
1925 355 2064 388 exceptis,
2090 355 2173 387 (Rau.
2194 355 2244 388 ⁴24,

1247 405 1271 423 c.
1290 398 1351 427 366,
1368 399 1386 424 f.
1406 399 1467 429 54¹¹:
1488 399 1631 426 Po’r‘rfflsr
1651 401 1753 433 15844.)

1288 510 1301 524 «
1374 500 1506 536 episcopo
1522 501 1681 529 Asisinaci.
1697 501 1888 530 Devolionis
1906 505 1957 530 tue
1972 503 2088 531 merila
2105 520 2150 531 ——.
2171 504 2243 533 Dat.

1246 549 1395 587 Neapoli,
1415 552 1478 581 VII
1492 551 1565 581 idus
1579 553 1669 582 maii.
1691 561 1776 582 anno
1792 553 1908 590 primo.
1930 567 1940 579 »

1316 727 1405 754 448

1281 787 1441 814 Conventui
1459 789 1624 815 monasterii
1641 797 1665 816 s.
1684 789 1788 816 Mariae
1804 790 1838 816 de
1853 790 1947 816 Gloria
1965 791 2117 823 Anagnini,
2137 792 2248 819 Floreni

1868 729 1982 763 Naples,
1997 731 2010 755 Τ
2028 731 2080 756 inni
2102 732 2175 757 1255.

1245 836 1364 867 ordinis,
1382 837 1511 871 indulget
1527 845 1609 863 usum
1628 838 1747 864 liberum
1761 839 1886 864 omnium
1900 839 2072 873 libertatum,
2086 840 2248 866 immunita-

1244 888 1304 912 tum
1321 893 1354 911 ac
1372 885 1614 919 indulgentiarum
1638 886 1731 912 ordini
1754 886 1939 913 Cisterciensi
1955 888 1989 913 ab
2004 889 2159 922 apostolica
2176 889 2249 915 Sede

1244 942 1460 960 concessarum.
1479 933 1562 966 (Rae.
1579 934 1622 967 ⁶24,
1636 942 1661 961 c.
1674 934 1734 965 367,
1748 935 1766 960 f.
1781 935 1847 964 MV.)

1289 1047 1301 1061 «
1322 1058 1354 1070 ..,
1373 1036 1986 1065 abbatiaconventuimonasteriiscmcce
1997 1037 2090 1065 Marie
2101 1037 2134 1065 (le
2149 1038 2249 1066 Gloria

1244 1089 1417 1125 Anaynini,
1440 1089 1561 1117 Floreni
1578 1089 1708 1117 ordinis.
1728 1089 1813 1117 Dum
1832 1088 2004 1126 religionis
2022 1089 2185 1119 fervorem
2201 1107 2248 1118 —.

1245 1141 1333 1171 Hinc
1351 1145 1399 1171 est
1420 1141 1506 1179 quod
1523 1150 1581 1171 nos
1602 1141 1720 1171 vestris
1737 1141 1862 1171 devotis
1886 1142 2182 1180 supplicationibus
2202 1143 2250 1172 in-

1246 1193 1376 1227 clinati,
1402 1197 1437 1222 ut
1457 1193 1611 1223 omnibus
1633 1194 1843 1224 libertatibus
1869 1198 1899 1224 et
1923 1194 2189 1225 innnunitatilms
2215 1205 2251 1225 ac

1244 1246 1464 1283 indulgentiis
1489 1246 1615 1275 ordinis
1645 1247 1877 1277 Cistereiensis
1904 1247 1942 1276 ab
1969 1248 2146 1285 apostolica
2168 1248 2250 1278 Sede

1245 1299 1412 1329 concessis
1430 1299 1477 1328 uti
1491 1299 1594 1328 libere
1611 1299 1758 1334 valeatis,
1775 1299 1820 1328 ita
1835 1303 1868 1329 ut
1887 1309 1943 1337 per
1959 1299 2018 1329 hoe
2033 1300 2181 1338 patribus
2198 1301 2250 1329 ab-

1244 1352 1376 1382 batibus
1397 1352 1516 1381 vestris
1535 1352 1662 1381 nullum
1681 1357 1856 1389 generetur
1876 1353 2112 1391 prejudicium,
2137 1357 2248 1382 aucto-

1243 1404 1340 1434 ritate
1357 1404 1450 1433 vobis
1470 1404 1675 1442 presentium
1698 1404 1919 1441 indulgemus.
1940 1404 2030 1434 Nulli
2054 1409 2114 1434 etc.
2137 1409 2246 1435 nostre

1240 1457 1469 1487 concessionis
1504 1461 1562 1486 etc.
1600 1458 1672 1486 Dat.
1710 1456 1864 1495 Neapoli,
1904 1457 1999 1485 nonis
2036 1457 2129 1491 maii,
2161 1466 2247 1488 anno

1242 1519 1358 1549 primo.
1383 1523 1395 1536 >³

1313 1689 1401 1716 449

1280 1751 1475 1784 Infrascriptis
1494 1750 1631 1784 indulget,
1651 1754 1680 1776 ut
1703 1751 1796 1776 nullus
1816 1750 1850 1775 de
1867 1751 2030 1776 animalium
2056 1751 2245 1783 nutrimentis,

1828 1688 1944 1723 Naples,
1960 1689 1991 1715 ‘27
2009 1690 2078 1715 avril
2098 1690 2172 1732 1255.

1244 1801 1315 1827 ortis
1331 1804 1359 1826 et
1376 1799 1507 1831 virgultis
1522 1807 1620 1824 eornm
1640 1798 1766 1824 decimas
1782 1799 1816 1824 ab
1833 1799 1874 1825 eis
1890 1799 2004 1833 exigere
2022 1800 2062 1825 vel
2079 1803 2248 1834 extorquere

1244 1841 1423 1883 praesumat·
1438 1848 1518 1879 [Rau.
1537 1847 1581 1878 -24,
1597 1856 1623 1873 c.
1641 1847 1701 1879 368,
1719 1848 1737 1874 s.
1754 1848 1819 1877 54¹.)

1286 1963 1298 1977 <z
1374 1951 1518 1987 nzayislro
1540 1955 1564 1977 el
1584 1950 1734 1984 fratribus
1755 1950 1912 1986 hospitalis
1930 1951 2198 1978 saizctt.s'11111.s·0nis
2215 1951 2247 1978 tlr

1243 2005 1359 2037 Duaeo,
1380 2003 1582 2031 Atrrboletzsis
1598 2003 1736 2035 diocesis,
1759 2003 1797 2031 azl
1813 1996 1957 2040 hospitale
1979 2004 2077 2032 sancti
2092 2004 2247 2031 Somsonis

1243 2056 1520 2092 Constantinopolis
1546 2056 1718 2092 spectantis.
1745 2055 1936 2084 Devotionis
1963 2060 2068 2085 vestre
2094 2055 2246 2093 precibus

1243 2109 1425 2146 benignum
1439 2107 1667 2145 impertientes
1684 2116 1868 2141 assensum,
1890 2111 1924 2136 ut
1941 2107 2052 2137 nullus⁴
2068 2108 2105 2137 de
2122 2113 2247 2137 vestro-

1242 2171 1316 2191 rum
1333 2161 1526 2191 animalium
1550 2160 1778 2194 nutrimentis,
1801 2160 1881 2189 ortis
1902 2165 1932 2189 et
1953 2160 2105 2197 virgultis
2127 2160 2245 2189 vestris

1242 2214 1386 2244 decimas
1403 2223 1420 2243 a
1436 2213 1529 2242 vobis
1543 2213 1673 2249 exigere
1690 2212 1740 2242 vel
1757 2216 1949 2250 extorquere
1966 2216 2149 2250 presumat,
2169 2222 2245 2241 auc-

1241 2267 1372 2297 toritate
1386 2266 1479 2295 vobis
1495 2265 1698 2303 presentium
1715 2264 1936 2302 indulgemus.
1950 2264 2042 2294 Nulli
2057 2268 2116 2293 etr.
2136 2269 2245 2294 nostre

1241 2318 1466 2349 concessionis
1483 2322 1542 2347 etc.
1562 2318 1633 2346 Dat.
1652 2317 1804 2355 Neapoli,
1828 2318 1854 2347 V
1870 2317 2026 2347 kalendas
2043 2317 2138 2350 maii,
2160 2326 2245 2347 anno

1241 2372 1356 2410 primo.
1377 2384 1389 2397 ›>

1863 2541 1978 2575 Naplcs,
1994 2542 2007 2567 'i
2026 2542 2080 2567 mai
2100 2542 2173 2567 1255.

1313 2542 1402 2570 450

1281 2604 1386 2630 Abbati
1408 2604 1435 2629 in
1462 2603 1584 2634 Lebnin,
1607 2604 1715 2630 ordinis
1738 2604 1956 2634 cisterciensis,
1980 2603 2244 2635 innituit—burgensis

1245 2654 1379 2684 diocesis,
1397 2657 1424 2679 et
1441 2653 1526 2686 priori
1547 2652 1710 2686 provinciali
1728 2653 1845 2678 frati-uni
1866 2652 2092 2678 l'raetlicatornni
2113 2652 2245 2677 Alaman-

1247 2703 1308 2728 niae
1325 2701 1448 2729 mandat,
1463 2705 1491 2726 ut
1507 2700 1631 2726 Jotmnni
1650 2701 1803 2727 inarcliioni
1826 2700 2071 2733 131-211.‹lcl›urgensi
2088 2705 2114 2724 et
2130 2698 2239 2732 I-luttae]

1246 2751 1318 2776 filiae
1333 2750 1497 2783 [Albreclitil
1518 2749 1600 2775 ducis
1619 2749 1769 2777 Saxoniae.
1786 2753 1900 2783 propter
1918 2752 2073 2782 promptam
2091 2747 2244 2772 exhibitio-

1246 2807 1309 2824 nem
1328 2799 1438 2824 utilium
1455 2802 1482 2823 et
1499 2806 1666 2831 magnorum
1685 2798 1865 2823 servitiorum
1883 2797 1916 2822 ab
1933 2796 2039 2822 eisdem
2059 2795 2200 2821 nobilibus
2217 2796 2242 2820 ln

1245 2847 1390 2873 Ecclesiae
1416 2855 1448 2872 ac
1473 2845 1630 2878 Wmtetnnl
1660 2845 1734 2878 regis
1761 2846 1952 2871 ltonnnnoruni
1979 2844 2102 2877 gem-ran
2130 2844 2243 2877 negotio
