2498 3325
228 249 285 278 ‘25ss
954 249 1194 280 REGISTRES
1215 248 1522 278 D’ALEXANDRE
1544 249 1601 279 IV.

228 313 307 344 ville
320 314 465 352 ipsorum
479 314 603 352 singuli
615 308 814 346 residentias
829 320 1015 350 consuetas,
1031 314 1235 345 distributio-

229 366 328 396 nibus
353 366 529 396 cotidianis
557 371 587 396 et
612 368 827 405 proventibus
849 368 1093 406 prebendarum
1121 368 1235 397 eodem

228 418 324 448 modo
341 423 371 448 et
387 419 502 449 ordine
516 419 638 450 ibidem
655 430 691 450 ac
703 420 731 450 si
749 425 858 450 essent
872 420 1007 451 Carnoti
1020 419 1070 450 vel
1081 420 1236 450 abessent

229 472 460 501 ministrandis
478 476 508 501 et
527 472 626 502 etiam
649 473 902 508 subtrahendis3
928 482 987 503 nec
1008 473 1089 503 alibi
1109 473 1236 511 capitu-

228 523 297 553 lum
315 524 493 563 fiatneque
515 528 673 555 tractetur
693 526 731 555 (10
752 526 971 556 electionibus
994 525 1044 556 vel
1067 526 1236 564 aliquibus

230 576 305 606 aliis
334 577 477 614 negotiis
508 582 573 607 tam
605 578 836 616 spiritualibus
870 588 969 617 quam
999 578 1236 617 temporalibus

229 629 475 667 pertinentibus
502 631 542 660 ad
569 630 743 661 ecelesiam
769 632 1028 667 Carnotensem,
1057 640 1117 662 nec
1142 632 1174 661 in
1199 642 1237 662 ea

228 682 350 720 prefati
373 682 524 712 canonici
545 683 723 719 celebrent,
749 688 926 722 antequam
944 685 1029 714 soret
1052 694 1150 722 super
1176 684 1236 714 hoc

231 734 327 765 aliter
344 735 544 770 ordinatum,
562 736 649 766 idem
666 737 861 767 auctoritate
877 737 1090 776 predecessor
1106 746 1237 776 proces-

231 796 303 817 sum
326 787 517 827 hujusmodi
541 798 638 827 quem
660 790 803 828 precepit
828 790 968 820 firmiter
989 789 1158 820 observari
1181 798 1238 828 per

231 850 309 871 suas
328 841 420 870 duxit
438 841 565 871 litteras
583 842 842 880 approbandum.
858 844 960 873 Porro
973 851 1048 873 cum
1065 852 1132 879 vos,
1144 843 1237 882 jura-

229 898 341 923 mento
356 894 494 932 prestito
510 895 691 924 secundum
708 896 982 926 consuetudinem
1001 896 1147 936 ejusdem
1162 897 1238 928 Car-

231 947 381 976 notcnsis
403 947 551 982 ecclesie,
571 948 767 978 teneremini
788 949 989 980 residentias
1014 950 1102 979 infra
1126 958 1238 979 muros

232 999 377 1028 civitatis
400 1000 507 1029 facere
525 1000 758 1036 Carnotensis,
779 1001 818 1031 de
837 1011 901 1040 quo
920 1002 953 1031 in
973 996 1097 1033 eisdem
1117 1002 1239 1032 litteris

231 1052 356 1081 mentio
376 1060 440 1082 non
463 1052 572 1088 tiebat,
597 1062 637 1083 ne
655 1053 881 1092 juramentum
905 1055 1012 1093 ipsum
1037 1055 1072 1084 in
1092 1055 1238 1085 favorem

230 1105 357 1142 prefate
379 1104 594 1135 Carnotensis
618 1106 756 1136 ecclesie
772 1107 996 1138 introductum
1014 1108 1047 1137 in
1071 1117 1239 1138 enormem

231 1157 338 1195 ipsius
367 1157 528 1187 lesionem
562 1158 746 1189 redundare
778 1169 814 1189 at·
847 1160 1037 1199 hujusmodi
1067 1161 1239 1190 occasione

232 1210 357 1247 negotii
383 1211 521 1248 predicti
548 1220 722 1249 processus
748 1213 953 1250 contingeret
973 1213 1145 1251 impediri,
1171 1214 1240 1243 dic-

231 1267 284 1292 tus
319 1263 542 1300 predecessor,
573 1264 693 1293 vestris
723 1265 877 1302 precibus
911 1265 1107 1301 inclinatus,
1147 1266 1239 1296 vobis

233 1314 324 1344 duxit
352 1324 410 1353 per
440 1324 517 1345 suas
547 1315 674 1346 litteras
704 1316 961 1354 indulgendum,
993 1319 1240 1360 utjuramento

232 1371 263 1396 et
292 1368 531 1398 consuetudine
563 1369 739 1399 antedictis
767 1379 825 1399 seu
856 1371 1003 1408 quolibet
1031 1375 1154 1401 statuto
1183 1381 1240 1401 su-

230 1421 377 1458 pradicte
409 1420 625 1452 Carnotensis
659 1422 797 1453 ecclesie
829 1424 1012 1459 contrario,
1038 1425 1237 1463 juramento,

233 1473 483 1503 confirmatione
513 1475 607 1504 Sedis
640 1476 818 1513 apostolice
849 1481 904 1506 aut
936 1486 1144 1516 quacumque
1175 1478 1239 1508 alia

232 1526 396 1556 roboratis
422 1536 631 1565 nequaquam
659 1528 880 1564 obstantibus,
908 1530 943 1558 in
965 1531 1135 1560 nominata
1161 1531 1240 1560 villa

233 1578 389 1609 Medunte
420 1579 544 1618 absque
577 1584 654 1610 nota
684 1581 735 1610 vel
763 1586 856 1611 reatu
886 1583 1025 1621 perjurii
1055 1584 1179 1621 primas
1209 1589 1240 1614 et

233 1630 315 1660 alias
327 1631 526 1662 residentias
540 1633 648 1662 facere
664 1633 814 1669 valeatis,
828 1640 924 1672 prout
938 1641 1154 1666 consueverat
1166 1637 1239 1667 hac-

233 1688 327 1713 tenus
351 1684 385 1712 in
412 1685 601 1722 supradicta
617 1685 757 1716 ccclesia
779 1687 994 1724 Carnotensi,
1016 1689 1119 1719 donec
1141 1698 1240 1728 super

231 1736 404 1773 premissis
421 1737 461 1766 ad
479 1737 637 1767 honorem
655 1739 715 1767 Dei
739 1743 769 1768 et
788 1740 927 1770 ecclesie
949 1742 1135 1779 supradicte
1153 1746 1239 1772 esset

230 1788 419 1818 ordinatum
435 1789 531 1818 aliter
542 1789 593 1819 vel
604 1791 791 1828 provisum3
806 1792 1044 1824 nichilominus
1058 1795 1240 1824 venerabili

230 1840 326 1869 fratri
351 1845 463 1871 nostro
488 1842 541 1876 II.,
567 1842 814 1882 archiepiscopo
839 1846 1041 1882 Senonensi,
1063 1847 1103 1876 ab
1126 1848 1238 1878 eodem

230 1893 461 1930 predecessore
480 1895 549 1924 suis
570 1895 691 1925 litteris
708 1896 769 1926 sub
783 1902 872 1927 certa
888 1898 993 1928 forma
1012 1899 1172 1937 injuncto,
1193 1905 1237 1936 nt,

231 1945 258 1974 si
282 1945 385 1984 aliqui
410 1946 447 1975 de
465 1947 631 1984 sepedicta
653 1948 791 1978 ecclesia
810 1950 1007 1980 Carnoteusi
1025 1952 1075 1981 vel
1092 1952 1237 1988 aliunde,

230 1998 299 2027 sive
323 2000 431 2028 forent
453 2009 593 2037 persone
612 2005 668 2030 aut
691 2003 843 2032 canonici
864 2013 922 2033 seu
942 2004 1053 2034 clerici
1077 2006 1127 2035 vel
1148 2006 1237 2042 laici,

228 2055 341 2081 contra
358 2053 583 2083 concessionis
607 2054 754 2092 ejusdem
774 2056 1019 2093 predecessoris
1043 2068 1079 2087 ac
1099 2059 1239 2097 predicti

228 2114 402 2142 processus
429 2110 576 2135 tenorem
599 2107 713 2137 venire
737 2108 787 2138 vel
811 2109 937 2148 aliquid
954 2114 1148 2149 attemptare
1164 2122 1238 2150 pre-

229 2162 408 2192 sumerent,
422 2158 509 2187 idem
521 2159 790 2198 archiepiscopus
802 2170 856 2191 eos
869 2171 943 2191 cum
952 2164 1238 2201 sull'ragancorum

228 2218 363 2238 suorum
387 2211 526 2240 consilio
542 2211 678 2242 clericos
702 2214 884 2244 monitione
907 2217 1070 2253 premissa
1088 2227 1145 2255 per
1166 2228 1237 2248 cen-

228 2271 338 2291 suram
365 2263 624 2293 ecclesiasfieam
652 2274 687 2295 ac
712 2266 955 2304 prebendarum
976 2278 1035 2299 seu
1064 2270 1238 2301 beneficio-

228 2324 299 2343 rum
329 2324 462 2345 suorum
490 2321 711 2354 proventuum
737 2319 1011 2357 subtractionem,
1034 2322 1136 2352 laicos
1161 2333 1237 2353 vero

228 2367 435 2397 districtione
467 2378 529 2407 qua
561 2370 690 2400 deceret
727 2372 767 2400 ad
796 2373 934 2409 predicti
971 2374 1237 2407 observationem

229 2421 343 2449 statuti
369 2421 588 2458 appellatione
614 2428 736 2453 remota
761 2433 984 2463 compescens,
1007 2432 1166 2458 statutum
1187 2430 1237 2468 ip—

228 2480 300 2500 sum
324 2472 577 2503 observantibus
604 2484 639 2503 ac
661 2475 695 2503 in
720 2476 832 2505 eadem
859 2478 996 2508 ecclesia
1020 2480 1058 2509 de
1080 2481 1237 2512 Medunta

228 2524 443 2554 residentiam
460 2526 660 2556 facientibus
681 2529 913 2566 supradictam,
934 2533 1123 2563 eorumdem
1140 2534 1236 2564 bene-

226 2577 376 2607 ficiorum
394 2582 424 2607 et
440 2578 681 2616 prebendarum
697 2587 876 2619 proventus
898 2593 1025 2614 necnon
1047 2590 1078 2615 et
1099 2588 1236 2618 cotidia-

226 2638 286 2659 nas
310 2629 563 2661 distributiones
590 2642 653 2670 que
678 2640 920 2665 consueverunt
949 2638 1174 2670 residentibus
1201 2641 1235 2670 in

227 2682 424 2712 Ca1·n0tensi
443 2683 581 2713 ecclesia
610 2685 758 2715 exhiberi
778 2697 812 2716 a(-
842 2689 869 2717 si
896 2690 1079 2720 residerent
1104 2692 1138 2721 in
1164 2693 1236 2731 ipsa

227 2734 424 2765 Carnotensi
452 2736 592 2766 ecelesia
617 2737 744 2775 integre
773 2740 895 2770 faceret
918 2743 1114 2773 ministrari.
1139 2746 1235 2776 Cete-

226 2795 299 2816 rum
312 2787 388 2816 licet
398 2788 607 2826 supradictus
619 2790 831 2828 predecessor
843 2793 935 2823 vobis
946 2799 990 2829 ut,
1008 2805 1072 2825 non
1083 2797 1234 2828 obstante

223 2839 412 2877 juramento
429 2842 516 2880 quod
533 2843 728 2880 prestitistis
742 2844 780 2874 de
794 2846 945 2877 faciendo
963 2849 1087 2885 primas
1104 2855 1134 2880 et
1151 2851 1233 2882 alias

225 2892 425 2923 residentias
448 2894 483 2923 in
506 2896 695 2933 supradicta
710 2897 907 2928 Carnotensi
924 2900 1074 2938 ecclesia,
1092 2905 1233 2941 possetis

1319 313 1450 343 easdem
1463 313 1663 345 residentias
1677 315 1786 345 facere
1803 314 1837 344 in
1856 314 2019 352 premissa
2035 314 2174 344 ecclesia
2194 313 2270 344 ville
2286 314 2325 345 de

1318 366 1476 396 Medunta
1487 370 1523 396 ut
1535 367 1736 405 premissum
1753 371 1813 402 est,
1831 367 1962 398 duxerit
1977 366 2228 405 indulgendum,
2246 367 2326 406 quia

1320 423 1429 449 tamen
1445 419 1480 448 in
1497 420 1631 450 statutis
1653 420 1736 458 ipsis
1756 420 1973 451 Cat-notensis
1990 419 2128 450 ecclesie
2147 419 2262 450 haberi
2279 420 2325 450 di-

1318 471 1404 501 citur
1426 475 1460 501 ut
1488 480 1587 510 super
1614 472 1821 502 absolutione
1845 472 2027 511 juramenti
2048 472 2239 512 hujusmodi
2259 481 2326 503 non

1318 524 1541 562 impeti-aretis
1556 524 1684 555 litteras
1705 525 1913 563 apostolicas,
1938 534 1997 555 nec
2025 525 2203 555 uteremini
2225 525 2326 555 etiam

1317 576 1514 614 impetratis,
1530 581 1662 615 propter
1677 576 1765 616 quod
1781 577 1829 607 uti
1845 577 2058 607 concessione
2075 577 2266 616 hujusmodi
2284 577 2327 608 si—

1319 633 1372 658 cut
1389 629 1576 667 accepimus
1587 630 1785 664 formidatis,
1803 630 1998 660 auctoritate
2012 630 2105 660 vobis
2120 630 2326 668 presentium

1319 682 1542 719 indulgemus,
1560 687 1596 712 ut
1612 682 1734 712 litteris
1755 687 1786 712 et
1799 683 2013 713 concessione
2032 683 2203 722 premissis
2225 682 2273 712 uti
2289 682 2326 712 li-

1320 735 1397 765 bere
1414 735 1564 770 valeatis,
1579 736 1768 774 juramento
1786 744 1851 765 non
1864 735 2016 765 obstante
2030 735 2186 773 predicte,
2201 743 2326 774 quous-

1320 797 1382 826 que
1397 792 1502 818 status
1519 787 1666 827 ejusdem
1682 788 1898 818 Carnotensis
1915 788 2053 818 ecclesie
2070 787 2104 817 in
2118 787 2238 817 melius
2253 787 2327 817 fue-

1320 841 1362 870 rit
1379 841 1588 870 resormatus.
1605 840 1699 870 Nulli
1715 845 1775 871 etc.
1796 845 1907 870 nostre
1923 840 2149 886 concessionis
2167 844 2227 870 etc.
2251 840 2326 870 Dat.

1322 893 1489 931 Anagnie,
1508 894 1539 924 II
1558 893 1716 923 kalendas
1735 893 1889 928 octobris,
1907 902 1994 923 anno
2006 893 2122 931 primo.
2142 904 2154 919 n

1391 1038 1483 1066 852
1871 1038 1997 1072 Anagni,
2015 1038 2029 1064 7
2046 1038 2163 1064 octobre
2180 1038 2256 1065 ¹255.

1358 1100 1587 1135 Arcbiepiscopo
1611 1099 1772 1126 Senonensi
1797 1101 1940 1134 indulget,
1961 1104 1990 1126 ut
2006 1100 2131 1126 visitatio
2151 1100 2276 1134 alicujus
2292 1100 2328 1127 de

1322 1149 1488 1175 diocesihus
1504 1150 1568 1183 ejus
1585 1150 1748 1183 provinciae
1765 1158 1814 1184 per
1828 1149 1979 1176 transitum
1997 1150 2024 1175 in
2042 1149 2123 1176 alteri
2145 1149 2254 1176 diocesi
2272 1150 2326 1176 non

1321 1197 1423 1224 debeat
1438 1198 1580 1232 impediri.
1597 1198 1680 1232 (Rho.
1697 1198 1741 1229 24,
1757 1206 1783 1224 c.
1801 1198 1868 1232 681,
1884 1199 1903 1225 f.
1923 1198 2007 1231 ¹00¹.)

1364 1304 1376 1318 «
1404 1315 1436 1327 ..,
1460 1293 1685 1330 archiepiscopo
1708 1293 1886 1322 Senonensi.
1914 1293 2145 1322 Fraternitatis
2172 1297 2226 1322 tue
2253 1301 2329 1330 pre-

1322 1344 1416 1374 cibus
1437 1344 1605 1380 inclinati,
1629 1345 1824 1375 auctoritate
1855 1345 1915 1375 tibi
1940 1345 2146 1383 presentium
2174 1344 2329 1384 indulge-

1321 1406 1407 1432 mus,
1422 1401 1469 1432 ut,
1485 1398 1524 1432 si,
1541 1397 1618 1427 dum
1635 1397 1751 1427 visitas
1767 1397 1914 1436 aliquam
1926 1398 1965 1428 de
1981 1397 2169 1428 (liocesibus
2186 1402 2240 1428 tue
2252 1406 2328 1436 pro-

1321 1450 1447 1485 vincie,
1475 1450 1677 1480 transeundo
1707 1450 1746 1480 de
1773 1459 1838 1480 uno
1862 1451 2064 1480 monasterio
2089 1450 2130 1480 ad
2151 1450 2243 1481 aliud
2270 1458 2330 1489 per

1321 1502 1469 1542 aliquam
1488 1507 1615 1541 partem
1637 1503 1775 1533 alterius
1796 1503 1939 1533 diocesis
1962 1503 2140 1533 transitum
2162 1503 2272 1534 facere
2296 1506 2329 1533 te

1322 1556 1501 1594 contingat,
1520 1564 1586 1585 non
1609 1555 1725 1586 debeat
1744 1560 1877 1594 propter
1892 1555 1964 1591 hoc,
1981 1559 2142 1595 quantum
2159 1555 2198 1585 ad
2219 1555 2329 1586 dioce-

1322 1609 1385 1639 sim
1398 1618 1497 1648 quam
1513 1609 1641 1644 visitas,
1660 1609 1756 1647 quasi
1772 1609 1811 1639 de
1827 1609 1899 1647 ipsa
1915 1618 2070 1647 egressus
2085 1609 2191 1640 fueris
2204 1613 2261 1638 tua
2278 1608 2329 1638 vi-

1322 1662 1434 1691 sitatio
1450 1662 1616 1700 impediri,
1636 1662 1778 1692 maxime
1795 1662 1823 1692 si
1842 1662 1877 1691 in
1892 1662 1957 1692 alia
1973 1662 2097 1692 diocesi
2114 1670 2179 1692 non
2195 1669 2329 1700 pernoc-

1322 1719 1370 1745 tes
1390 1723 1449 1744 nec
1465 1714 1581 1744 visites
1602 1718 1680 1744 tunc
1701 1714 1851 1745 eandem.
1868 1714 1962 1745 Nulli
1987 1719 2047 1745 etc.
2066 1718 2178 1745 nostre
2193 1722 2330 1745 conces-

1322 1768 1427 1797 sionis
1444 1772 1502 1797 etc.
1519 1768 1593 1797 Dat.
1610 1768 1773 1805 Anagnie,
1792 1767 1889 1797 nonis
1905 1768 2060 1802 octobris,
2079 1776 2166 1798 anno
2175 1767 2293 1806 primo.
2313 1778 2327 1794 r>

1393 1911 1484 1939 853

1359 1972 1534 1999 cancellario
1548 1972 1690 1999 Tolosano
1713 1973 1845 1999 concedit
1867 1973 2028 2000 facultatem
2049 1973 2217 2000 absolvendi
2233 1974 2329 2000 eccle-

1322 2023 1381 2048 siae
1398 2023 1524 2048 scolares
1540 2029 1643 2048 manus
1659 2022 1797 2048 violentas
1813 2023 1840 2048 in
1857 2022 1977 2048 clericos
1993 2022 2168 2056 injicientes.
2184 2021 2264 2051 tlh-ze.
2282 2021 2327 2055 24,

1321 2078 1347 2097 c.
1365 2070 1426 2100 68²2,
1444 2071 1463 2096 t'.
1482 2070 1564 2097 loom

1865 1911 1996 1945 Anagni‚
2014 1913 2027 1938 7
2045 1912 2162 1938 octobre
2179 1911 2257 1938 1255.

1364 2178 1375 2190 κ
1405 2188 1442 2200 ..,
1471 2166 1656 2195 cancellario
1682 2166 1857 2195 Tltolosano.
1884 2166 1967 2196 Cum
1991 2166 2087 2203 proni
2114 2166 2182 2196 sint
2208 2174 2328 2197 sensus

1321 2217 1468 2247 hominis
1482 2218 1521 2248 ad
1537 2218 1661 2247 malum
1677 2218 1717 2247 ab
1731 2218 1954 2248 adolescentia
1968 2228 2039 2254 sua,
2058 2219 2200 2249 libenter
2216 2219 2264 2249 eis
2279 2228 2328 2250 re·

1321 2270 1430 2300 media
1444 2279 1658 2308 procuramus
1679 2271 1800 2309 quibus
1817 2271 1977 2301 irruentis
1994 2276 2121 2302 actores
2139 2272 2256 2302 mortis
2274 2280 2328 2302 sa-

1320 2322 1460 2352 lubriter
1478 2322 1608 2352 valeant
1625 2323 1802 2353 declinare.
1821 2324 1906 2353 Hinc
1921 2328 1969 2354 est
1983 2325 2080 2363 quod,
2095 2324 2328 2355 universitatis

1320 2375 1514 2405 dilectorum
1534 2375 1677 2405 tiliorum
1691 2377 1926 2414 magistrorum
1943 2382 1973 2407 et
1991 2377 2168 2407 scolarium
2181 2377 2328 2408 civitatis

1319 2428 1459 2458 Tholose
1478 2428 1604 2458 devotis
1624 2429 1923 2467 supplicationibus
1943 2430 2108 2466 inclinati,
2133 2430 2326 2461 absolvendi

1316 2481 1410 2520 Juxta
1430 2481 1571 2511 sormam
1589 2482 1727 2511 ecclesie
1749 2482 1892 2512 scolares
1917 2483 2109 2522 huJ'usinodi
2133 2483 2174 2513 ab
2197 2492 2328 2514 excom-

1319 2534 1557 2563 municationis
1573 2535 1740 2564 sententia
1756 2544 1855 2573 quam
1874 2535 2042 2565 iniciendo
2063 2545 2182 2566 manus
2198 2535 2326 2566 violen-

1321 2591 1369 2616 tas
1386 2587 1420 2615 in
1437 2587 1574 2617 clericos
1590 2587 1804 2618 incurrerunt
1822 2588 1873 2618 vel
1887 2589 1971 2618 forte
1987 2589 2208 2623 incurrerent,
2229 2588 2326 2618 (lum-

1318 2640 1413 2669 modo
1433 2648 1498 2669 non
1516 2640 1618 2669 fuerit
1634 2640 1714 2670 adeo
1730 2641 1840 2678 gravis
1857 2645 1888 2671 et
1903 2642 2049 2671 enormis
2067 2649 2222 2671 excessus
2237 2640 2326 2680 quod

1318 2692 1436 2722 merito
1453 2697 1563 2723 essent
1576 2698 1709 2732 propter
1725 2694 1786 2724 hoc
1802 2695 1843 2724 ad
1858 2694 1976 2724 Sedem
1989 2694 2202 2732 apostolicam
2217 2698 2324 2724 trans-

1318 2745 1482 2781 mittendi,
1506 2747 1702 2776 auctoritate
1727 2747 1786 2776 tibi
1807 2747 2013 2785 presentium
2038 2746 2250 2776 concedimus
2273 2746 2324 2776 fa-

1317 2798 1485 2828 cultatem.
1503 2799 1641 2829 Proviso
1656 2800 1743 2838 quod
1752 2800 1861 2838 passis
1874 2799 2034 2838 injuriam
2047 2799 2152 2829 facias
2165 2797 2323 2829 satisfieri

1317 2855 1551 2890 competenter.
1581 2852 1797 2882 Presentibus
1832 2856 1905 2890 post
1934 2852 2117 2882 triennium
2151 2855 2212 2881 etc.
2247 2851 2326 2881 Dat>

1316 2905 1479 2942 Anagnie,
1499 2906 1562 2934 VII
1578 2905 1653 2935 idus
1671 2905 1826 2940 octobris,
1844 2913 1931 2934 anno
1946 2904 2063 2943 primo.
2085 2915 2098 2930 n
