<?xml version="1.0" encoding="UTF-8"?>
<!DOCTYPE html PUBLIC "-//W3C//DTD XHTML 1.0 Transitional//EN"
    "http://www.w3.org/TR/xhtml1/DTD/xhtml1-transitional.dtd">
<html xmlns="http://www.w3.org/1999/xhtml" xml:lang="en" lang="en">
 <head>
  <title>
</title>
<meta http-equiv="Content-Type" content="text/html;charset=utf-8" />
  <meta name='ocr-system' content='tesseract 3.04.00' />
  <meta name='ocr-capabilities' content='ocr_page ocr_carea ocr_par ocr_line ocrx_word'/>
</head>
<body>
  <div class='ocr_page' id='page_1' title='image "./lesregistresdale01cathuoft_0120.png"; bbox 0 0 2441 3330; ppageno 0'>
   <div class='ocr_carea' id='block_1_1' title="bbox 186 169 1555 202">
    <p class='ocr_par' dir='ltr' id='par_1_1' title="bbox 186 169 1555 202">
     <span class='ocr_line' id='line_1_1' title="bbox 186 169 1555 202; baseline 0.002 -5"><span class='ocrx_word' id='word_1_1' title='bbox 186 169 196 198; x_wconf 90' lang='lat'>1</span> <span class='ocrx_word' id='word_1_2' title='bbox 208 170 241 197; x_wconf 84' lang='lat' dir='ltr'>lt)</span> <span class='ocrx_word' id='word_1_3' title='bbox 908 169 1148 201; x_wconf 88' lang='lat' dir='ltr'>REGISTRES</span> <span class='ocrx_word' id='word_1_4' title='bbox 1169 169 1477 201; x_wconf 87' lang='lat' dir='ltr'>D&#39;ALEXANDRE</span> <span class='ocrx_word' id='word_1_5' title='bbox 1499 172 1555 202; x_wconf 93' lang='lat' dir='ltr'>IV.</span> 
     </span>
    </p>
   </div>
   <div class='ocr_carea' id='block_1_2' title="bbox 182 233 1189 484">
    <p class='ocr_par' dir='ltr' id='par_1_2' title="bbox 182 233 1189 484">
     <span class='ocr_line' id='line_1_2' title="bbox 185 233 1189 274; baseline 0.003 -12"><span class='ocrx_word' id='word_1_6' title='bbox 185 234 269 268; x_wconf 87' lang='lat' dir='ltr'>nati,</span> <span class='ocrx_word' id='word_1_7' title='bbox 289 233 376 271; x_wconf 88' lang='lat' dir='ltr'>quod</span> <span class='ocrx_word' id='word_1_8' title='bbox 392 242 490 271; x_wconf 88' lang='lat' dir='ltr'>super</span> <span class='ocrx_word' id='word_1_9' title='bbox 504 234 679 272; x_wconf 82' lang='lat' dir='ltr'>premissis</span> <span class='ocrx_word' id='word_1_10' title='bbox 698 235 738 264; x_wconf 85' lang='lat' dir='ltr'>ab</span> <span class='ocrx_word' id='word_1_11' title='bbox 759 235 883 266; x_wconf 84' lang='lat' dir='ltr'>eisdem</span> <span class='ocrx_word' id='word_1_12' title='bbox 898 235 1189 274; x_wconf 77' lang='lat' dir='ltr'>predecessoribus</span> 
     </span>
     <span class='ocr_line' id='line_1_3' title="bbox 183 285 1189 323; baseline 0.003 -8"><span class='ocrx_word' id='word_1_13' title='bbox 183 285 306 315; x_wconf 65' lang='lat' dir='ltr'>nostris</span> <span class='ocrx_word' id='word_1_14' title='bbox 324 285 449 315; x_wconf 80' lang='lat' dir='ltr'>sactum</span> <span class='ocrx_word' id='word_1_15' title='bbox 460 289 520 321; x_wconf 85' lang='lat' dir='ltr'>cst,</span> <span class='ocrx_word' id='word_1_16' title='bbox 538 290 647 316; x_wconf 81' lang='lat' dir='ltr'>ratum</span> <span class='ocrx_word' id='word_1_17' title='bbox 659 291 689 317; x_wconf 87' lang='lat' dir='ltr'>et</span> <span class='ocrx_word' id='word_1_18' title='bbox 700 288 833 318; x_wconf 80' lang='lat' dir='ltr'>firmum</span> <span class='ocrx_word' id='word_1_19' title='bbox 848 287 1021 323; x_wconf 83' lang='lat' dir='ltr'>habentes,</span> <span class='ocrx_word' id='word_1_20' title='bbox 1034 287 1068 317; x_wconf 88' lang='lat' dir='ltr'>id</span> <span class='ocrx_word' id='word_1_21' title='bbox 1081 292 1189 318; x_wconf 82' lang='lat' dir='ltr'>aucto-</span> 
     </span>
     <span class='ocr_line' id='line_1_4' title="bbox 182 337 1187 380; baseline 0.004 -13"><span class='ocrx_word' id='word_1_22' title='bbox 182 338 279 368; x_wconf 84' lang='lat' dir='ltr'>ritate</span> <span class='ocrx_word' id='word_1_23' title='bbox 296 337 475 376; x_wconf 81' lang='lat' dir='ltr'>apostolica</span> <span class='ocrx_word' id='word_1_24' title='bbox 489 339 723 370; x_wconf 86' lang='lat' dir='ltr'>confirmamus</span> <span class='ocrx_word' id='word_1_25' title='bbox 739 344 801 370; x_wconf 85' lang='lat' dir='ltr'>etc.</span> <span class='ocrx_word' id='word_1_26' title='bbox 813 350 919 380; x_wconf 87' lang='lat' dir='ltr'>usque</span> <span class='ocrx_word' id='word_1_27' title='bbox 936 351 944 370; x_wconf 90' lang='lat'>:</span> <span class='ocrx_word' id='word_1_28' title='bbox 964 341 1187 371; x_wconf 81' lang='lat' dir='ltr'><strong>concedimus.</strong></span> 
     </span>
     <span class='ocr_line' id='line_1_5' title="bbox 183 390 1186 432; baseline 0.004 -12"><span class='ocrx_word' id='word_1_29' title='bbox 183 390 275 420; x_wconf 85' lang='lat' dir='ltr'>Nulli</span> <span class='ocrx_word' id='word_1_30' title='bbox 303 394 363 421; x_wconf 86' lang='lat' dir='ltr'>etc.</span> <span class='ocrx_word' id='word_1_31' title='bbox 397 395 509 421; x_wconf 84' lang='lat' dir='ltr'>nostre</span> <span class='ocrx_word' id='word_1_32' title='bbox 539 392 802 423; x_wconf 87' lang='lat' dir='ltr'>confirmationis</span> <span class='ocrx_word' id='word_1_33' title='bbox 831 398 892 424; x_wconf 88' lang='lat' dir='ltr'>etc.</span> <span class='ocrx_word' id='word_1_34' title='bbox 922 394 997 424; x_wconf 82' lang='lat' dir='ltr'>Dat.</span> <span class='ocrx_word' id='word_1_35' title='bbox 1027 393 1186 432; x_wconf 81' lang='lat' dir='ltr'>Neapoli,</span> 
     </span>
     <span class='ocr_line' id='line_1_6' title="bbox 182 443 757 484; baseline 0 -11"><span class='ocrx_word' id='word_1_36' title='bbox 182 444 251 474; x_wconf 92' lang='lat' dir='ltr'>IllI</span> <span class='ocrx_word' id='word_1_37' title='bbox 266 443 341 473; x_wconf 89' lang='lat' dir='ltr'>idus</span> <span class='ocrx_word' id='word_1_38' title='bbox 358 443 484 482; x_wconf 83' lang='lat' dir='ltr'>aprilis,</span> <span class='ocrx_word' id='word_1_39' title='bbox 502 453 590 475; x_wconf 91' lang='lat' dir='ltr'>anno</span> <span class='ocrx_word' id='word_1_40' title='bbox 604 445 722 484; x_wconf 87' lang='lat' dir='ltr'>primo.</span> <span class='ocrx_word' id='word_1_41' title='bbox 745 458 757 473; x_wconf 85' lang='lat'>»</span> 
     </span>
    </p>
   </div>
   <div class='ocr_carea' id='block_1_3' title="bbox 253 629 1116 665">
    <p class='ocr_par' dir='ltr' id='par_1_3' title="bbox 253 629 1116 665">
     <span class='ocr_line' id='line_1_7' title="bbox 253 629 1116 665; baseline 0.001 -8"><span class='ocrx_word' id='word_1_42' title='bbox 253 629 341 657; x_wconf 77' lang='grc'>363</span> <span class='ocrx_word' id='word_1_43' title='bbox 769 629 885 665; x_wconf 84' lang='lat' dir='ltr'>Naples.</span> <span class='ocrx_word' id='word_1_44' title='bbox 903 630 935 658; x_wconf 81' lang='lat'>13</span> <span class='ocrx_word' id='word_1_45' title='bbox 950 631 1020 657; x_wconf 83' lang='lat' dir='ltr'>avril</span> <span class='ocrx_word' id='word_1_46' title='bbox 1037 630 1116 658; x_wconf 73' lang='lat'>1255.</span> 
     </span>
    </p>
   </div>
   <div class='ocr_carea' id='block_1_4' title="bbox 180 690 1187 920">
    <p class='ocr_par' dir='ltr' id='par_1_4' title="bbox 180 690 1187 920">
     <span class='ocr_line' id='line_1_8' title="bbox 222 690 1186 726; baseline 0.005 -11"><span class='ocrx_word' id='word_1_47' title='bbox 222 690 372 717; x_wconf 83' lang='lat' dir='ltr'>Universis</span> <span class='ocrx_word' id='word_1_48' title='bbox 388 691 536 719; x_wconf 89' lang='lat' dir='ltr'>sororibus</span> <span class='ocrx_word' id='word_1_49' title='bbox 552 693 792 726; x_wconf 75' lang='lat' dir='ltr'>monasteriorum</span> <span class='ocrx_word' id='word_1_50' title='bbox 806 692 916 719; x_wconf 77' lang='lat' dir='ltr'>ordinis</span> <span class='ocrx_word' id='word_1_51' title='bbox 930 700 954 719; x_wconf 87' lang='lat' dir='ltr'>s.</span> <span class='ocrx_word' id='word_1_52' title='bbox 974 692 1114 724; x_wconf 70' lang='lat' dir='ltr'>Dumium,</span> <span class='ocrx_word' id='word_1_53' title='bbox 1132 692 1186 720; x_wconf 88' lang='lat' dir='ltr'>Ec-</span> 
     </span>
     <span class='ocr_line' id='line_1_9' title="bbox 181 738 1187 776; baseline 0.005 -13"><span class='ocrx_word' id='word_1_54' title='bbox 181 740 286 764; x_wconf 58' lang='lat' dir='ltr'>rusiae</span> <span class='ocrx_word' id='word_1_55' title='bbox 302 738 449 766; x_wconf 82' lang='lat' dir='ltr'>Romanae</span> <span class='ocrx_word' id='word_1_56' title='bbox 464 740 629 766; x_wconf 78' lang='lat' dir='ltr'>immediate</span> <span class='ocrx_word' id='word_1_57' title='bbox 642 741 793 775; x_wconf 89' lang='lat' dir='ltr'>subjectis,</span> <span class='ocrx_word' id='word_1_58' title='bbox 806 741 946 775; x_wconf 85' lang='lat' dir='ltr'>indulget,</span> <span class='ocrx_word' id='word_1_59' title='bbox 964 745 993 768; x_wconf 92' lang='lat' dir='ltr'>ut</span> <span class='ocrx_word' id='word_1_60' title='bbox 1009 741 1042 767; x_wconf 85' lang='lat' dir='ltr'>ad</span> <span class='ocrx_word' id='word_1_61' title='bbox 1061 745 1187 776; x_wconf 82' lang='lat' dir='ltr'>praesta-</span> 
     </span>
     <span class='ocr_line' id='line_1_10' title="bbox 180 788 1187 825; baseline 0.006 -14"><span class='ocrx_word' id='word_1_62' title='bbox 180 788 286 813; x_wconf 68' lang='lat' dir='ltr'>tionem</span> <span class='ocrx_word' id='word_1_63' title='bbox 304 789 537 822; x_wconf 77' lang='lat' dir='ltr'>procurationum</span> <span class='ocrx_word' id='word_1_64' title='bbox 555 789 713 823; x_wconf 79' lang='lat' dir='ltr'>legatorum</span> <span class='ocrx_word' id='word_1_65' title='bbox 735 788 820 816; x_wconf 88' lang='lat' dir='ltr'>Sedis</span> <span class='ocrx_word' id='word_1_66' title='bbox 839 790 1013 823; x_wconf 81' lang='lat' dir='ltr'>apostolicae</span> <span class='ocrx_word' id='word_1_67' title='bbox 1033 790 1060 816; x_wconf 94' lang='lat' dir='ltr'>in</span> <span class='ocrx_word' id='word_1_68' title='bbox 1082 798 1187 825; x_wconf 87' lang='lat' dir='ltr'>perpe-</span> 
     </span>
     <span class='ocr_line' id='line_1_11' title="bbox 180 837 1186 872; baseline 0.005 -11"><span class='ocrx_word' id='word_1_69' title='bbox 180 840 260 862; x_wconf 80' lang='lat' dir='ltr'>tuum</span> <span class='ocrx_word' id='word_1_70' title='bbox 291 837 421 871; x_wconf 89' lang='lat' dir='ltr'>compelli</span> <span class='ocrx_word' id='word_1_71' title='bbox 453 838 569 864; x_wconf 89' lang='lat' dir='ltr'>minime</span> <span class='ocrx_word' id='word_1_72' title='bbox 600 838 722 866; x_wconf 82' lang='lat' dir='ltr'>valeant.</span> <span class='ocrx_word' id='word_1_73' title='bbox 752 838 834 872; x_wconf 66' lang='lat' dir='ltr'>(Rea.</span> <span class='ocrx_word' id='word_1_74' title='bbox 865 838 914 870; x_wconf 65' lang='lat'>⁸24,</span> <span class='ocrx_word' id='word_1_75' title='bbox 943 846 969 866; x_wconf 89' lang='lat' dir='ltr'>c.</span> <span class='ocrx_word' id='word_1_76' title='bbox 999 838 1059 868; x_wconf 67' lang='lat'>302,</span> <span class='ocrx_word' id='word_1_77' title='bbox 1091 839 1110 866; x_wconf 80' lang='lat' dir='ltr'>f.</span> <span class='ocrx_word' id='word_1_78' title='bbox 1138 839 1186 871; x_wconf 79' lang='lat'>45;</span> 
     </span>
     <span class='ocr_line' id='line_1_12' title="bbox 183 884 453 920; baseline 0.007 -10"><span class='ocrx_word' id='word_1_79' title='bbox 183 884 328 911; x_wconf 68' lang='lat' dir='ltr'>l&#39;orrfflts‘r</span> <span class='ocrx_word' id='word_1_80' title='bbox 344 886 453 920; x_wconf 76' lang='grc'>15799.)</span> 
     </span>
    </p>
   </div>
   <div class='ocr_carea' id='block_1_5' title="bbox 172 987 1187 1184">
    <p class='ocr_par' dir='ltr' id='par_1_5' title="bbox 172 987 1187 1184">
     <span class='ocr_line' id='line_1_13' title="bbox 221 987 1187 1028; baseline 0.006 -14"><span class='ocrx_word' id='word_1_81' title='bbox 221 998 234 1013; x_wconf 88' lang='lat'>«</span> <span class='ocrx_word' id='word_1_82' title='bbox 264 987 418 1016; x_wconf 58' lang='grc' dir='ltr'>Μηίων-δίε</span> <span class='ocrx_word' id='word_1_83' title='bbox 440 988 596 1017; x_wconf 73' lang='lat' dir='ltr'>abbatibus</span> <span class='ocrx_word' id='word_1_84' title='bbox 618 988 686 1028; x_wconf 82' lang='lat' dir='ltr'>(sic)</span> <span class='ocrx_word' id='word_1_85' title='bbox 709 994 735 1018; x_wconf 82' lang='lat' dir='ltr'>et</span> <span class='ocrx_word' id='word_1_86' title='bbox 756 990 910 1019; x_wconf 73' lang='lat' dir='ltr'>sororibus</span> <span class='ocrx_word' id='word_1_87' title='bbox 930 993 1187 1020; x_wconf 75' lang='lat' dir='ltr'><em>monasteriorum</em></span> 
     </span>
     <span class='ocr_line' id='line_1_14' title="bbox 179 1040 1187 1077; baseline 0.007 -10"><span class='ocrx_word' id='word_1_88' title='bbox 179 1040 298 1068; x_wconf 75' lang='lat' dir='ltr'>ordinis</span> <span class='ocrx_word' id='word_1_89' title='bbox 314 1041 414 1069; x_wconf 75' lang='lat' dir='ltr'>sancti</span> <span class='ocrx_word' id='word_1_90' title='bbox 436 1041 596 1077; x_wconf 75' lang='lat' dir='ltr'>Damiani,</span> <span class='ocrx_word' id='word_1_91' title='bbox 622 1042 748 1071; x_wconf 75' lang='lat' dir='ltr'>Ecclesie</span> <span class='ocrx_word' id='word_1_92' title='bbox 767 1043 898 1072; x_wconf 76' lang='lat' dir='ltr'>Romane</span> <span class='ocrx_word' id='word_1_93' title='bbox 923 1044 1096 1073; x_wconf 74' lang='lat' dir='ltr'>immediate</span> <span class='ocrx_word' id='word_1_94' title='bbox 1117 1046 1187 1074; x_wconf 83' lang='lat' dir='ltr'>sub·-</span> 
     </span>
     <span class='ocr_line' id='line_1_15' title="bbox 172 1093 1187 1135; baseline 0.007 -14"><span class='ocrx_word' id='word_1_95' title='bbox 172 1094 273 1129; x_wconf 69' lang='lat' dir='ltr'>jcclis.</span> <span class='ocrx_word' id='word_1_96' title='bbox 294 1093 486 1131; x_wconf 81' lang='lat' dir='ltr'>Paupertati</span> <span class='ocrx_word' id='word_1_97' title='bbox 505 1098 613 1124; x_wconf 84' lang='lat' dir='ltr'>vestre</span> <span class='ocrx_word' id='word_1_98' title='bbox 630 1103 728 1133; x_wconf 83' lang='lat' dir='ltr'>quam</span> <span class='ocrx_word' id='word_1_99' title='bbox 743 1113 792 1124; x_wconf 97' lang='lat'>—.</span> <span class='ocrx_word' id='word_1_100' title='bbox 810 1096 883 1125; x_wconf 85' lang='lat' dir='ltr'>Dat.</span> <span class='ocrx_word' id='word_1_101' title='bbox 903 1097 1058 1135; x_wconf 81' lang='lat' dir='ltr'>Neapoli,</span> <span class='ocrx_word' id='word_1_102' title='bbox 1076 1097 1187 1128; x_wconf 86' lang='lat' dir='ltr'>idibus</span> 
     </span>
     <span class='ocr_line' id='line_1_16' title="bbox 178 1145 573 1184; baseline -0.003 -10"><span class='ocrx_word' id='word_1_103' title='bbox 178 1145 304 1183; x_wconf 80' lang='lat' dir='ltr'>aprilis,</span> <span class='ocrx_word' id='word_1_104' title='bbox 322 1154 408 1176; x_wconf 87' lang='lat' dir='ltr'>anno</span> <span class='ocrx_word' id='word_1_105' title='bbox 422 1146 540 1184; x_wconf 89' lang='lat' dir='ltr'>primo.</span> <span class='ocrx_word' id='word_1_106' title='bbox 560 1159 573 1173; x_wconf 80' lang='grc'>»</span> 
     </span>
    </p>
   </div>
   <div class='ocr_carea' id='block_1_6' title="bbox 247 1329 335 1357">
    <p class='ocr_par' dir='ltr' id='par_1_6' title="bbox 247 1329 335 1357">
     <span class='ocr_line' id='line_1_17' title="bbox 247 1329 335 1357; baseline 0 0"><span class='ocrx_word' id='word_1_107' title='bbox 247 1329 335 1357; x_wconf 74' lang='grc'>364</span> 
     </span>
    </p>
   </div>
   <div class='ocr_carea' id='block_1_7' title="bbox 177 1392 1184 1576">
    <p class='ocr_par' dir='ltr' id='par_1_7' title="bbox 177 1392 1184 1576">
     <span class='ocr_line' id='line_1_18' title="bbox 212 1392 1184 1428; baseline 0.007 -12"><span class='ocrx_word' id='word_1_108' title='bbox 212 1392 372 1417; x_wconf 82' lang='lat' dir='ltr'>Conventui</span> <span class='ocrx_word' id='word_1_109' title='bbox 389 1393 554 1419; x_wconf 83' lang='lat' dir='ltr'>monasterii</span> <span class='ocrx_word' id='word_1_110' title='bbox 570 1392 605 1418; x_wconf 89' lang='lat' dir='ltr'>de</span> <span class='ocrx_word' id='word_1_111' title='bbox 621 1392 760 1427; x_wconf 73' lang='lat' dir='ltr'>Caritate,</span> <span class='ocrx_word' id='word_1_112' title='bbox 779 1394 979 1422; x_wconf 85' lang='lat' dir='ltr'>Cluniacensis</span> <span class='ocrx_word' id='word_1_113' title='bbox 994 1396 1120 1428; x_wconf 83' lang='lat' dir='ltr'>ordinis,</span> <span class='ocrx_word' id='word_1_114' title='bbox 1139 1397 1184 1423; x_wconf 91' lang='lat' dir='ltr'>in-</span> 
     </span>
     <span class='ocr_line' id='line_1_19' title="bbox 177 1440 1184 1480; baseline 0.007 -15"><span class='ocrx_word' id='word_1_115' title='bbox 177 1441 284 1473; x_wconf 69' lang='lat' dir='ltr'>dulget,</span> <span class='ocrx_word' id='word_1_116' title='bbox 305 1443 344 1470; x_wconf 88' lang='lat' dir='ltr'>ut,</span> <span class='ocrx_word' id='word_1_117' title='bbox 362 1440 438 1466; x_wconf 87' lang='lat' dir='ltr'>sicut</span> <span class='ocrx_word' id='word_1_118' title='bbox 454 1440 488 1466; x_wconf 89' lang='lat' dir='ltr'>de</span> <span class='ocrx_word' id='word_1_119' title='bbox 504 1441 589 1467; x_wconf 83' lang='lat' dir='ltr'>terris</span> <span class='ocrx_word' id='word_1_120' title='bbox 605 1450 677 1475; x_wconf 86' lang='lat' dir='ltr'>quas</span> <span class='ocrx_word' id='word_1_121' title='bbox 692 1443 816 1477; x_wconf 86' lang='lat' dir='ltr'>propriis</span> <span class='ocrx_word' id='word_1_122' title='bbox 832 1443 978 1470; x_wconf 81' lang='lat' dir='ltr'>laboribus</span> <span class='ocrx_word' id='word_1_123' title='bbox 993 1448 1042 1471; x_wconf 87' lang='lat' dir='ltr'>aut</span> <span class='ocrx_word' id='word_1_124' title='bbox 1056 1446 1184 1480; x_wconf 85' lang='lat' dir='ltr'>sumpti-</span> 
     </span>
     <span class='ocr_line' id='line_1_20' title="bbox 178 1488 1180 1528; baseline 0.008 -15"><span class='ocrx_word' id='word_1_125' title='bbox 178 1490 231 1514; x_wconf 77' lang='lat' dir='ltr'>bus</span> <span class='ocrx_word' id='word_1_126' title='bbox 252 1489 368 1520; x_wconf 72' lang='lat' dir='ltr'>excolit,</span> <span class='ocrx_word' id='word_1_127' title='bbox 393 1488 427 1514; x_wconf 89' lang='lat' dir='ltr'>de</span> <span class='ocrx_word' id='word_1_128' title='bbox 451 1489 619 1516; x_wconf 85' lang='lat' dir='ltr'>nemoribus</span> <span class='ocrx_word' id='word_1_129' title='bbox 640 1490 756 1517; x_wconf 87' lang='lat' dir='ltr'>incultis</span> <span class='ocrx_word' id='word_1_130' title='bbox 779 1500 852 1526; x_wconf 87' lang='lat' dir='ltr'>quae</span> <span class='ocrx_word' id='word_1_131' title='bbox 872 1493 904 1519; x_wconf 83' lang='lat' dir='ltr'>ad</span> <span class='ocrx_word' id='word_1_132' title='bbox 927 1494 1034 1520; x_wconf 87' lang='lat' dir='ltr'>cultum</span> <span class='ocrx_word' id='word_1_133' title='bbox 1061 1494 1180 1528; x_wconf 79' lang='lat' dir='ltr'>redigit,</span> 
     </span>
     <span class='ocr_line' id='line_1_21' title="bbox 178 1538 1078 1576; baseline 0.008 -13"><span class='ocrx_word' id='word_1_134' title='bbox 178 1538 245 1563; x_wconf 84' lang='lat' dir='ltr'>nulli</span> <span class='ocrx_word' id='word_1_135' title='bbox 262 1538 389 1564; x_wconf 84' lang='lat' dir='ltr'>decimas</span> <span class='ocrx_word' id='word_1_136' title='bbox 404 1539 515 1564; x_wconf 78' lang='lat' dir='ltr'>solvere</span> <span class='ocrx_word' id='word_1_137' title='bbox 534 1543 674 1566; x_wconf 84' lang='lat' dir='ltr'>teneatur.</span> <span class='ocrx_word' id='word_1_138' title='bbox 692 1540 776 1569; x_wconf 68' lang='lat' dir='ltr'>(Rue.</span> <span class='ocrx_word' id='word_1_139' title='bbox 793 1541 837 1574; x_wconf 64' lang='lat'>⁵24,</span> <span class='ocrx_word' id='word_1_140' title='bbox 855 1550 880 1568; x_wconf 86' lang='lat' dir='ltr'>c.</span> <span class='ocrx_word' id='word_1_141' title='bbox 898 1542 958 1576; x_wconf 77' lang='lat'>303,</span> <span class='ocrx_word' id='word_1_142' title='bbox 976 1543 994 1569; x_wconf 80' lang='lat' dir='ltr'>s.</span> <span class='ocrx_word' id='word_1_143' title='bbox 1012 1543 1078 1574; x_wconf 66' lang='lat' dir='ltr'>w.)</span> 
     </span>
    </p>
   </div>
   <div class='ocr_carea' id='block_1_8' title="bbox 783 1332 1112 1368">
    <p class='ocr_par' dir='ltr' id='par_1_8' title="bbox 783 1332 1112 1368">
     <span class='ocr_line' id='line_1_22' title="bbox 783 1332 1112 1368; baseline 0.006 -9"><span class='ocrx_word' id='word_1_144' title='bbox 783 1332 900 1368; x_wconf 78' lang='lat' dir='ltr'>Napies,</span> <span class='ocrx_word' id='word_1_145' title='bbox 917 1333 932 1360; x_wconf 82' lang='grc'>9</span> <span class='ocrx_word' id='word_1_146' title='bbox 948 1334 1017 1360; x_wconf 87' lang='lat' dir='ltr'>avril</span> <span class='ocrx_word' id='word_1_147' title='bbox 1038 1334 1112 1361; x_wconf 69' lang='lat'>1255.</span> 
     </span>
    </p>
   </div>
   <div class='ocr_carea' id='block_1_9' title="bbox 166 1641 1183 2314">
    <p class='ocr_par' dir='ltr' id='par_1_9' title="bbox 166 1641 1183 2314">
     <span class='ocr_line' id='line_1_23' title="bbox 217 1641 1183 1680; baseline 0.008 -13"><span class='ocrx_word' id='word_1_148' title='bbox 217 1652 228 1665; x_wconf 67' lang='lat' dir='ltr'>ct</span> <span class='ocrx_word' id='word_1_149' title='bbox 254 1662 286 1675; x_wconf 77' lang='lat'>..‚</span> <span class='ocrx_word' id='word_1_150' title='bbox 302 1641 404 1677; x_wconf 74' lang='lat' dir='ltr'>priori</span> <span class='ocrx_word' id='word_1_151' title='bbox 420 1645 445 1669; x_wconf 76' lang='lat' dir='ltr'>et</span> <span class='ocrx_word' id='word_1_152' title='bbox 463 1642 628 1670; x_wconf 72' lang='lat' dir='ltr'>conventui</span> <span class='ocrx_word' id='word_1_153' title='bbox 642 1644 823 1672; x_wconf 73' lang='lat' dir='ltr'>monasterii</span> <span class='ocrx_word' id='word_1_154' title='bbox 840 1643 874 1672; x_wconf 79' lang='lat' dir='ltr'>de</span> <span class='ocrx_word' id='word_1_155' title='bbox 890 1644 1034 1680; x_wconf 68' lang='lat' dir='ltr'>Caritate,</span> <span class='ocrx_word' id='word_1_156' title='bbox 1053 1645 1183 1675; x_wconf 63' lang='lat' dir='ltr'>Clunia-</span> 
     </span>
     <span class='ocr_line' id='line_1_24' title="bbox 173 1692 1182 1728; baseline 0.006 -7"><span class='ocrx_word' id='word_1_157' title='bbox 173 1693 269 1721; x_wconf 72' lang='lat' dir='ltr'>censi&#39;s</span> <span class='ocrx_word' id='word_1_158' title='bbox 284 1692 414 1728; x_wconf 73' lang='lat' dir='ltr'>ordinis,</span> <span class='ocrx_word' id='word_1_159' title='bbox 433 1694 688 1723; x_wconf 69' lang='lat' dir='ltr'>Autisiodorensis</span> <span class='ocrx_word' id='word_1_160' title='bbox 704 1695 838 1725; x_wconf 69' lang='lat' dir='ltr'>diocesis.</span> <span class='ocrx_word' id='word_1_161' title='bbox 860 1695 948 1726; x_wconf 75' lang='lat' dir='ltr'>Solet</span> <span class='ocrx_word' id='word_1_162' title='bbox 965 1706 1112 1727; x_wconf 82' lang='lat' dir='ltr'>annuere</span> <span class='ocrx_word' id='word_1_163' title='bbox 1129 1698 1182 1728; x_wconf 87' lang='lat' dir='ltr'>Se-</span> 
     </span>
     <span class='ocr_line' id='line_1_25' title="bbox 173 1745 1183 1787; baseline 0.007 -13"><span class='ocrx_word' id='word_1_164' title='bbox 173 1746 229 1775; x_wconf 65' lang='lat' dir='ltr'>des</span> <span class='ocrx_word' id='word_1_165' title='bbox 250 1745 431 1784; x_wconf 86' lang='lat' dir='ltr'>apostolica</span> <span class='ocrx_word' id='word_1_166' title='bbox 450 1756 554 1785; x_wconf 79' lang='lat' dir='ltr'>usquc</span> <span class='ocrx_word' id='word_1_167' title='bbox 577 1757 583 1776; x_wconf 93' lang='lat'>:</span> <span class='ocrx_word' id='word_1_168' title='bbox 606 1747 782 1785; x_wconf 87' lang='lat' dir='ltr'>impertiri.</span> <span class='ocrx_word' id='word_1_169' title='bbox 804 1749 995 1787; x_wconf 76' lang='lat' dir='ltr'>Eapropter,</span> <span class='ocrx_word' id='word_1_170' title='bbox 1016 1750 1128 1781; x_wconf 79' lang='lat' dir='ltr'>dilecti</span> <span class='ocrx_word' id='word_1_171' title='bbox 1148 1751 1183 1781; x_wconf 90' lang='lat' dir='ltr'>in</span> 
     </span>
     <span class='ocr_line' id='line_1_26' title="bbox 172 1798 1183 1841; baseline 0.007 -14"><span class='ocrx_word' id='word_1_172' title='bbox 172 1798 313 1828; x_wconf 80' lang='lat' dir='ltr'>Domino</span> <span class='ocrx_word' id='word_1_173' title='bbox 337 1799 414 1834; x_wconf 84' lang='lat' dir='ltr'>filii,</span> <span class='ocrx_word' id='word_1_174' title='bbox 438 1799 557 1829; x_wconf 82' lang='lat' dir='ltr'>vestris</span> <span class='ocrx_word' id='word_1_175' title='bbox 573 1800 674 1839; x_wconf 80' lang='lat' dir='ltr'>justis</span> <span class='ocrx_word' id='word_1_176' title='bbox 692 1801 973 1838; x_wconf 79' lang='lat' dir='ltr'>postulationibus</span> <span class='ocrx_word' id='word_1_177' title='bbox 994 1808 1085 1841; x_wconf 74' lang='lat' dir='ltr'>grato</span> <span class='ocrx_word' id='word_1_178' title='bbox 1106 1813 1183 1834; x_wconf 85' lang='lat' dir='ltr'>con-</span> 
     </span>
     <span class='ocr_line' id='line_1_27' title="bbox 172 1853 1183 1894; baseline 0.007 -14"><span class='ocrx_word' id='word_1_179' title='bbox 172 1855 342 1881; x_wconf 64' lang='lat' dir='ltr'>currentes</span> <span class='ocrx_word' id='word_1_180' title='bbox 359 1860 515 1886; x_wconf 79' lang='lat' dir='ltr'>assensu,</span> <span class='ocrx_word' id='word_1_181' title='bbox 534 1856 584 1889; x_wconf 86' lang='lat' dir='ltr'>ut,</span> <span class='ocrx_word' id='word_1_182' title='bbox 605 1862 679 1882; x_wconf 79' lang='lat' dir='ltr'>cuni</span> <span class='ocrx_word' id='word_1_183' title='bbox 695 1853 734 1883; x_wconf 86' lang='lat' dir='ltr'>de</span> <span class='ocrx_word' id='word_1_184' title='bbox 758 1855 855 1885; x_wconf 80' lang='lat' dir='ltr'>terris</span> <span class='ocrx_word' id='word_1_185' title='bbox 872 1864 954 1893; x_wconf 80' lang='lat' dir='ltr'>quas</span> <span class='ocrx_word' id='word_1_186' title='bbox 975 1857 1117 1894; x_wconf 86' lang='lat' dir='ltr'>propriis</span> <span class='ocrx_word' id='word_1_187' title='bbox 1134 1857 1183 1887; x_wconf 84' lang='lat' dir='ltr'>la-</span> 
     </span>
     <span class='ocr_line' id='line_1_28' title="bbox 170 1904 1183 1944; baseline 0.009 -13"><span class='ocrx_word' id='word_1_188' title='bbox 170 1904 306 1933; x_wconf 70' lang='lat' dir='ltr'>boribus</span> <span class='ocrx_word' id='word_1_189' title='bbox 322 1904 471 1933; x_wconf 75' lang='lat' dir='ltr'>excolitis</span> <span class='ocrx_word' id='word_1_190' title='bbox 494 1909 550 1934; x_wconf 84' lang='lat' dir='ltr'>aut</span> <span class='ocrx_word' id='word_1_191' title='bbox 571 1906 757 1944; x_wconf 84' lang='lat' dir='ltr'>sumptibus</span> <span class='ocrx_word' id='word_1_192' title='bbox 781 1907 865 1936; x_wconf 89' lang='lat' dir='ltr'>nulli</span> <span class='ocrx_word' id='word_1_193' title='bbox 888 1908 1033 1938; x_wconf 73' lang='lat' dir='ltr'>decimas</span> <span class='ocrx_word' id='word_1_194' title='bbox 1056 1909 1183 1940; x_wconf 78' lang='lat' dir='ltr'>solvere</span> 
     </span>
     <span class='ocr_line' id='line_1_29' title="bbox 171 1957 1183 1998; baseline 0.007 -13"><span class='ocrx_word' id='word_1_195' title='bbox 171 1957 362 1991; x_wconf 22' lang='lat' dir='ltr'>tto-noaniini,</span> <span class='ocrx_word' id='word_1_196' title='bbox 380 1957 472 1987; x_wconf 79' lang='lat' dir='ltr'>vobis</span> <span class='ocrx_word' id='word_1_197' title='bbox 489 1968 545 1987; x_wconf 65' lang='lat' dir='ltr'>scu</span> <span class='ocrx_word' id='word_1_198' title='bbox 561 1958 668 1987; x_wconf 87' lang='lat' dir='ltr'>ordini</span> <span class='ocrx_word' id='word_1_199' title='bbox 687 1963 794 1988; x_wconf 66' lang='lat' dir='ltr'>vestro</span> <span class='ocrx_word' id='word_1_200' title='bbox 812 1968 828 1989; x_wconf 85' lang='lat' dir='ltr'>a</span> <span class='ocrx_word' id='word_1_201' title='bbox 847 1960 929 1989; x_wconf 73' lang='lat' dir='ltr'>Sede</span> <span class='ocrx_word' id='word_1_202' title='bbox 947 1961 1124 1998; x_wconf 79' lang='lat' dir='ltr'>apostolica</span> <span class='ocrx_word' id='word_1_203' title='bbox 1141 1963 1183 1992; x_wconf 85' lang='lat' dir='ltr'>sit</span> 
     </span>
     <span class='ocr_line' id='line_1_30' title="bbox 169 2010 1182 2049; baseline 0.006 -11"><span class='ocrx_word' id='word_1_204' title='bbox 169 2018 379 2045; x_wconf 74' lang='lat' dir='ltr'>concessum,</span> <span class='ocrx_word' id='word_1_205' title='bbox 399 2010 441 2039; x_wconf 90' lang='lat' dir='ltr'>ita</span> <span class='ocrx_word' id='word_1_206' title='bbox 466 2020 596 2049; x_wconf 82' lang='lat' dir='ltr'>quoqne</span> <span class='ocrx_word' id='word_1_207' title='bbox 619 2011 658 2041; x_wconf 84' lang='lat' dir='ltr'>de</span> <span class='ocrx_word' id='word_1_208' title='bbox 677 2012 869 2041; x_wconf 85' lang='lat' dir='ltr'>nemoribus</span> <span class='ocrx_word' id='word_1_209' title='bbox 890 2014 1009 2043; x_wconf 82' lang='lat' dir='ltr'>vestris</span> <span class='ocrx_word' id='word_1_210' title='bbox 1032 2014 1083 2043; x_wconf 86' lang='lat' dir='ltr'>vel</span> <span class='ocrx_word' id='word_1_211' title='bbox 1106 2014 1182 2044; x_wconf 79' lang='lat' dir='ltr'>aliis</span> 
     </span>
     <span class='ocr_line' id='line_1_31' title="bbox 169 2064 1182 2107; baseline 0.006 -16"><span class='ocrx_word' id='word_1_212' title='bbox 169 2072 231 2107; x_wconf 60' lang='grc' dir='ltr'>(μιν,</span> <span class='ocrx_word' id='word_1_213' title='bbox 249 2072 267 2091; x_wconf 85' lang='lat' dir='ltr'>a</span> <span class='ocrx_word' id='word_1_214' title='bbox 286 2067 430 2101; x_wconf 65' lang='lat' dir='ltr'>tempore</span> <span class='ocrx_word' id='word_1_215' title='bbox 447 2064 540 2103; x_wconf 84' lang='lat' dir='ltr'>cujus</span> <span class='ocrx_word' id='word_1_216' title='bbox 557 2074 621 2093; x_wconf 90' lang='lat' dir='ltr'>non</span> <span class='ocrx_word' id='word_1_217' title='bbox 639 2069 725 2094; x_wconf 82' lang='lat' dir='ltr'>extat</span> <span class='ocrx_word' id='word_1_218' title='bbox 743 2066 902 2096; x_wconf 80' lang='lat' dir='ltr'>memoria</span> <span class='ocrx_word' id='word_1_219' title='bbox 918 2066 1006 2096; x_wconf 85' lang='lat' dir='ltr'>culta</span> <span class='ocrx_word' id='word_1_220' title='bbox 1024 2076 1089 2097; x_wconf 88' lang='lat' dir='ltr'>non</span> <span class='ocrx_word' id='word_1_221' title='bbox 1108 2068 1182 2098; x_wconf 86' lang='lat' dir='ltr'>fue-</span> 
     </span>
     <span class='ocr_line' id='line_1_32' title="bbox 166 2116 1181 2158; baseline 0.008 -15"><span class='ocrx_word' id='word_1_222' title='bbox 166 2119 262 2150; x_wconf 83' lang='lat' dir='ltr'>runt,</span> <span class='ocrx_word' id='word_1_223' title='bbox 287 2125 350 2153; x_wconf 61' lang='lat' dir='ltr'>quo</span> <span class='ocrx_word' id='word_1_224' title='bbox 374 2116 413 2145; x_wconf 87' lang='lat' dir='ltr'>ad</span> <span class='ocrx_word' id='word_1_225' title='bbox 434 2116 559 2145; x_wconf 83' lang='lat' dir='ltr'>cultum</span> <span class='ocrx_word' id='word_1_226' title='bbox 582 2117 741 2155; x_wconf 68' lang='lat' dir='ltr'>redigctis</span> <span class='ocrx_word' id='word_1_227' title='bbox 766 2119 908 2156; x_wconf 88' lang='lat' dir='ltr'>propriis</span> <span class='ocrx_word' id='word_1_228' title='bbox 934 2120 1122 2158; x_wconf 81' lang='lat' dir='ltr'>sumptibus</span> <span class='ocrx_word' id='word_1_229' title='bbox 1150 2126 1181 2151; x_wconf 86' lang='lat' dir='ltr'>ct</span> 
     </span>
     <span class='ocr_line' id='line_1_33' title="bbox 167 2168 1178 2211; baseline 0.005 -13"><span class='ocrx_word' id='word_1_230' title='bbox 167 2168 281 2198; x_wconf 60' lang='lat' dir='ltr'>coletis</span> <span class='ocrx_word' id='word_1_231' title='bbox 296 2169 422 2199; x_wconf 75' lang='lat' dir='ltr'>solvere</span> <span class='ocrx_word' id='word_1_232' title='bbox 440 2179 504 2199; x_wconf 89' lang='lat' dir='ltr'>non</span> <span class='ocrx_word' id='word_1_233' title='bbox 523 2171 714 2206; x_wconf 76' lang='lat' dir='ltr'>teneamini,</span> <span class='ocrx_word' id='word_1_234' title='bbox 729 2172 924 2201; x_wconf 81' lang='lat' dir='ltr'>auctoritate</span> <span class='ocrx_word' id='word_1_235' title='bbox 942 2173 1034 2202; x_wconf 86' lang='lat' dir='ltr'>vobis</span> <span class='ocrx_word' id='word_1_236' title='bbox 1048 2182 1178 2211; x_wconf 81' lang='lat' dir='ltr'>presen-</span> 
     </span>
     <span class='ocr_line' id='line_1_34' title="bbox 168 2221 1175 2259; baseline 0.007 -10"><span class='ocrx_word' id='word_1_237' title='bbox 168 2221 249 2250; x_wconf 84' lang='lat' dir='ltr'>tium</span> <span class='ocrx_word' id='word_1_238' title='bbox 268 2221 493 2259; x_wconf 67' lang='lat' dir='ltr'>indulgemus.</span> <span class='ocrx_word' id='word_1_239' title='bbox 516 2222 608 2252; x_wconf 86' lang='lat' dir='ltr'>Nulli</span> <span class='ocrx_word' id='word_1_240' title='bbox 636 2227 696 2253; x_wconf 85' lang='lat' dir='ltr'>etc.</span> <span class='ocrx_word' id='word_1_241' title='bbox 722 2228 831 2253; x_wconf 84' lang='lat' dir='ltr'>nostro</span> <span class='ocrx_word' id='word_1_242' title='bbox 858 2225 1083 2255; x_wconf 69' lang='lat' dir='ltr'>concessionis</span> <span class='ocrx_word' id='word_1_243' title='bbox 1115 2231 1175 2256; x_wconf 86' lang='lat' dir='ltr'>etc.</span> 
     </span>
     <span class='ocr_line' id='line_1_35' title="bbox 166 2273 960 2314; baseline 0 -11"><span class='ocrx_word' id='word_1_244' title='bbox 166 2274 239 2303; x_wconf 83' lang='lat' dir='ltr'>Dat.</span> <span class='ocrx_word' id='word_1_245' title='bbox 258 2273 408 2311; x_wconf 86' lang='lat' dir='ltr'>Neapoli,</span> <span class='ocrx_word' id='word_1_246' title='bbox 428 2275 456 2304; x_wconf 88' lang='lat' dir='ltr'>V</span> <span class='ocrx_word' id='word_1_247' title='bbox 469 2274 544 2305; x_wconf 85' lang='lat' dir='ltr'>idus</span> <span class='ocrx_word' id='word_1_248' title='bbox 561 2275 687 2313; x_wconf 80' lang='lat' dir='ltr'>aprilis,</span> <span class='ocrx_word' id='word_1_249' title='bbox 709 2285 794 2305; x_wconf 81' lang='lat' dir='ltr'>aimo</span> <span class='ocrx_word' id='word_1_250' title='bbox 810 2277 928 2314; x_wconf 87' lang='lat' dir='ltr'>primo.</span> <span class='ocrx_word' id='word_1_251' title='bbox 949 2290 960 2304; x_wconf 74' lang='grc'>»</span> 
     </span>
    </p>
   </div>
   <div class='ocr_carea' id='block_1_10' title="bbox 235 2464 322 2494">
    <p class='ocr_par' dir='ltr' id='par_1_10' title="bbox 235 2464 322 2494">
     <span class='ocr_line' id='line_1_36' title="bbox 235 2464 322 2494; baseline 0.023 -3"><span class='ocrx_word' id='word_1_252' title='bbox 235 2464 322 2494; x_wconf 68' lang='lat'>385</span> 
     </span>
    </p>
   </div>
   <div class='ocr_carea' id='block_1_11' title="bbox 162 2526 1172 2615">
    <p class='ocr_par' dir='ltr' id='par_1_11' title="bbox 162 2526 1172 2615">
     <span class='ocr_line' id='line_1_37' title="bbox 180 2526 1172 2563; baseline 0.008 -12"><span class='ocrx_word' id='word_1_253' title='bbox 180 2531 184 2534; x_wconf 65' lang='lat'><strong>⁴</strong></span> <span class='ocrx_word' id='word_1_254' title='bbox 199 2526 365 2561; x_wconf 74' lang='lat' dir='ltr'>Aymerico.</span> <span class='ocrx_word' id='word_1_255' title='bbox 382 2528 518 2562; x_wconf 84' lang='lat' dir='ltr'>episcopo</span> <span class='ocrx_word' id='word_1_256' title='bbox 536 2528 752 2563; x_wconf 75' lang='lat' dir='ltr'>Lemovicensi,</span> <span class='ocrx_word' id='word_1_257' title='bbox 770 2531 903 2557; x_wconf 74' lang='lat' dir='ltr'>concedit</span> <span class='ocrx_word' id='word_1_258' title='bbox 921 2536 950 2557; x_wconf 92' lang='lat' dir='ltr'>ut</span> <span class='ocrx_word' id='word_1_259' title='bbox 966 2532 1017 2557; x_wconf 86' lang='lat' dir='ltr'>tria</span> <span class='ocrx_word' id='word_1_260' title='bbox 1035 2532 1172 2559; x_wconf 85' lang='lat' dir='ltr'>beneficia</span> 
     </span>
     <span class='ocr_line' id='line_1_38' title="bbox 162 2575 1171 2615; baseline 0.007 -14"><span class='ocrx_word' id='word_1_261' title='bbox 162 2575 359 2602; x_wconf 77' lang='lat' dir='ltr'>ecclesiastica</span> <span class='ocrx_word' id='word_1_262' title='bbox 381 2576 507 2603; x_wconf 79' lang='lat' dir='ltr'>diocesis</span> <span class='ocrx_word' id='word_1_263' title='bbox 529 2586 609 2610; x_wconf 71' lang='lat' dir='ltr'>suar,</span> <span class='ocrx_word' id='word_1_264' title='bbox 633 2587 754 2613; x_wconf 75' lang='lat' dir='ltr'>quorum</span> <span class='ocrx_word' id='word_1_265' title='bbox 777 2580 889 2605; x_wconf 81' lang='lat' dir='ltr'>collatio</span> <span class='ocrx_word' id='word_1_266' title='bbox 912 2586 1026 2615; x_wconf 81' lang='lat' dir='ltr'>propter</span> <span class='ocrx_word' id='word_1_267' title='bbox 1047 2582 1171 2608; x_wconf 84' lang='lat' dir='ltr'>vacatio-</span> 
     </span>
    </p>
   </div>
   <div class='ocr_carea' id='block_1_12' title="bbox 760 2468 1100 2503">
    <p class='ocr_par' dir='ltr' id='par_1_12' title="bbox 760 2468 1100 2503">
     <span class='ocr_line' id='line_1_39' title="bbox 760 2468 1100 2503; baseline 0.012 -10"><span class='ocrx_word' id='word_1_268' title='bbox 760 2468 878 2503; x_wconf 81' lang='lat' dir='ltr'>Naples,</span> <span class='ocrx_word' id='word_1_269' title='bbox 897 2470 911 2495; x_wconf 77' lang='grc' dir='ltr'>ὃ</span> <span class='ocrx_word' id='word_1_270' title='bbox 929 2478 1005 2496; x_wconf 84' lang='lat' dir='ltr'>mars</span> <span class='ocrx_word' id='word_1_271' title='bbox 1026 2471 1100 2497; x_wconf 64' lang='lat'>1255.</span> 
     </span>
    </p>
   </div>
   <div class='ocr_carea' id='block_1_13' title="bbox 161 2623 1172 2754">
    <p class='ocr_par' dir='ltr' id='par_1_13' title="bbox 161 2623 1172 2754">
     <span class='ocr_line' id='line_1_40' title="bbox 163 2623 1172 2661; baseline 0.007 -11"><span class='ocrx_word' id='word_1_272' title='bbox 163 2632 227 2650; x_wconf 86' lang='lat' dir='ltr'>uem</span> <span class='ocrx_word' id='word_1_273' title='bbox 243 2623 382 2651; x_wconf 81' lang='lat' dir='ltr'>diutinam</span> <span class='ocrx_word' id='word_1_274' title='bbox 399 2625 433 2651; x_wconf 88' lang='lat' dir='ltr'>ad</span> <span class='ocrx_word' id='word_1_275' title='bbox 449 2626 552 2653; x_wconf 80' lang='lat' dir='ltr'>Sedem</span> <span class='ocrx_word' id='word_1_276' title='bbox 568 2628 755 2661; x_wconf 78' lang='lat' dir='ltr'>apostolicam</span> <span class='ocrx_word' id='word_1_277' title='bbox 773 2631 818 2654; x_wconf 85' lang='lat' dir='ltr'>est</span> <span class='ocrx_word' id='word_1_278' title='bbox 834 2628 981 2660; x_wconf 79' lang='lat' dir='ltr'>devoluta,</span> <span class='ocrx_word' id='word_1_279' title='bbox 1001 2630 1093 2656; x_wconf 86' lang='lat' dir='ltr'>tribus</span> <span class='ocrx_word' id='word_1_280' title='bbox 1110 2630 1172 2657; x_wconf 89' lang='lat' dir='ltr'>ido-</span> 
     </span>
     <span class='ocr_line' id='line_1_41' title="bbox 163 2673 1168 2711; baseline 0.007 -13"><span class='ocrx_word' id='word_1_281' title='bbox 163 2673 225 2699; x_wconf 83' lang='lat' dir='ltr'>neis</span> <span class='ocrx_word' id='word_1_282' title='bbox 247 2673 360 2700; x_wconf 83' lang='lat' dir='ltr'>clericis</span> <span class='ocrx_word' id='word_1_283' title='bbox 382 2674 408 2700; x_wconf 89' lang='lat' dir='ltr'>in</span> <span class='ocrx_word' id='word_1_284' title='bbox 429 2675 472 2700; x_wconf 87' lang='lat' dir='ltr'>eis</span> <span class='ocrx_word' id='word_1_285' title='bbox 493 2675 619 2701; x_wconf 57' lang='lat' dir='ltr'>residere</span> <span class='ocrx_word' id='word_1_286' title='bbox 637 2677 742 2710; x_wconf 80' lang='lat' dir='ltr'>paratis</span> <span class='ocrx_word' id='word_1_287' title='bbox 760 2677 851 2711; x_wconf 85' lang='lat' dir='ltr'>possit</span> <span class='ocrx_word' id='word_1_288' title='bbox 867 2678 1007 2704; x_wconf 80' lang='lat' dir='ltr'>conseri-e.</span> <span class='ocrx_word' id='word_1_289' title='bbox 1025 2678 1108 2710; x_wconf 59' lang='lat' dir='ltr'>(ltro.</span> <span class='ocrx_word' id='word_1_290' title='bbox 1126 2679 1168 2711; x_wconf 67' lang='lat'>24,</span> 
     </span>
     <span class='ocr_line' id='line_1_42' title="bbox 161 2722 387 2754; baseline 0.004 -7"><span class='ocrx_word' id='word_1_291' title='bbox 161 2730 186 2747; x_wconf 88' lang='lat' dir='ltr'>c.</span> <span class='ocrx_word' id='word_1_292' title='bbox 206 2722 266 2754; x_wconf 71' lang='grc'>304,</span> <span class='ocrx_word' id='word_1_293' title='bbox 285 2722 303 2748; x_wconf 83' lang='lat' dir='ltr'>f.</span> <span class='ocrx_word' id='word_1_294' title='bbox 322 2722 387 2752; x_wconf 59' lang='lat' dir='ltr'>sibv.)</span> 
     </span>
    </p>
   </div>
   <div class='ocr_carea' id='block_1_14' title="bbox 203 2824 1169 2862">
    <p class='ocr_par' dir='ltr' id='par_1_14' title="bbox 203 2824 1169 2862">
     <span class='ocr_line' id='line_1_43' title="bbox 203 2824 1169 2862; baseline 0.008 -12"><span class='ocrx_word' id='word_1_295' title='bbox 203 2835 215 2849; x_wconf 63' lang='grc' dir='ltr'>ι(</span> <span class='ocrx_word' id='word_1_296' title='bbox 232 2824 402 2860; x_wconf 65' lang='lat' dir='ltr'>Amaci-ico,</span> <span class='ocrx_word' id='word_1_297' title='bbox 421 2826 554 2862; x_wconf 73' lang='lat' dir='ltr'>episcopo</span> <span class='ocrx_word' id='word_1_298' title='bbox 572 2826 786 2855; x_wconf 50' lang='lat' dir='ltr'>lamoricmtsi&#39;.</span> <span class='ocrx_word' id='word_1_299' title='bbox 808 2827 876 2857; x_wconf 82' lang='lat' dir='ltr'>Tue</span> <span class='ocrx_word' id='word_1_300' title='bbox 894 2828 1011 2857; x_wconf 71' lang='lat' dir='ltr'>merita</span> <span class='ocrx_word' id='word_1_301' title='bbox 1029 2828 1169 2859; x_wconf 80' lang='lat' dir='ltr'>sinceri-</span> 
     </span>
    </p>
   </div>
   <div class='ocr_carea' id='block_1_15' title="bbox 1268 235 2282 752">
    <p class='ocr_par' dir='ltr' id='par_1_15' title="bbox 1268 235 2282 752">
     <span class='ocr_line' id='line_1_44' title="bbox 1273 235 2281 278; baseline 0.006 -13"><span class='ocrx_word' id='word_1_302' title='bbox 1273 235 1350 266; x_wconf 83' lang='lat' dir='ltr'>tatis</span> <span class='ocrx_word' id='word_1_303' title='bbox 1366 241 1546 274; x_wconf 87' lang='lat' dir='ltr'>exposcunt</span> <span class='ocrx_word' id='word_1_304' title='bbox 1560 242 1608 271; x_wconf 88' lang='lat' dir='ltr'>ut.</span> <span class='ocrx_word' id='word_1_305' title='bbox 1626 238 1662 268; x_wconf 89' lang='lat' dir='ltr'>in</span> <span class='ocrx_word' id='word_1_306' title='bbox 1676 237 1745 268; x_wconf 85' lang='lat' dir='ltr'>hiis</span> <span class='ocrx_word' id='word_1_307' title='bbox 1760 247 1825 278; x_wconf 89' lang='lat' dir='ltr'>qne</span> <span class='ocrx_word' id='word_1_308' title='bbox 1840 243 1979 278; x_wconf 87' lang='lat' dir='ltr'>possunt</span> <span class='ocrx_word' id='word_1_309' title='bbox 1997 238 2096 278; x_wconf 84' lang='lat' dir='ltr'>digne</span> <span class='ocrx_word' id='word_1_310' title='bbox 2115 240 2203 276; x_wconf 87' lang='lat' dir='ltr'>fieri,</span> <span class='ocrx_word' id='word_1_311' title='bbox 2221 249 2281 272; x_wconf 81' lang='lat' dir='ltr'>nos</span> 
     </span>
     <span class='ocr_line' id='line_1_45' title="bbox 1272 288 2282 332; baseline 0.007 -15"><span class='ocrx_word' id='word_1_312' title='bbox 1272 288 1331 318; x_wconf 91' lang='lat' dir='ltr'>tibi</span> <span class='ocrx_word' id='word_1_313' title='bbox 1354 288 1460 319; x_wconf 88' lang='lat' dir='ltr'>simus</span> <span class='ocrx_word' id='word_1_314' title='bbox 1479 294 1640 328; x_wconf 87' lang='lat' dir='ltr'>oportuno</span> <span class='ocrx_word' id='word_1_315' title='bbox 1665 294 1811 330; x_wconf 88' lang='lat' dir='ltr'>tempore</span> <span class='ocrx_word' id='word_1_316' title='bbox 1835 291 1984 330; x_wconf 83' lang='lat' dir='ltr'>gratiosi.</span> <span class='ocrx_word' id='word_1_317' title='bbox 2009 291 2097 322; x_wconf 88' lang='lat' dir='ltr'>Hinc</span> <span class='ocrx_word' id='word_1_318' title='bbox 2121 297 2170 323; x_wconf 88' lang='lat' dir='ltr'>est</span> <span class='ocrx_word' id='word_1_319' title='bbox 2193 293 2282 332; x_wconf 79' lang='lat' dir='ltr'>quod</span> 
     </span>
     <span class='ocr_line' id='line_1_46' title="bbox 1271 341 2281 383; baseline 0.005 -13"><span class='ocrx_word' id='word_1_320' title='bbox 1271 349 1331 370; x_wconf 90' lang='lat' dir='ltr'>nos</span> <span class='ocrx_word' id='word_1_321' title='bbox 1357 341 1424 371; x_wconf 90' lang='lat' dir='ltr'>tuis</span> <span class='ocrx_word' id='word_1_322' title='bbox 1453 341 1752 380; x_wconf 81' lang='lat' dir='ltr'>supplicationibus</span> <span class='ocrx_word' id='word_1_323' title='bbox 1785 343 1956 380; x_wconf 88' lang='lat' dir='ltr'>inclinati,</span> <span class='ocrx_word' id='word_1_324' title='bbox 1986 345 2193 383; x_wconf 89' lang='lat' dir='ltr'>presentium</span> <span class='ocrx_word' id='word_1_325' title='bbox 2219 345 2281 376; x_wconf 90' lang='lat' dir='ltr'>tihi</span> 
     </span>
     <span class='ocr_line' id='line_1_47' title="bbox 1271 394 2282 430; baseline 0.007 -7"><span class='ocrx_word' id='word_1_326' title='bbox 1271 394 1466 424; x_wconf 83' lang='lat' dir='ltr'>auctoritate</span> <span class='ocrx_word' id='word_1_327' title='bbox 1490 395 1702 426; x_wconf 83' lang='lat' dir='ltr'>concedimus</span> <span class='ocrx_word' id='word_1_328' title='bbox 1723 400 1760 426; x_wconf 90' lang='lat' dir='ltr'>ut</span> <span class='ocrx_word' id='word_1_329' title='bbox 1784 396 1848 426; x_wconf 88' lang='lat' dir='ltr'>tria</span> <span class='ocrx_word' id='word_1_330' title='bbox 1869 396 2032 427; x_wconf 85' lang='lat' dir='ltr'>beneficia</span> <span class='ocrx_word' id='word_1_331' title='bbox 2055 396 2282 430; x_wconf 81' lang='lat' dir='ltr'>ecclesiastica</span> 
     </span>
     <span class='ocr_line' id='line_1_48' title="bbox 1271 445 2281 484; baseline 0.006 -9"><span class='ocrx_word' id='word_1_332' title='bbox 1271 449 1324 475; x_wconf 75' lang='lat' dir='ltr'>tue</span> <span class='ocrx_word' id='word_1_333' title='bbox 1345 445 1490 477; x_wconf 86' lang='lat' dir='ltr'>civitatis</span> <span class='ocrx_word' id='word_1_334' title='bbox 1510 451 1542 477; x_wconf 90' lang='lat' dir='ltr'>et</span> <span class='ocrx_word' id='word_1_335' title='bbox 1563 447 1721 484; x_wconf 89' lang='lat' dir='ltr'>diocesis,</span> <span class='ocrx_word' id='word_1_336' title='bbox 1746 448 1846 479; x_wconf 88' lang='lat' dir='ltr'>etiam</span> <span class='ocrx_word' id='word_1_337' title='bbox 1870 458 1984 479; x_wconf 88' lang='lat' dir='ltr'>curam</span> <span class='ocrx_word' id='word_1_338' title='bbox 2008 449 2195 480; x_wconf 88' lang='lat' dir='ltr'>animarum</span> <span class='ocrx_word' id='word_1_339' title='bbox 2219 450 2281 482; x_wconf 83' lang='lat' dir='ltr'>ha-</span> 
     </span>
     <span class='ocr_line' id='line_1_49' title="bbox 1270 486 2281 540; baseline 0.007 -13"><span class='ocrx_word' id='word_1_340' title='bbox 1270 486 1397 534; x_wconf 85' lang='lat' dir='ltr'>bentia,</span> <span class='ocrx_word' id='word_1_341' title='bbox 1419 508 1560 538; x_wconf 85' lang='lat' dir='ltr'>quorum</span> <span class='ocrx_word' id='word_1_342' title='bbox 1581 499 1714 531; x_wconf 85' lang='lat' dir='ltr'>collatio</span> <span class='ocrx_word' id='word_1_343' title='bbox 1733 505 1866 540; x_wconf 85' lang='lat' dir='ltr'>propter</span> <span class='ocrx_word' id='word_1_344' title='bbox 1887 501 2093 532; x_wconf 82' lang='lat' dir='ltr'>vacationem</span> <span class='ocrx_word' id='word_1_345' title='bbox 2115 502 2281 534; x_wconf 83' lang='lat' dir='ltr'>diutinam</span> 
     </span>
     <span class='ocr_line' id='line_1_50' title="bbox 1270 551 2280 593; baseline 0.005 -12"><span class='ocrx_word' id='word_1_346' title='bbox 1270 551 1310 581; x_wconf 89' lang='lat' dir='ltr'>ad</span> <span class='ocrx_word' id='word_1_347' title='bbox 1326 552 1444 582; x_wconf 83' lang='lat' dir='ltr'>Scdem</span> <span class='ocrx_word' id='word_1_348' title='bbox 1458 552 1672 591; x_wconf 84' lang='lat' dir='ltr'>apostolicam</span> <span class='ocrx_word' id='word_1_349' title='bbox 1682 554 1775 593; x_wconf 82' lang='lat' dir='ltr'>juxta</span> <span class='ocrx_word' id='word_1_350' title='bbox 1788 554 1978 584; x_wconf 85' lang='lat' dir='ltr'>sanctiones</span> <span class='ocrx_word' id='word_1_351' title='bbox 1991 555 2168 586; x_wconf 83' lang='lat' dir='ltr'>canonicas</span> <span class='ocrx_word' id='word_1_352' title='bbox 2180 555 2280 587; x_wconf 88' lang='lat' dir='ltr'>devo-</span> 
     </span>
     <span class='ocr_line' id='line_1_51' title="bbox 1269 604 2279 648; baseline 0.006 -15"><span class='ocrx_word' id='word_1_353' title='bbox 1269 604 1349 640; x_wconf 83' lang='lat' dir='ltr'>luta,</span> <span class='ocrx_word' id='word_1_354' title='bbox 1367 605 1474 635; x_wconf 86' lang='lat' dir='ltr'>tribus</span> <span class='ocrx_word' id='word_1_355' title='bbox 1490 606 1618 636; x_wconf 78' lang='lat' dir='ltr'>idoneis</span> <span class='ocrx_word' id='word_1_356' title='bbox 1634 606 1765 636; x_wconf 84' lang='lat' dir='ltr'>clericis</span> <span class='ocrx_word' id='word_1_357' title='bbox 1781 607 1816 636; x_wconf 88' lang='lat' dir='ltr'>in</span> <span class='ocrx_word' id='word_1_358' title='bbox 1836 607 1884 638; x_wconf 90' lang='lat' dir='ltr'>eis</span> <span class='ocrx_word' id='word_1_359' title='bbox 1900 607 2046 638; x_wconf 86' lang='lat' dir='ltr'>residere</span> <span class='ocrx_word' id='word_1_360' title='bbox 2062 608 2187 646; x_wconf 85' lang='lat' dir='ltr'>paratis</span> <span class='ocrx_word' id='word_1_361' title='bbox 2202 617 2279 648; x_wconf 86' lang='lat' dir='ltr'>pos-</span> 
     </span>
     <span class='ocr_line' id='line_1_52' title="bbox 1269 657 2279 692; baseline 0.005 -5"><span class='ocrx_word' id='word_1_362' title='bbox 1269 658 1316 688; x_wconf 86' lang='lat' dir='ltr'>sis</span> <span class='ocrx_word' id='word_1_363' title='bbox 1332 657 1393 687; x_wconf 84' lang='lat' dir='ltr'>hac</span> <span class='ocrx_word' id='word_1_364' title='bbox 1409 658 1479 688; x_wconf 82' lang='lat' dir='ltr'>vice</span> <span class='ocrx_word' id='word_1_365' title='bbox 1496 660 1658 690; x_wconf 84' lang='lat' dir='ltr'>conferre.</span> <span class='ocrx_word' id='word_1_366' title='bbox 1675 659 1942 690; x_wconf 86' lang='lat' dir='ltr'>Contradictores</span> <span class='ocrx_word' id='word_1_367' title='bbox 1958 664 2019 690; x_wconf 87' lang='lat' dir='ltr'>etc.</span> <span class='ocrx_word' id='word_1_368' title='bbox 2037 661 2110 690; x_wconf 90' lang='lat' dir='ltr'>Non</span> <span class='ocrx_word' id='word_1_369' title='bbox 2126 661 2279 692; x_wconf 79' lang='lat' dir='ltr'>obstante</span> 
     </span>
     <span class='ocr_line' id='line_1_53' title="bbox 1268 711 2164 752; baseline 0 -12"><span class='ocrx_word' id='word_1_370' title='bbox 1268 729 1317 740; x_wconf 88' lang='lat'>—-.</span> <span class='ocrx_word' id='word_1_371' title='bbox 1335 712 1408 741; x_wconf 82' lang='lat' dir='ltr'>Dat.</span> <span class='ocrx_word' id='word_1_372' title='bbox 1425 711 1576 750; x_wconf 79' lang='lat' dir='ltr'>Neapoli,</span> <span class='ocrx_word' id='word_1_373' title='bbox 1590 713 1638 742; x_wconf 95' lang='lat' dir='ltr'>III</span> <span class='ocrx_word' id='word_1_374' title='bbox 1652 720 1757 742; x_wconf 88' lang='lat' dir='ltr'>nonas</span> <span class='ocrx_word' id='word_1_375' title='bbox 1773 712 1896 747; x_wconf 84' lang='lat' dir='ltr'>martii,</span> <span class='ocrx_word' id='word_1_376' title='bbox 1911 721 1999 743; x_wconf 84' lang='lat' dir='ltr'>anno</span> <span class='ocrx_word' id='word_1_377' title='bbox 2012 713 2130 752; x_wconf 84' lang='lat' dir='ltr'>primo.</span> <span class='ocrx_word' id='word_1_378' title='bbox 2150 725 2164 740; x_wconf 66' lang='lat' dir='ltr'>n</span> 
     </span>
    </p>
   </div>
   <div class='ocr_carea' id='block_1_16' title="bbox 1340 896 2207 933">
    <p class='ocr_par' dir='ltr' id='par_1_16' title="bbox 1340 896 2207 933">
     <span class='ocr_line' id='line_1_54' title="bbox 1340 896 2207 933; baseline 0.002 -9"><span class='ocrx_word' id='word_1_379' title='bbox 1340 896 1428 928; x_wconf 71' lang='lat'>366</span> <span class='ocrx_word' id='word_1_380' title='bbox 1849 897 1968 933; x_wconf 85' lang='lat' dir='ltr'>Naples,</span> <span class='ocrx_word' id='word_1_381' title='bbox 1988 899 2013 924; x_wconf 85' lang='grc' dir='ltr'>Η</span> <span class='ocrx_word' id='word_1_382' title='bbox 2035 906 2112 925; x_wconf 83' lang='lat' dir='ltr'>mars</span> <span class='ocrx_word' id='word_1_383' title='bbox 2130 898 2207 926; x_wconf 72' lang='lat'><strong>¹255.</strong></span> 
     </span>
    </p>
   </div>
   <div class='ocr_carea' id='block_1_17' title="bbox 1270 958 2281 1091">
    <p class='ocr_par' dir='ltr' id='par_1_17' title="bbox 1270 958 2281 1091">
     <span class='ocr_line' id='line_1_55' title="bbox 1305 958 2280 994; baseline 0.003 -10"><span class='ocrx_word' id='word_1_384' title='bbox 1305 958 1420 985; x_wconf 84' lang='lat' dir='ltr'>Eidem·</span> <span class='ocrx_word' id='word_1_385' title='bbox 1439 959 1601 985; x_wconf 77' lang='lat' dir='ltr'>facultatem</span> <span class='ocrx_word' id='word_1_386' title='bbox 1633 959 1764 985; x_wconf 89' lang='lat' dir='ltr'>coneedit</span> <span class='ocrx_word' id='word_1_387' title='bbox 1793 959 1989 986; x_wconf 84' lang='lat' dir='ltr'>commutandi</span> <span class='ocrx_word' id='word_1_388' title='bbox 2017 963 2140 994; x_wconf 81' lang='lat' dir='ltr'>quatuor</span> <span class='ocrx_word' id='word_1_389' title='bbox 2166 960 2280 988; x_wconf 76' lang='lat' dir='ltr'>clericis</span> 
     </span>
     <span class='ocr_line' id='line_1_56' title="bbox 1270 1008 2281 1044; baseline 0.003 -10"><span class='ocrx_word' id='word_1_390' title='bbox 1270 1009 1333 1035; x_wconf 86' lang='lat' dir='ltr'>suis</span> <span class='ocrx_word' id='word_1_391' title='bbox 1356 1009 1427 1034; x_wconf 73' lang='lat' dir='ltr'>bone</span> <span class='ocrx_word' id='word_1_392' title='bbox 1444 1008 1622 1035; x_wconf 85' lang='lat' dir='ltr'>merentibus</span> <span class='ocrx_word' id='word_1_393' title='bbox 1639 1008 1775 1035; x_wconf 70' lang='lat' dir='ltr'>beneficia</span> <span class='ocrx_word' id='word_1_394' title='bbox 1791 1017 1864 1043; x_wconf 78' lang='lat' dir='ltr'>quac</span> <span class='ocrx_word' id='word_1_395' title='bbox 1880 1016 1914 1035; x_wconf 91' lang='lat' dir='ltr'>ex</span> <span class='ocrx_word' id='word_1_396' title='bbox 1930 1009 2147 1043; x_wconf 77' lang='lat' dir='ltr'>dispensatione</span> <span class='ocrx_word' id='word_1_397' title='bbox 2161 1013 2281 1044; x_wconf 79' lang='lat' dir='ltr'>aposto-</span> 
     </span>
     <span class='ocr_line' id='line_1_57' title="bbox 1271 1057 2244 1091; baseline 0.002 -7"><span class='ocrx_word' id='word_1_398' title='bbox 1271 1059 1324 1084; x_wconf 83' lang='lat' dir='ltr'>lica</span> <span class='ocrx_word' id='word_1_399' title='bbox 1341 1058 1482 1090; x_wconf 80' lang='lat' dir='ltr'>obtinent,</span> <span class='ocrx_word' id='word_1_400' title='bbox 1501 1058 1527 1084; x_wconf 88' lang='lat' dir='ltr'>in</span> <span class='ocrx_word' id='word_1_401' title='bbox 1542 1058 1595 1084; x_wconf 83' lang='lat' dir='ltr'>alia</span> <span class='ocrx_word' id='word_1_402' title='bbox 1612 1065 1682 1083; x_wconf 83' lang='lat' dir='ltr'>suae</span> <span class='ocrx_word' id='word_1_403' title='bbox 1698 1057 1833 1084; x_wconf 88' lang='lat' dir='ltr'>diocesis.</span> <span class='ocrx_word' id='word_1_404' title='bbox 1852 1057 1935 1090; x_wconf 77' lang='lat' dir='ltr'>(Rso.</span> <span class='ocrx_word' id='word_1_405' title='bbox 1953 1057 1997 1089; x_wconf 63' lang='lat' dir='ltr'>et,</span> <span class='ocrx_word' id='word_1_406' title='bbox 2014 1066 2040 1085; x_wconf 87' lang='lat' dir='ltr'>c.</span> <span class='ocrx_word' id='word_1_407' title='bbox 2059 1057 2120 1089; x_wconf 83' lang='lat'>305.</span> <span class='ocrx_word' id='word_1_408' title='bbox 2138 1058 2157 1085; x_wconf 81' lang='lat' dir='ltr'>f.</span> <span class='ocrx_word' id='word_1_409' title='bbox 2174 1059 2244 1091; x_wconf 70' lang='lat'>45¹.)</span> 
     </span>
    </p>
   </div>
   <div class='ocr_carea' id='block_1_18' title="bbox 1265 1166 2279 1734">
    <p class='ocr_par' dir='ltr' id='par_1_18' title="bbox 1265 1166 2279 1734">
     <span class='ocr_line' id='line_1_58' title="bbox 1310 1166 2278 1205; baseline 0.004 -12"><span class='ocrx_word' id='word_1_410' title='bbox 1310 1179 1322 1192; x_wconf 85' lang='lat'>«</span> <span class='ocrx_word' id='word_1_411' title='bbox 1341 1166 1456 1195; x_wconf 77' lang='lat' dir='ltr'>Eidem.</span> <span class='ocrx_word' id='word_1_412' title='bbox 1475 1166 1667 1196; x_wconf 82' lang='lat' dir='ltr'>Devotionis</span> <span class='ocrx_word' id='word_1_413' title='bbox 1688 1170 1742 1196; x_wconf 86' lang='lat' dir='ltr'>tue</span> <span class='ocrx_word' id='word_1_414' title='bbox 1763 1166 1899 1204; x_wconf 85' lang='lat' dir='ltr'>probata</span> <span class='ocrx_word' id='word_1_415' title='bbox 1921 1166 2096 1196; x_wconf 86' lang='lat' dir='ltr'>sinceritas</span> <span class='ocrx_word' id='word_1_416' title='bbox 2112 1166 2199 1205; x_wconf 89' lang='lat' dir='ltr'>apud</span> <span class='ocrx_word' id='word_1_417' title='bbox 2218 1174 2278 1197; x_wconf 88' lang='lat' dir='ltr'>nos</span> 
     </span>
     <span class='ocr_line' id='line_1_59' title="bbox 1267 1219 2278 1258; baseline 0.001 -9"><span class='ocrx_word' id='word_1_418' title='bbox 1267 1224 1297 1249; x_wconf 84' lang='lat' dir='ltr'>ct</span> <span class='ocrx_word' id='word_1_419' title='bbox 1321 1219 1534 1257; x_wconf 83' lang='lat' dir='ltr'>apostolicam</span> <span class='ocrx_word' id='word_1_420' title='bbox 1558 1219 1677 1249; x_wconf 81' lang='lat' dir='ltr'>Scdem</span> <span class='ocrx_word' id='word_1_421' title='bbox 1708 1223 1853 1249; x_wconf 85' lang='lat' dir='ltr'>meretur</span> <span class='ocrx_word' id='word_1_422' title='bbox 1875 1219 2008 1250; x_wconf 86' lang='lat' dir='ltr'>assidue</span> <span class='ocrx_word' id='word_1_423' title='bbox 2037 1223 2073 1250; x_wconf 90' lang='lat' dir='ltr'>ut</span> <span class='ocrx_word' id='word_1_424' title='bbox 2102 1228 2278 1258; x_wconf 87' lang='lat' dir='ltr'>personam</span> 
     </span>
     <span class='ocr_line' id='line_1_60' title="bbox 1268 1271 2278 1310; baseline 0 -8"><span class='ocrx_word' id='word_1_425' title='bbox 1268 1277 1356 1302; x_wconf 85' lang='lat' dir='ltr'>tuam</span> <span class='ocrx_word' id='word_1_426' title='bbox 1374 1271 1509 1310; x_wconf 79' lang='lat' dir='ltr'>speciali</span> <span class='ocrx_word' id='word_1_427' title='bbox 1531 1280 1771 1310; x_wconf 78' lang='lat' dir='ltr'>prosequamur</span> <span class='ocrx_word' id='word_1_428' title='bbox 1788 1272 1894 1309; x_wconf 78' lang='lat' dir='ltr'>gratia</span> <span class='ocrx_word' id='word_1_429' title='bbox 1911 1276 1941 1302; x_wconf 87' lang='lat' dir='ltr'>et</span> <span class='ocrx_word' id='word_1_430' title='bbox 1964 1272 2100 1303; x_wconf 89' lang='lat' dir='ltr'>honore.</span> <span class='ocrx_word' id='word_1_431' title='bbox 2121 1272 2210 1303; x_wconf 88' lang='lat' dir='ltr'>Hinc</span> <span class='ocrx_word' id='word_1_432' title='bbox 2227 1277 2278 1304; x_wconf 84' lang='lat' dir='ltr'>est</span> 
     </span>
     <span class='ocr_line' id='line_1_61' title="bbox 1266 1324 2278 1363; baseline 0.001 -9"><span class='ocrx_word' id='word_1_433' title='bbox 1266 1324 1353 1363; x_wconf 79' lang='lat' dir='ltr'>quod</span> <span class='ocrx_word' id='word_1_434' title='bbox 1369 1334 1428 1354; x_wconf 87' lang='lat' dir='ltr'>nos</span> <span class='ocrx_word' id='word_1_435' title='bbox 1446 1324 1511 1354; x_wconf 88' lang='lat' dir='ltr'>tuis</span> <span class='ocrx_word' id='word_1_436' title='bbox 1528 1324 1827 1363; x_wconf 81' lang='lat' dir='ltr'>supplicationibus</span> <span class='ocrx_word' id='word_1_437' title='bbox 1844 1324 2012 1361; x_wconf 85' lang='lat' dir='ltr'>inclinati,</span> <span class='ocrx_word' id='word_1_438' title='bbox 2032 1329 2069 1355; x_wconf 88' lang='lat' dir='ltr'>ut</span> <span class='ocrx_word' id='word_1_439' title='bbox 2084 1326 2177 1356; x_wconf 74' lang='lat'>1111⁰=</span> <span class='ocrx_word' id='word_1_440' title='bbox 2192 1325 2278 1355; x_wconf 85' lang='lat' dir='ltr'>dun-</span> 
     </span>
     <span class='ocr_line' id='line_1_62' title="bbox 1266 1376 2279 1415; baseline 0.001 -8"><span class='ocrx_word' id='word_1_441' title='bbox 1266 1381 1353 1407; x_wconf 76' lang='lat' dir='ltr'>taxat</span> <span class='ocrx_word' id='word_1_442' title='bbox 1370 1377 1500 1407; x_wconf 84' lang='lat' dir='ltr'>clericis</span> <span class='ocrx_word' id='word_1_443' title='bbox 1517 1377 1594 1412; x_wconf 76' lang='lat' dir='ltr'>tuis,</span> <span class='ocrx_word' id='word_1_444' title='bbox 1612 1376 1734 1415; x_wconf 83' lang='lat' dir='ltr'>quibus</span> <span class='ocrx_word' id='word_1_445' title='bbox 1753 1376 1793 1406; x_wconf 84' lang='lat' dir='ltr'>ad</span> <span class='ocrx_word' id='word_1_446' title='bbox 1809 1377 1870 1407; x_wconf 88' lang='lat' dir='ltr'>hoc</span> <span class='ocrx_word' id='word_1_447' title='bbox 1887 1386 2014 1407; x_wconf 86' lang='lat' dir='ltr'>morum</span> <span class='ocrx_word' id='word_1_448' title='bbox 2031 1381 2063 1408; x_wconf 88' lang='lat' dir='ltr'>et</span> <span class='ocrx_word' id='word_1_449' title='bbox 2077 1377 2144 1408; x_wconf 88' lang='lat' dir='ltr'>vite</span> <span class='ocrx_word' id='word_1_450' title='bbox 2159 1377 2279 1408; x_wconf 85' lang='lat' dir='ltr'>merita</span> 
     </span>
     <span class='ocr_line' id='line_1_63' title="bbox 1265 1429 2278 1470; baseline 0 -9"><span class='ocrx_word' id='word_1_451' title='bbox 1265 1430 1441 1468; x_wconf 75' lang='lat' dir='ltr'>suffragari</span> <span class='ocrx_word' id='word_1_452' title='bbox 1456 1429 1596 1463; x_wconf 81' lang='lat' dir='ltr'>videbis,</span> <span class='ocrx_word' id='word_1_453' title='bbox 1611 1429 1773 1460; x_wconf 76' lang='lat' dir='ltr'>beneficia</span> <span class='ocrx_word' id='word_1_454' title='bbox 1789 1438 1852 1469; x_wconf 82' lang='lat' dir='ltr'>qne</span> <span class='ocrx_word' id='word_1_455' title='bbox 1869 1438 1906 1460; x_wconf 81' lang='lat' dir='ltr'>ex</span> <span class='ocrx_word' id='word_1_456' title='bbox 1922 1430 2170 1468; x_wconf 82' lang='lat' dir='ltr'>dispensatione</span> <span class='ocrx_word' id='word_1_457' title='bbox 2186 1439 2278 1470; x_wconf 88' lang='lat' dir='ltr'>apos-</span> 
     </span>
     <span class='ocr_line' id='line_1_64' title="bbox 1266 1483 2278 1519; baseline 0 -5"><span class='ocrx_word' id='word_1_458' title='bbox 1266 1484 1361 1514; x_wconf 84' lang='lat' dir='ltr'>tolica</span> <span class='ocrx_word' id='word_1_459' title='bbox 1378 1484 1540 1519; x_wconf 74' lang='lat' dir='ltr'>obtinent,</span> <span class='ocrx_word' id='word_1_460' title='bbox 1565 1483 1598 1512; x_wconf 88' lang='lat' dir='ltr'>in</span> <span class='ocrx_word' id='word_1_461' title='bbox 1617 1483 1682 1513; x_wconf 85' lang='lat' dir='ltr'>alia</span> <span class='ocrx_word' id='word_1_462' title='bbox 1703 1487 1757 1513; x_wconf 82' lang='lat' dir='ltr'>tue</span> <span class='ocrx_word' id='word_1_463' title='bbox 1773 1483 1919 1513; x_wconf 86' lang='lat' dir='ltr'>civitatis</span> <span class='ocrx_word' id='word_1_464' title='bbox 1938 1492 1996 1514; x_wconf 83' lang='lat' dir='ltr'>seu</span> <span class='ocrx_word' id='word_1_465' title='bbox 2014 1483 2168 1519; x_wconf 65' lang='lat' dir='ltr'>diocesis,</span> <span class='ocrx_word' id='word_1_466' title='bbox 2193 1483 2221 1514; x_wconf 89' lang='lat' dir='ltr'>si</span> <span class='ocrx_word' id='word_1_467' title='bbox 2237 1483 2278 1514; x_wconf 88' lang='lat' dir='ltr'>ad</span> 
     </span>
     <span class='ocr_line' id='line_1_65' title="bbox 1265 1536 2278 1575; baseline 0 -9"><span class='ocrx_word' id='word_1_468' title='bbox 1265 1541 1354 1567; x_wconf 78' lang='lat' dir='ltr'>tuam</span> <span class='ocrx_word' id='word_1_469' title='bbox 1371 1536 1581 1573; x_wconf 85' lang='lat' dir='ltr'>collationem</span> <span class='ocrx_word' id='word_1_470' title='bbox 1598 1540 1757 1575; x_wconf 79' lang='lat' dir='ltr'>spectant,</span> <span class='ocrx_word' id='word_1_471' title='bbox 1775 1541 1976 1566; x_wconf 86' lang='lat' dir='ltr'>commutare</span> <span class='ocrx_word' id='word_1_472' title='bbox 1994 1536 2120 1572; x_wconf 85' lang='lat' dir='ltr'>valeas,</span> <span class='ocrx_word' id='word_1_473' title='bbox 2143 1536 2278 1575; x_wconf 86' lang='lat' dir='ltr'>dispen-</span> 
     </span>
     <span class='ocr_line' id='line_1_66' title="bbox 1265 1589 2279 1629; baseline -0.001 -9"><span class='ocrx_word' id='word_1_474' title='bbox 1265 1591 1392 1621; x_wconf 83' lang='lat' dir='ltr'>satione</span> <span class='ocrx_word' id='word_1_475' title='bbox 1415 1590 1607 1629; x_wconf 87' lang='lat' dir='ltr'>hujusmodi</span> <span class='ocrx_word' id='word_1_476' title='bbox 1631 1590 1665 1619; x_wconf 89' lang='lat' dir='ltr'>in</span> <span class='ocrx_word' id='word_1_477' title='bbox 1691 1599 1750 1620; x_wconf 91' lang='lat' dir='ltr'>suo</span> <span class='ocrx_word' id='word_1_478' title='bbox 1775 1589 2015 1620; x_wconf 88' lang='lat' dir='ltr'>nichilominus</span> <span class='ocrx_word' id='word_1_479' title='bbox 2042 1590 2158 1620; x_wconf 87' lang='lat' dir='ltr'>robore</span> <span class='ocrx_word' id='word_1_480' title='bbox 2178 1589 2279 1620; x_wconf 88' lang='lat' dir='ltr'>dura-</span> 
     </span>
     <span class='ocr_line' id='line_1_67' title="bbox 1266 1642 2278 1682; baseline -0.001 -9"><span class='ocrx_word' id='word_1_481' title='bbox 1266 1649 1354 1679; x_wconf 72' lang='lat' dir='ltr'>tura,</span> <span class='ocrx_word' id='word_1_482' title='bbox 1379 1643 1437 1673; x_wconf 86' lang='lat' dir='ltr'>tibi</span> <span class='ocrx_word' id='word_1_483' title='bbox 1459 1644 1653 1673; x_wconf 76' lang='lat' dir='ltr'>auctoritate</span> <span class='ocrx_word' id='word_1_484' title='bbox 1678 1643 1884 1682; x_wconf 84' lang='lat' dir='ltr'>presentium</span> <span class='ocrx_word' id='word_1_485' title='bbox 1903 1643 2114 1674; x_wconf 84' lang='lat' dir='ltr'>concedimus</span> <span class='ocrx_word' id='word_1_486' title='bbox 2137 1642 2278 1673; x_wconf 82' lang='lat' dir='ltr'>faculta-</span> 
     </span>
     <span class='ocr_line' id='line_1_68' title="bbox 1265 1696 2148 1734; baseline -0.001 -9"><span class='ocrx_word' id='word_1_487' title='bbox 1265 1701 1342 1727; x_wconf 67' lang='lat' dir='ltr'>tem.</span> <span class='ocrx_word' id='word_1_488' title='bbox 1358 1698 1430 1726; x_wconf 89' lang='lat' dir='ltr'>Dat.</span> <span class='ocrx_word' id='word_1_489' title='bbox 1450 1696 1599 1734; x_wconf 79' lang='lat' dir='ltr'>Neapoli,</span> <span class='ocrx_word' id='word_1_490' title='bbox 1614 1697 1643 1726; x_wconf 72' lang='lat' dir='ltr'>V</span> <span class='ocrx_word' id='word_1_491' title='bbox 1658 1696 1733 1725; x_wconf 88' lang='lat' dir='ltr'>idus</span> <span class='ocrx_word' id='word_1_492' title='bbox 1751 1696 1874 1730; x_wconf 82' lang='lat' dir='ltr'>martii,</span> <span class='ocrx_word' id='word_1_493' title='bbox 1893 1705 1980 1726; x_wconf 88' lang='lat' dir='ltr'>anno</span> <span class='ocrx_word' id='word_1_494' title='bbox 1997 1696 2115 1734; x_wconf 88' lang='lat' dir='ltr'>primo.</span> <span class='ocrx_word' id='word_1_495' title='bbox 2136 1708 2148 1722; x_wconf 90' lang='lat'>»</span> 
     </span>
    </p>
   </div>
   <div class='ocr_carea' id='block_1_19' title="bbox 1264 1880 2276 2075">
    <p class='ocr_par' dir='ltr' id='par_1_19' title="bbox 1337 1880 2200 1914">
     <span class='ocr_line' id='line_1_69' title="bbox 1337 1880 2200 1914; baseline -0.003 -5"><span class='ocrx_word' id='word_1_496' title='bbox 1337 1882 1420 1909; x_wconf 56' lang='lat'>313⁸?</span> <span class='ocrx_word' id='word_1_497' title='bbox 1850 1880 1968 1914; x_wconf 62' lang='lat' dir='ltr'>Names,</span> <span class='ocrx_word' id='word_1_498' title='bbox 1988 1881 2018 1906; x_wconf 54' lang='lat' dir='ltr'>*lo</span> <span class='ocrx_word' id='word_1_499' title='bbox 2034 1880 2103 1906; x_wconf 83' lang='lat' dir='ltr'>avril</span> <span class='ocrx_word' id='word_1_500' title='bbox 2124 1880 2200 1906; x_wconf 64' lang='lat'>1255.</span> 
     </span>
    </p>

    <p class='ocr_par' dir='ltr' id='par_1_20' title="bbox 1264 1941 2276 2075">
     <span class='ocr_line' id='line_1_70' title="bbox 1301 1941 2273 1976; baseline -0.002 -6"><span class='ocrx_word' id='word_1_501' title='bbox 1301 1943 1400 1970; x_wconf 77' lang='lat' dir='ltr'>Eidem</span> <span class='ocrx_word' id='word_1_502' title='bbox 1420 1944 1542 1969; x_wconf 84' lang='lat' dir='ltr'>officinm</span> <span class='ocrx_word' id='word_1_503' title='bbox 1563 1943 1736 1969; x_wconf 78' lang='lat' dir='ltr'>visitationis</span> <span class='ocrx_word' id='word_1_504' title='bbox 1753 1943 1779 1968; x_wconf 90' lang='lat' dir='ltr'>in</span> <span class='ocrx_word' id='word_1_505' title='bbox 1799 1943 1973 1968; x_wconf 49' lang='lat' dir='ltr'>monasterio</span> <span class='ocrx_word' id='word_1_506' title='bbox 1991 1941 2147 1968; x_wconf 76' lang='lat' dir='ltr'>Beneventi</span> <span class='ocrx_word' id='word_1_507' title='bbox 2164 1941 2273 1976; x_wconf 78' lang='lat' dir='ltr'>perfec-</span> 
     </span>
     <span class='ocr_line' id='line_1_71' title="bbox 1267 1990 2276 2027; baseline -0.002 -8"><span class='ocrx_word' id='word_1_508' title='bbox 1267 1997 1326 2019; x_wconf 81' lang='lat' dir='ltr'>tum</span> <span class='ocrx_word' id='word_1_509' title='bbox 1349 1994 1502 2027; x_wconf 69' lang='lat' dir='ltr'>nequeunti</span> <span class='ocrx_word' id='word_1_510' title='bbox 1521 1993 1696 2027; x_wconf 63' lang='lat' dir='ltr'>invpondcrc,</span> <span class='ocrx_word' id='word_1_511' title='bbox 1708 1992 1810 2017; x_wconf 63' lang='lat' dir='ltr'>abbate</span> <span class='ocrx_word' id='word_1_512' title='bbox 1826 1990 1860 2017; x_wconf 86' lang='lat' dir='ltr'>G.</span> <span class='ocrx_word' id='word_1_513' title='bbox 1881 1996 1948 2017; x_wconf 89' lang='lat' dir='ltr'>tunc</span> <span class='ocrx_word' id='word_1_514' title='bbox 1966 1991 2092 2025; x_wconf 77' lang='lat' dir='ltr'>regimen</span> <span class='ocrx_word' id='word_1_515' title='bbox 2110 1991 2276 2017; x_wconf 78' lang='lat' dir='ltr'>monasterii</span> 
     </span>
     <span class='ocr_line' id='line_1_72' title="bbox 1264 2040 2274 2075; baseline -0.003 -7"><span class='ocrx_word' id='word_1_516' title='bbox 1264 2043 1395 2075; x_wconf 66' lang='lat' dir='ltr'>cudente,</span> <span class='ocrx_word' id='word_1_517' title='bbox 1409 2042 1540 2068; x_wconf 61' lang='lat' dir='ltr'>concedit</span> <span class='ocrx_word' id='word_1_518' title='bbox 1558 2048 1585 2067; x_wconf 87' lang='lat' dir='ltr'>ut</span> <span class='ocrx_word' id='word_1_519' title='bbox 1603 2041 1725 2066; x_wconf 72' lang='lat' dir='ltr'>officium</span> <span class='ocrx_word' id='word_1_520' title='bbox 1743 2040 1836 2073; x_wconf 84' lang='lat' dir='ltr'>ipsum</span> <span class='ocrx_word' id='word_1_521' title='bbox 1855 2040 1958 2066; x_wconf 80' lang='lat' dir='ltr'>ibidem</span> <span class='ocrx_word' id='word_1_522' title='bbox 1975 2040 2008 2065; x_wconf 88' lang='lat' dir='ltr'>ad</span> <span class='ocrx_word' id='word_1_523' title='bbox 2025 2040 2152 2066; x_wconf 77' lang='lat' dir='ltr'>debitum</span> <span class='ocrx_word' id='word_1_524' title='bbox 2171 2040 2274 2074; x_wconf 83' lang='lat' dir='ltr'>perdu-</span> 
     </span>
    </p>
   </div>
   <div class='ocr_carea' id='block_1_20' title="bbox 1264 2088 1878 2122">
    <p class='ocr_par' dir='ltr' id='par_1_21' title="bbox 1264 2088 1878 2122">
     <span class='ocr_line' id='line_1_73' title="bbox 1264 2088 1878 2122; baseline -0.005 -6"><span class='ocrx_word' id='word_1_525' title='bbox 1264 2095 1309 2117; x_wconf 78' lang='lat' dir='ltr'>cat</span> <span class='ocrx_word' id='word_1_526' title='bbox 1325 2091 1469 2116; x_wconf 80' lang='lat' dir='ltr'>ellectum.</span> <span class='ocrx_word' id='word_1_527' title='bbox 1492 2090 1573 2122; x_wconf 67' lang='lat' dir='ltr'>(tito.</span> <span class='ocrx_word' id='word_1_528' title='bbox 1592 2091 1632 2119; x_wconf 64' lang='lat' dir='ltr'>‘J-i,</span> <span class='ocrx_word' id='word_1_529' title='bbox 1651 2098 1675 2116; x_wconf 87' lang='lat' dir='ltr'>c.</span> <span class='ocrx_word' id='word_1_530' title='bbox 1694 2088 1755 2117; x_wconf 74' lang='lat'>306,</span> <span class='ocrx_word' id='word_1_531' title='bbox 1775 2088 1792 2114; x_wconf 82' lang='lat' dir='ltr'>i.</span> <span class='ocrx_word' id='word_1_532' title='bbox 1813 2089 1878 2121; x_wconf 48' lang='grc' dir='ltr'>ἰῶν.)</span> 
     </span>
    </p>
   </div>
   <div class='ocr_carea' id='block_1_21' title="bbox 1252 2196 2287 2869">
    <p class='ocr_par' dir='ltr' id='par_1_22' title="bbox 1252 2196 2287 2869">
     <span class='ocr_line' id='line_1_74' title="bbox 1304 2196 2273 2236; baseline -0.001 -9"><span class='ocrx_word' id='word_1_533' title='bbox 1304 2211 1316 2225; x_wconf 72' lang='grc' dir='ltr'>ι(</span> <span class='ocrx_word' id='word_1_534' title='bbox 1343 2222 1375 2234; x_wconf 87' lang='lat'>..,</span> <span class='ocrx_word' id='word_1_535' title='bbox 1406 2200 1539 2236; x_wconf 72' lang='lat' dir='ltr'>episeopo</span> <span class='ocrx_word' id='word_1_536' title='bbox 1562 2200 1775 2228; x_wconf 60' lang='lat' dir='ltr'>Lemonia-ensi.</span> <span class='ocrx_word' id='word_1_537' title='bbox 1804 2199 1847 2228; x_wconf 88' lang='lat' dir='ltr'>Ex</span> <span class='ocrx_word' id='word_1_538' title='bbox 1879 2202 1991 2228; x_wconf 84' lang='lat' dir='ltr'>tenore</span> <span class='ocrx_word' id='word_1_539' title='bbox 2021 2201 2075 2227; x_wconf 85' lang='lat' dir='ltr'>tue</span> <span class='ocrx_word' id='word_1_540' title='bbox 2100 2196 2273 2235; x_wconf 83' lang='lat' dir='ltr'>petitionis</span> 
     </span>
     <span class='ocr_line' id='line_1_75' title="bbox 1261 2249 2272 2290; baseline -0.002 -9"><span class='ocrx_word' id='word_1_541' title='bbox 1261 2252 1448 2290; x_wconf 75' lang='lat' dir='ltr'>accepimus</span> <span class='ocrx_word' id='word_1_542' title='bbox 1471 2251 1572 2290; x_wconf 81' lang='lat' dir='ltr'>quod,</span> <span class='ocrx_word' id='word_1_543' title='bbox 1597 2260 1670 2281; x_wconf 88' lang='lat' dir='ltr'>cum</span> <span class='ocrx_word' id='word_1_544' title='bbox 1692 2257 1725 2281; x_wconf 83' lang='lat' dir='ltr'>tu</span> <span class='ocrx_word' id='word_1_545' title='bbox 1746 2251 1825 2281; x_wconf 90' lang='lat' dir='ltr'>olim</span> <span class='ocrx_word' id='word_1_546' title='bbox 1844 2251 1884 2281; x_wconf 86' lang='lat' dir='ltr'>ad</span> <span class='ocrx_word' id='word_1_547' title='bbox 1904 2249 2144 2280; x_wconf 85' lang='lat' dir='ltr'>monasterium</span> <span class='ocrx_word' id='word_1_548' title='bbox 2163 2249 2272 2280; x_wconf 88' lang='lat' dir='ltr'>Bene-</span> 
     </span>
     <span class='ocr_line' id='line_1_76' title="bbox 1260 2301 2271 2347; baseline -0.002 -14"><span class='ocrx_word' id='word_1_549' title='bbox 1260 2305 1360 2337; x_wconf 69' lang='lat' dir='ltr'>venti,</span> <span class='ocrx_word' id='word_1_550' title='bbox 1380 2305 1507 2334; x_wconf 75' lang='lat' dir='ltr'>ordinis</span> <span class='ocrx_word' id='word_1_551' title='bbox 1530 2305 1635 2334; x_wconf 84' lang='lat' dir='ltr'>sancti</span> <span class='ocrx_word' id='word_1_552' title='bbox 1652 2305 1849 2347; x_wconf 66' lang='lat' dir='ltr'>Augustini,</span> <span class='ocrx_word' id='word_1_553' title='bbox 1875 2309 1928 2334; x_wconf 89' lang='lat' dir='ltr'>tue</span> <span class='ocrx_word' id='word_1_554' title='bbox 1945 2303 2098 2339; x_wconf 87' lang='lat' dir='ltr'>diocesis,</span> <span class='ocrx_word' id='word_1_555' title='bbox 2120 2302 2192 2340; x_wconf 82' lang='lat' dir='ltr'>lege</span> <span class='ocrx_word' id='word_1_556' title='bbox 2208 2301 2271 2332; x_wconf 86' lang='lat' dir='ltr'>tibi</span> 
     </span>
     <span class='ocr_line' id='line_1_77' title="bbox 1259 2354 2271 2396; baseline -0.002 -10"><span class='ocrx_word' id='word_1_557' title='bbox 1259 2357 1433 2387; x_wconf 74' lang='lat' dir='ltr'>diocesana</span> <span class='ocrx_word' id='word_1_558' title='bbox 1459 2357 1643 2396; x_wconf 74' lang='lat' dir='ltr'>subjectum</span> <span class='ocrx_word' id='word_1_559' title='bbox 1669 2357 1888 2395; x_wconf 65' lang='lat' dir='ltr'>personaliter</span> <span class='ocrx_word' id='word_1_560' title='bbox 1915 2355 2130 2391; x_wconf 81' lang='lat' dir='ltr'>accessisses,</span> <span class='ocrx_word' id='word_1_561' title='bbox 2154 2354 2271 2385; x_wconf 86' lang='lat' dir='ltr'>visita-</span> 
     </span>
     <span class='ocr_line' id='line_1_78' title="bbox 1258 2408 2270 2446; baseline -0.002 -7"><span class='ocrx_word' id='word_1_562' title='bbox 1258 2410 1369 2445; x_wconf 83' lang='lat' dir='ltr'>tionis,</span> <span class='ocrx_word' id='word_1_563' title='bbox 1391 2410 1605 2440; x_wconf 74' lang='lat' dir='ltr'>correctionis</span> <span class='ocrx_word' id='word_1_564' title='bbox 1621 2414 1651 2439; x_wconf 86' lang='lat' dir='ltr'>et</span> <span class='ocrx_word' id='word_1_565' title='bbox 1675 2410 1920 2440; x_wconf 75' lang='lat' dir='ltr'>reformationis</span> <span class='ocrx_word' id='word_1_566' title='bbox 1937 2409 2081 2439; x_wconf 82' lang='lat' dir='ltr'>officium</span> <span class='ocrx_word' id='word_1_567' title='bbox 2099 2408 2270 2446; x_wconf 88' lang='lat' dir='ltr'>impensu-</span> 
     </span>
     <span class='ocr_line' id='line_1_79' title="bbox 1255 2461 2268 2502; baseline -0.002 -10"><span class='ocrx_word' id='word_1_568' title='bbox 1255 2472 1312 2492; x_wconf 86' lang='lat' dir='ltr'>rus</span> <span class='ocrx_word' id='word_1_569' title='bbox 1332 2463 1470 2498; x_wconf 77' lang='lat' dir='ltr'>ibidem,</span> <span class='ocrx_word' id='word_1_570' title='bbox 1493 2463 1531 2493; x_wconf 89' lang='lat' dir='ltr'>G.</span> <span class='ocrx_word' id='word_1_571' title='bbox 1555 2467 1631 2492; x_wconf 85' lang='lat' dir='ltr'>tuuc</span> <span class='ocrx_word' id='word_1_572' title='bbox 1651 2463 1741 2500; x_wconf 84' lang='lat' dir='ltr'>prior</span> <span class='ocrx_word' id='word_1_573' title='bbox 1763 2463 1911 2502; x_wconf 77' lang='lat' dir='ltr'>ejusdem</span> <span class='ocrx_word' id='word_1_574' title='bbox 1934 2461 2130 2491; x_wconf 88' lang='lat' dir='ltr'>monasterii</span> <span class='ocrx_word' id='word_1_575' title='bbox 2153 2464 2268 2498; x_wconf 87' lang='lat' dir='ltr'>sponte</span> 
     </span>
     <span class='ocr_line' id='line_1_80' title="bbox 1255 2511 2268 2553; baseline -0.003 -8"><span class='ocrx_word' id='word_1_576' title='bbox 1255 2516 1355 2545; x_wconf 84' lang='lat' dir='ltr'>cessit</span> <span class='ocrx_word' id='word_1_577' title='bbox 1372 2516 1424 2545; x_wconf 88' lang='lat' dir='ltr'>sui</span> <span class='ocrx_word' id='word_1_578' title='bbox 1444 2515 1599 2553; x_wconf 69' lang='lat' dir='ltr'>regimini</span> <span class='ocrx_word' id='word_1_579' title='bbox 1619 2515 1797 2553; x_wconf 83' lang='lat' dir='ltr'>prioratus,</span> <span class='ocrx_word' id='word_1_580' title='bbox 1815 2514 1867 2544; x_wconf 82' lang='lat' dir='ltr'>cui</span> <span class='ocrx_word' id='word_1_581' title='bbox 1892 2514 1978 2544; x_wconf 87' lang='lat' dir='ltr'>alius</span> <span class='ocrx_word' id='word_1_582' title='bbox 1999 2513 2089 2552; x_wconf 90' lang='lat' dir='ltr'>prior</span> <span class='ocrx_word' id='word_1_583' title='bbox 2105 2521 2162 2551; x_wconf 91' lang='lat' dir='ltr'>per</span> <span class='ocrx_word' id='word_1_584' title='bbox 2182 2511 2268 2543; x_wconf 87' lang='lat' dir='ltr'>elec-</span> 
     </span>
     <span class='ocr_line' id='line_1_81' title="bbox 1257 2564 2269 2606; baseline -0.004 -8"><span class='ocrx_word' id='word_1_585' title='bbox 1257 2569 1379 2598; x_wconf 86' lang='lat' dir='ltr'>tionem</span> <span class='ocrx_word' id='word_1_586' title='bbox 1401 2568 1592 2598; x_wconf 77' lang='lat' dir='ltr'>canonicam</span> <span class='ocrx_word' id='word_1_587' title='bbox 1617 2568 1677 2598; x_wconf 88' lang='lat' dir='ltr'>suit</span> <span class='ocrx_word' id='word_1_588' title='bbox 1701 2567 1909 2606; x_wconf 85' lang='lat' dir='ltr'>postmodum</span> <span class='ocrx_word' id='word_1_589' title='bbox 1942 2566 2156 2596; x_wconf 82' lang='lat' dir='ltr'>substitutus.</span> <span class='ocrx_word' id='word_1_590' title='bbox 2182 2564 2269 2602; x_wconf 85' lang='lat' dir='ltr'>Quia</span> 
     </span>
     <span class='ocr_line' id='line_1_82' title="bbox 1255 2616 2268 2660; baseline -0.004 -10"><span class='ocrx_word' id='word_1_591' title='bbox 1255 2630 1331 2651; x_wconf 86' lang='lat' dir='ltr'>vero</span> <span class='ocrx_word' id='word_1_592' title='bbox 1348 2620 1536 2660; x_wconf 86' lang='lat' dir='ltr'>hujusmodi</span> <span class='ocrx_word' id='word_1_593' title='bbox 1553 2620 1696 2650; x_wconf 62' lang='lat' dir='ltr'>oilli-ium</span> <span class='ocrx_word' id='word_1_594' title='bbox 1714 2629 1750 2649; x_wconf 77' lang='lat' dir='ltr'>cx</span> <span class='ocrx_word' id='word_1_595' title='bbox 1767 2624 1844 2649; x_wconf 90' lang='lat' dir='ltr'>tunc</span> <span class='ocrx_word' id='word_1_596' title='bbox 1855 2618 2017 2648; x_wconf 86' lang='lat' dir='ltr'>remansit</span> <span class='ocrx_word' id='word_1_597' title='bbox 2030 2617 2192 2647; x_wconf 84' lang='lat' dir='ltr'>hactenus</span> <span class='ocrx_word' id='word_1_598' title='bbox 2203 2616 2268 2646; x_wconf 86' lang='lat' dir='ltr'>im-</span> 
     </span>
     <span class='ocr_line' id='line_1_83' title="bbox 1254 2667 2287 2712; baseline -0.003 -9"><span class='ocrx_word' id='word_1_599' title='bbox 1254 2674 1451 2712; x_wconf 77' lang='lat' dir='ltr'>perfectum,</span> <span class='ocrx_word' id='word_1_600' title='bbox 1475 2673 1648 2703; x_wconf 80' lang='lat' dir='ltr'>humiliter</span> <span class='ocrx_word' id='word_1_601' title='bbox 1666 2683 1722 2711; x_wconf 90' lang='lat' dir='ltr'>pro</span> <span class='ocrx_word' id='word_1_602' title='bbox 1746 2677 1799 2702; x_wconf 89' lang='lat' dir='ltr'>tua</span> <span class='ocrx_word' id='word_1_603' title='bbox 1822 2676 1913 2710; x_wconf 90' lang='lat' dir='ltr'>parte</span> <span class='ocrx_word' id='word_1_604' title='bbox 1934 2671 2107 2710; x_wconf 83' lang='lat' dir='ltr'>petebatur</span> <span class='ocrx_word' id='word_1_605' title='bbox 2129 2679 2148 2700; x_wconf 86' lang='lat' dir='ltr'>a</span> <span class='ocrx_word' id='word_1_606' title='bbox 2170 2667 2287 2700; x_wconf 64' lang='lat' dir='ltr'>nobis*</span> 
     </span>
     <span class='ocr_line' id='line_1_84' title="bbox 1255 2722 2265 2764; baseline -0.004 -9"><span class='ocrx_word' id='word_1_607' title='bbox 1255 2731 1299 2761; x_wconf 88' lang='lat' dir='ltr'>ut,</span> <span class='ocrx_word' id='word_1_608' title='bbox 1318 2735 1392 2756; x_wconf 85' lang='lat' dir='ltr'>cum</span> <span class='ocrx_word' id='word_1_609' title='bbox 1410 2726 1647 2755; x_wconf 66' lang='lat' dir='ltr'>monasterium</span> <span class='ocrx_word' id='word_1_610' title='bbox 1664 2726 1773 2764; x_wconf 84' lang='lat' dir='ltr'>ipsum</span> <span class='ocrx_word' id='word_1_611' title='bbox 1791 2724 1908 2755; x_wconf 86' lang='lat' dir='ltr'>exinde</span> <span class='ocrx_word' id='word_1_612' title='bbox 1929 2724 1963 2753; x_wconf 89' lang='lat' dir='ltr'>in</span> <span class='ocrx_word' id='word_1_613' title='bbox 1981 2722 2214 2762; x_wconf 81' lang='lat' dir='ltr'>spiritualibus</span> <span class='ocrx_word' id='word_1_614' title='bbox 2233 2725 2265 2752; x_wconf 88' lang='lat' dir='ltr'>et</span> 
     </span>
     <span class='ocr_line' id='line_1_85' title="bbox 1254 2774 2264 2816; baseline -0.004 -9"><span class='ocrx_word' id='word_1_615' title='bbox 1254 2778 1491 2816; x_wconf 85' lang='lat' dir='ltr'>temporalibus</span> <span class='ocrx_word' id='word_1_616' title='bbox 1514 2788 1580 2808; x_wconf 90' lang='lat' dir='ltr'>nou</span> <span class='ocrx_word' id='word_1_617' title='bbox 1603 2779 1764 2808; x_wconf 78' lang='lat' dir='ltr'>modicam</span> <span class='ocrx_word' id='word_1_618' title='bbox 1784 2778 1946 2808; x_wconf 85' lang='lat' dir='ltr'>lesionem</span> <span class='ocrx_word' id='word_1_619' title='bbox 1966 2776 2130 2809; x_wconf 84' lang='lat' dir='ltr'>incurrat,</span> <span class='ocrx_word' id='word_1_620' title='bbox 2154 2774 2264 2814; x_wconf 88' lang='lat' dir='ltr'>provi-</span> 
     </span>
     <span class='ocr_line' id='line_1_86' title="bbox 1252 2827 2266 2869; baseline -0.004 -9"><span class='ocrx_word' id='word_1_621' title='bbox 1252 2831 1329 2861; x_wconf 74' lang='lat' dir='ltr'>dere</span> <span class='ocrx_word' id='word_1_622' title='bbox 1351 2841 1449 2869; x_wconf 53' lang='lat' dir='ltr'>super</span> <span class='ocrx_word' id='word_1_623' title='bbox 1478 2831 1538 2860; x_wconf 83' lang='lat' dir='ltr'>boc</span> <span class='ocrx_word' id='word_1_624' title='bbox 1563 2836 1698 2869; x_wconf 78' lang='lat' dir='ltr'>paterna</span> <span class='ocrx_word' id='word_1_625' title='bbox 1722 2830 1947 2860; x_wconf 69' lang='lat' dir='ltr'>sollicitudine</span> <span class='ocrx_word' id='word_1_626' title='bbox 1971 2836 2174 2858; x_wconf 74' lang='lat' dir='ltr'>curaremus.</span> <span class='ocrx_word' id='word_1_627' title='bbox 2197 2827 2266 2856; x_wconf 88' lang='lat' dir='ltr'>Nos</span> 
     </span>
    </p>
   </div>
   <div class='ocr_carea' id='block_1_22' title="bbox 2367 0 2441 3330">
    <p class='ocr_par' dir='ltr' id='par_1_23' title="bbox 2367 0 2441 3330">
     <span class='ocr_line' id='line_1_87' title="bbox 2367 0 2441 3330; baseline 0 0"><span class='ocrx_word' id='word_1_628' title='bbox 2367 0 2441 3330; x_wconf 95' lang='lat' dir='ltr'> </span> 
     </span>
    </p>
   </div>
  </div>
 </body>
</html>
