2441 3330
162 215 199 245 32
885 213 1126 244 REGISTRES
1147 213 1455 244 D‘ALEXANDRE
1478 215 1534 245 IV.

163 281 248 307 Sedis
267 281 440 315 apostolicae
465 283 600 306 asserunt
622 288 653 306 se
676 280 802 306 amoveri
825 288 880 306 non
905 288 992 314 posse
1012 279 1047 306 ab
1069 279 1170 306 officiis

162 330 225 356 sine
240 330 333 364 ipsius
349 328 433 354 Sedis
450 328 573 356 licentia.
591 328 674 362 (Rea.
690 328 735 360 24,
754 336 780 355 e.
799 328 857 359 112,
874 328 894 356 s.
915 328 968 361 14.)

204 449 217 463 «
236 460 270 472 ..‚
290 436 435 465 abbatisse
454 436 723 470 Fcramonaslerii‚
747 436 867 465 ordinis
884 438 983 466 saneti
999 436 1168 471 Benedicti,

162 490 317 519 Melitensis
332 489 464 517 diocesis.
484 488 533 517 Ad
552 496 648 518 aures
663 492 792 517 nostras
805 489 955 526 pervenit
971 488 1056 527 quod
1074 489 1171 518 Eme-

163 543 245 578 lina,
264 542 423 580 priorissa
438 541 604 579 prioratus
616 540 654 571 de
671 541 783 576 Giaco,
797 540 1000 571 Senonensis
1016 541 1169 575 diocesis,

163 597 203 626 ad
223 595 461 626 monasterium
484 599 574 624 tuum
596 594 786 624 immediate
806 595 1002 632 spectantis,
1029 594 1171 624 Haindis

164 649 371 680 thesauraria
399 652 427 678 ct
457 648 596 686 quedam
626 646 689 677 alic
713 647 761 676 tui
786 647 980 677 monasterii
1010 646 1171 677 moniales

162 703 328 741 prioratus
344 705 373 731 et
393 701 476 731 alias
490 700 796 730 administrationes
813 700 985 734 habentes,
999 700 1172 729 occasione

163 755 380 794 quarumdam
397 754 582 784 litterarum
604 757 634 783 et
652 752 936 790 indulgentiarum
957 762 1039 791 quas
1055 762 1073 782 a
1089 752 1172 782 Sede

163 807 343 846 apostolica
364 817 398 837 se
422 806 543 836 habere
565 810 719 836 asserunt
735 810 770 835 ut
787 815 804 835 a
820 805 890 835 suis
911 805 1173 834 administratio-

163 861 277 896 nibus,
301 859 503 898 prioratibus
524 869 582 889 seu
601 858 719 888 officiis
742 858 887 888 amoveri
910 861 1077 896 nequeant
1100 857 1172 887 sine

162 914 268 953 ipsius
284 913 377 943 sedis
394 912 529 941 licentia
545 911 692 949 speciali.
710 914 823 940 contra
840 915 869 940 tc
886 911 1005 948 spiritu
1020 910 1173 940 rebellio-

164 967 216 997 nis
233 970 401 1004 assumpto
417 970 448 995 et
468 965 655 995 obedientie
673 964 752 1003 jugo
770 964 884 994 relicto
900 963 1004 993 multa
1022 964 1172 993 commit-

165 1024 236 1050 tunt
253 1019 401 1049 enormia
417 1027 479 1057 que
496 1017 609 1047 limam
633 1017 848 1047 correctionis
871 1020 1066 1054 exposcunt,
1087 1016 1173 1046 bona

164 1072 357 1111 temporalia
373 1082 436 1111 que
453 1071 493 1101 ad
512 1070 702 1109 hujusmodi
723 1069 1030 1099 administrationes
1046 1069 1173 1107 priora-

165 1130 216 1156 tus
233 1130 264 1156 et
279 1125 385 1155 officia
396 1124 563 1163 pertinent
579 1133 636 1162 pro
653 1132 711 1153 sue
726 1122 905 1152 voluntatis
922 1122 1059 1152 arbitrio
1073 1121 1172 1152 dissi-

163 1182 280 1218 pantes
307 1178 341 1207 in
371 1178 559 1207 animarum
586 1185 721 1206 suarum
745 1175 930 1214 periculum
954 1175 1172 1213 plurimorum

165 1231 356 1262 scandalum
373 1235 403 1261 et
420 1230 525 1268 ipsius
542 1229 734 1258 monasterii
752 1228 996 1258 detrimentum.
1016 1228 1100 1258 Cum
1114 1228 1173 1257 ita-

165 1294 228 1324 que
244 1284 456 1323 privilegium
472 1287 638 1312 mereatur
654 1281 840 1311 ammittere
854 1281 911 1319 qui
931 1281 1093 1319 premissa
1109 1280 1173 1310 sibi

165 1338 312 1368 abutitur
331 1340 506 1375 potestate,
524 1335 728 1373 presentium
745 1334 803 1363 tibi
820 1334 1015 1364 auctoritate
1029 1333 1174 1363 commit-

165 1391 275 1426 timus,
305 1394 339 1419 ut
365 1393 479 1418 contra
506 1388 610 1417 dictas
637 1377 1120 1424 p1·iorissam.'thesaurariam
1143 1390 1174 1416 ct

166 1444 248 1474 alias
273 1442 445 1476 moniales,
473 1450 537 1471 non
559 1440 769 1470 obstantibus
791 1439 980 1478 hujusmodi
1000 1438 1122 1468 litteris
1143 1442 1175 1468 et

164 1495 382 1533 indulgentiis
399 1504 480 1533 quas
493 1498 604 1523 tenore
618 1493 823 1531 presentium
837 1492 969 1530 penitus
982 1500 1174 1521 revocamus

165 1549 215 1579 vel
231 1548 306 1577 aliis
323 1548 560 1585 cujuscumque
578 1545 702 1575 tenoris
718 1545 871 1577 existant,
889 1545 987 1574 etiam
1006 1544 1034 1574 si
1052 1544 1090 1573 de
1107 1543 1174 1573 hiis

165 1606 291 1640 oportet
311 1601 344 1629 in
367 1599 577 1638 presentiljnis
597 1599 635 1628 de
656 1598 755 1627 verbo
772 1597 810 1627 ad
833 1598 968 1626 verbum
986 1605 1174 1635 expressam

166 1655 237 1684 lieri
261 1654 461 1683 mentionem
486 1652 588 1681 libere
614 1651 713 1680 officii
741 1650 787 1679 tui
814 1650 960 1679 debitum
986 1649 1172 1688 exequaris.

165 1709 238 1737 Dat.
262 1706 411 1745 Neapoli⁷
428 1707 459 1735 X
472 1705 631 1735 kalendas
647 1703 819 1738 februarii,
838 1712 923 1732 anno
937 1702 1054 1740 primo.
1075 1714 1087 1728 »

237 1905 324 1932 124

199 1967 341 2002 Episcopo
356 1966 507 1992 Tei-visino
525 1966 550 1991 in
568 1965 737 1998 episcopum
752 1962 944 1989 Castelianuni
957 1972 971 1987 a
984 1962 1108 1996 capitulo
1124 1969 1172 1987 ee-

163 2016 266 2042 clesiae
283 2015 461 2042 Castellanae
477 2015 568 2039 electo
585 2013 709 2046 mandat,
730 2017 773 2042 ut,
790 2012 942 2037 absolutus
957 2020 972 2037 a
986 2011 1101 2037 vinculo
1116 2019 1172 2044 quo

163 2065 314 2091 tenebatur
337 2063 477 2090 eeclesiae
492 2062 674 2091 ΤΜ-11311130,
692 2061 726 2086 ad
744 2062 834 2094 ipsam
859 2060 1010 2086 ecclesiam
1035 2058 1172 2085 Castellu-

163 2121 226 2139 nam
244 2112 371 2138 accedat.
388 2111 469 2144 (Rea.
489 2111 532 2141 24,
550 2119 575 2136 c.
597 2110 654 2142 113,
673 2110 691 2136 f.
711 2110 762 2142 14.)

735 1900 853 1935 Naples‚
871 1900 886 1926 8
901 1900 1005 1925 sevrier
1024 1900 1099 1943 12575.

204 2233 216 2246 «
245 2243 285 2254 ..,
311 2221 443 2257 episcopo
473 2219 651 2249 Castellano.
680 2217 770 2246 Licet
797 2217 990 2246 continuata
1019 2224 1171 2254 superve-

163 2273 326 2303 nientium
349 2290 398 2301 —.
425 2273 498 2302 Dat.
524 2270 680 2309 Neapoli,
704 2271 749 2300 VI
775 2270 849 2299 idus
873 2269 1052 2303 februarii„
1084 2278 1171 2299 anno

158 2327 276 2365 primo.
296 2338 308 2352 >>

198 2439 228 2465 ln
246 2447 271 2465 e.
289 2447 327 2465 m.
344 2439 469 2473 capitulo
481 2439 602 2464 ecclesie
616 2437 774 2464 Castellane
786 2445 876 2470 usque
888 2436 1026 2471 deputati.
1039 2435 1078 2462 Ex
1093 2441 1170 2470 parte

160 2487 303 2521 siquidem
328 2491 424 2513 vestra
447 2486 499 2512 suit
523 2486 701 2520 propositum
724 2494 819 2511 coram
847 2486 928 2511 nobis
949 2485 1024 2519 quod
1048 2485 1171 2511 ecclesia

160 2540 255 2562 vestra
280 2539 335 2561 etc.
365 2543 455 2568 usqne
480 2535 670 2563 incrementa,
696 2534 792 2560 verbis
817 2537 1014 2567 competenter
1042 2533 1168 2560 mutatis.

161 2586 305 2618 Quocirca
325 2586 504 2612 universitati
521 2590 613 2610 vesu-c
636 2593 685 2619 per
701 2585 857 2619 apostolica
875 2585 982 2618 scripta
1001 2584 1169 2610 mandamus

160 2635 297 2669 quatinus
314 2635 453 2668 prefatum
473 2634 641 2669 episcopum
660 2634 830 2667 recipientes
851 2634 972 2665 benigne
993 2641 1025 2659 ac
1049 2634 1168 2659 honeste

160 2687 331 2716 tractanteS‚
348 2683 374 2708 ei
395 2687 528 2716 tanquam
555 2681 627 2715 patri
651 2687 679 2707 et
703 2683 810 2715 pastori
831 2682 990 2707 animarum
1009 2686 1167 2707 resti-arum

161 2731 242 2765 plene
258 2739 292 2757 ac
313 2730 458 2756 humiliter
474 2730 629 2756 intendatis
645 2733 673 2755 et
693 2729 854 2756 exhibeatis
870 2729 1061 2755 obedientiam
1077 2734 1105 2755 et
1122 2737 1168 2755 re-

160 2779 315 2806 verentiam
331 2778 455 2804 debitam
472 2782 499 2803 et
514 2778 662 2809 devotam,
679 2779 744 2811 ejus
767 2777 892 2803 salubria
915 2777 1022 2803 monita
1041 2782 1069 2803 et
1086 2785 1167 2803 man-

159 2829 223 2854 data
239 2827 426 2862 suscipiendo
442 2827 544 2853 devote
559 2835 591 2853 ac
607 2826 808 2852 inviolabiliter
823 2826 1013 2852 observando.
1029 2826 1166 2860 Alioquin

157 2877 332 2902 sententiam
349 2879 403 2903 ete.
423 2883 513 2909 usque
529 2874 685 2901 observari.

1286 278 1320 305 In
1335 287 1362 307 e.
1379 288 1416 306 m.
1433 280 1510 307 clero
1526 280 1650 308 civitatis
1666 285 1694 308 et
1708 281 1835 308 diocesis
1849 280 2087 309 Casteltanarum.

1287 326 1319 353 In
1337 335 1361 354 e.
1381 336 1418 354 m.
1438 328 1524 355 nobili
1543 330 1602 356 viro
1621 350 1654 363 ..,
1672 329 1754 362 (11101,
1772 329 1894 356 consilio
1909 333 1938 356 et
1961 330 2066 365 populo
2087 324 2213 358 civitatis
2232 333 2262 356 et.

1251 375 1377 402 diocesis
1387 375 1611 404 Castellanarum
1624 386 1715 413 usque
1728 378 1914 405 incrementa.
1926 377 2067 410 Quocirca
2080 378 2262 406 universitati

1253 428 1348 450 vestre
1366 433 1415 459 per
1426 426 1583 460 apostolica
1599 426 1705 461 scripta
1723 426 1892 453 mandamus
1903 426 2039 461 quatinus
2050 426 2173 453 eundem
2183 427 2260 461 epis-

1252 481 1356 507 copum
1374 474 1546 508 recipientes
1562 475 1689 501 hilariter
1699 479 1727 501 et
1743 475 1864 501 honeste
1875 479 2041 509 tractantes,
2053 475 2109 510 ipsi
2126 479 2260 510 tanquam

1253 523 1325 557 patri
1341 526 1370 548 et
1385 523 1491 557 pastori
1507 524 1667 550 animarum
1682 528 1842 550 vestrarum
1861 524 1942 558 plene
1956 531 1990 550 ac
2005 523 2152 550 humiliter
2166 524 2261 550 inteu-

1253 571 1328 597 datis
1348 575 1376 597 et
1397 571 1558 598 exhibeatis
1580 573 1826 600 honorificentiam
1849 572 1973 599 debitam
1997 576 2025 599 et
2049 572 2180 599 devotam
2203 575 2260 600 etc.

1255 627 1346 654 usque
1362 620 1552 648 observando.
1571 620 1634 648 Dat.
1653 626 1683 648 ut
1701 629 1798 656 supra.

1328 813 1415 842 125

1289 874 1422 910 Capitulo
1444 876 1624 910 Acconensi,
1647 877 1695 911 qui
1720 875 1894 902 Florentium
1920 876 2088 910 episcopum
2112 875 2264 902 Acconen-

1254 929 1326 954 sem,
1344 925 1413 948 tunc
1428 923 1597 949 canonicum
1616 922 1852 956 Luudunensem,
1870 923 1897 949 in
1914 931 1999 949 suum
2018 922 2189 957 episcopum
2204 922 2263 949 ete-

1254 971 1296 1005 git
1311 974 1339 997 et
1354 971 1388 997 ab
1405 971 1572 998 Innocentio
1589 971 1628 997 tv
1646 980 1717 1007 papa
1732 972 1979 998 confirmationem
1997 972 2077 1006 petiit
2088 975 2117 998 et
2127 970 2262 1002 obtinuit,

1255 1019 1369 1045 mandat
1387 1023 1417 1046 ut
1433 1020 1508 1046 dicto
1523 1021 1661 1055 episcopo
1678 1020 1870 1047 obedientiam
1888 1024 1916 1046 et
1933 1020 2120 1046 reverentiam
2137 1018 2264 1046 debitam

1254 1068 1410 1102 impendat.
1427 1067 1511 1101 (Rau.
1528 1068 1571 1100 24,
1589 1077 1613 1095 c.
1634 1069 1693 1102 114,
1709 1069 1728 1095 f.
1751 1069 1803 1101 14.)

1802 813 1918 848 Naples,
1936 813 1966 840 ‘2¹
1982 813 2096 848 Janvier
2113 812 2190 840 ¹255.

1297 1182 1310 1196 «
1331 1170 1471 1208 Capitulo
1491 1171 1665 1200 Acconensi.
1693 1170 1849 1200 Debitum
1869 1169 1968 1199 officii
1989 1169 2095 1199 nostri
2115 1186 2164 1198 —-·.
2187 1169 2263 1199 Dat.

1255 1222 1406 1261 Neapoli,
1422 1224 1489 1253 XII
1502 1223 1661 1253 kalendas
1678 1223 1850 1258 februarii,
1869 1232 1955 1253 anno
1970 1222 2088 1261 primo.
2108 1234 2121 1248 »

1291 1327 1322 1353 In
1337 1336 1363 1353 e.
1381 1336 1418 1354 m.
1435 1329 1511 1354 clero
1530 1328 1654 1354 civitatis
1669 1333 1696 1354 et
1716 1328 1842 1355 diocesis
1857 1329 2084 1355 Acconensium.

1292 1375 1323 1401 In
1339 1384 1364 1401 e.
1384 1385 1420 1402 111.
1439 1377 1544 1410 populo
1559 1377 1684 1402 civitatis
1699 1380 1727 1402 et
1741 1376 1866 1403 diocesis
1883 1377 2100 1402 Acconensium
2112 1383 2206 1410 usque
2219 1375 2265 1402 in-

1256 1424 1409 1450 tendendo.
1428 1424 1492 1450 Dat.
1511 1428 1652 1459 utsupra.

1331 1619 1418 1646 12ss

1292 1680 1433 1706 Balduino
1445 1681 1479 1706 (10
1496 1680 1640 1712 Commes,
1655 1680 1736 1707 militi
1746 1680 1939 1706 Tornaeensis
1954 1679 2091 1712 diocesis,
2103 1679 2262 1713 dispensat,

1258 1733 1288 1755 ut
1302 1736 1368 1754 cuni
1386 1729 1462 1759 Ada,
1481 1733 1545 1755 nata
1561 1729 1704 1763 quondam
1730 1728 1862 1763 Hugonis
1886 1729 1920 1755 de
1941 1728 2146 1762 Suminghem‚
2165 1726 2264 1754 militis

1257 1777 1431 1804 Morinensis
1445 1777 1580 1811 diocesis,
1592 1777 1621 1803 in
1637 1780 1784 1803 contracto
1801 1777 1982 1803 matrimonio
1998 1784 2146 1803 remanere
2161 1776 2262 1806 valeat,

1257 1834 1311 1851 non
1328 1826 1460 1852 obstante
1483 1826 1559 1859 quod
1581 1826 1672 1852 fuerat
1688 1830 1788 1860 quarto
1805 1825 2067 1859 consanguinitatis
2083 1825 2171 1859 gradu
2191 1832 2262 1851 con-

1252 1876 1373 1908 junctus
1394 1875 1536 1909 quondam
1558 1874 1682 1900 Johanni
1708 1875 1743 1901 (10
1765 1873 1951 1909 Vei-linghem
1976 1874 2036 1900 viro
2057 1874 2150 1908 ipsius
2170 1872 2263 1900 Adae.

1255 1923 1338 1957 (Hm.
1355 1923 1397 1954 2³4,
1416 1932 1441 1950 c.
1462 1924 1518 1954 115,
1536 1923 1555 1950 f.
1577 1924 1640 1955 Ην.)

1830 1618 1945 1652 Napies,
1963 1619 1975 1643 ἲ
1994 1618 2098 1644 sevrier
2117 1616 2193 1644 1255.

1296 2038 1308 2051 «
1327 2025 1479 2054 Balzluino
1496 2025 1530 2054 ilc
1549 2026 1692 2059 Commes,
1711 2025 1808 2053 militi
1826 2025 2023 2054 Tornaccizsis
2039 2024 2173 2053 diocesis.
2192 2023 2263 2053 Etsi

1254 2078 1442 2116 conjunctio
1458 2077 1572 2115 copule
1589 2077 1772 2117 conjugalis
1789 2082 1849 2107 etc.
1868 2087 1972 2115 usque
1987 2077 2072 2106 cirea
2089 2076 2260 2115 quosdam.

1253 2130 1337 2160 Cum
1355 2131 1478 2169 itaque⁷
1497 2131 1582 2160 sicut
1602 2135 1630 2160 te
1647 2131 1834 2169 accepimus
1851 2130 2038 2163 intimante,
2057 2129 2211 2159 dilectam
2226 2129 2262 2158 in

1253 2182 1386 2213 Christo
1397 2183 1501 2212 liliam
1511 2183 1616 2213 Adam
1627 2183 1801 2213 mulierem
1811 2187 1921 2212 natam
1933 2182 2099 2221 quondam
2110 2181 2262 2219 Hugonis

1253 2236 1291 2265 de
1307 2236 1536 2273 Suminghem.
1552 2235 1668 2266 militis
1688 2236 1889 2265 Morinensis
1903 2235 2056 2266 diocesis,
2077 2233 2210 2264 duxeris
2225 2234 2262 2264 in

1252 2296 1386 2317 uxorem
1399 2298 1435 2318 ac
1446 2289 1678 2319 intellexeritis
1689 2288 1896 2327 postmodum
1910 2292 1973 2318 tam
1987 2292 2021 2317 tu
2035 2296 2134 2326 quam
2146 2286 2261 2318 eadem

1251 2341 1372 2371 mulier
1396 2342 1481 2380 quod
1508 2342 1673 2380 quondam
1697 2342 1868 2373 ,lohannes
1892 2341 1930 2371 (le
1954 2340 2184 2379 Vei-lii‘ighem‚
2210 2340 2261 2370 vir

1252 2394 1358 2432 ipsius
1380 2395 1465 2430 Ade,
1490 2395 1551 2424 tibi
1571 2395 1679 2425 suerat
1699 2399 1816 2433 quarto
1836 2393 2138 2431 consanguinitatis
2157 2392 2260 2431 gradu

1252 2448 1462 2486 conjunctus,
1486 2448 1581 2477 nobis
1600 2447 1774 2477 humiliter
1794 2447 1987 2485 supplicasti
2010 2450 2044 2476 ut
2067 2446 2261 2484 dispensare

1251 2504 1359 2529 tecum
1376 2509 1474 2538 super
1488 2500 1549 2529 hoc
1563 2499 1822 2530 misericorditer
1839 2507 2040 2529 curaremus.
2060 2498 2140 2529 Tuis
2156 2497 2260 2536 igitur

1251 2553 1550 2591 supplicationibus
1565 2553 1730 2588 inclinati.
1748 2552 1889 2581 maxime
1906 2561 1980 2581 curn
1997 2561 2034 2581 ex
2050 2550 2259 2590 separatione

1249 2605 1441 2644 hujusmodi
1452 2605 1657 2635 matrimonii
1670 2610 1780 2643 posset
1794 2609 1826 2634 ut
1845 2605 1967 2634 (licitur
1983 2603 2176 2633 scandalum
2191 2611 2257 2633 non

1250 2658 1414 2687 modicum
1432 2658 1564 2693 exoriri,
1581 2662 1687 2687 tecum
1701 2662 1735 2687 ut
1752 2667 1825 2687 cum
1840 2657 1985 2695 predicta
2000 2655 2140 2686 muliere
2158 2655 2193 2685 in
2209 2655 2258 2686 sic

1249 2715 1416 2740 contracto
1429 2711 1640 2740 matrimonio
1653 2710 1742 2740 licite
1755 2718 1926 2740 remanere
1940 2709 2061 2739 valeas.
2077 2703 2180 2747 gradu
2191 2716 2258 2739 non

1249 2764 1400 2794 obstante
1418 2764 1579 2802 predicto,
1598 2763 1792 2793 auctoritate
1814 2762 1993 2801 apostolica
2011 2762 2255 2800 dispensamus.

1248 2817 1342 2847 Nulli
1371 2821 1432 2846 etc.
1462 2821 1573 2846 nostre
1607 2815 1866 2854 dispensationis
1899 2819 1958 2846 ete.
1991 2815 2065 2845 Dat.
2098 2812 2255 2852 Neapoli,

1247 2871 1311 2901 VII
1327 2870 1402 2900 idus
1420 2869 1592 2905 februarii,
1611 2878 1697 2899 anno
1712 2869 1829 2907 primo.
1850 2881 1862 2894 »
