2498 3325
1016 230 1239 267 PREMIERE
1262 230 1419 266 ANNEE.
2214 239 2264 267 1119

166 305 339 343 multiplex
365 305 552 342 suscepisse
575 306 722 335 cernitur
740 306 985 334 incrementum
1007 302 1178 340 supradic-

169 362 235 387 tam
256 357 460 387 Gradensem
477 357 650 386 ecclesiam
666 358 701 386 in
718 356 949 395 spiritualibus
969 359 999 384 et
1015 359 1178 391 tempora-

168 410 257 439 libus
280 413 412 439 auctore
430 410 571 438 Domino
588 409 801 439 laudabiliter
822 407 1059 445 augmentabit.
1084 406 1179 435 Ideo-

170 472 232 501 que
244 462 456 492 universitati
467 466 574 492 vestre
583 471 641 500 per
655 461 834 500 apostolica
848 461 969 497 scripta
982 459 1178 488 mandamus

170 515 328 554 quatinus
349 513 490 543 electum
512 514 620 551 ipsum
642 517 800 552 tanquam
819 517 944 551 patrem
967 516 997 541 et
1013 515 1178 549 pastorem

171 567 358 596 animarum
373 570 559 596 vestrarum
576 566 689 595 devote
705 565 936 603 suscipientes,
955 563 1179 593 obedientiam

171 619 236 649 sibi
259 623 289 648 et
311 618 532 648 reverentiam
553 618 697 647 debitam
720 617 931 655 impendatis.
954 616 1024 654 ejus
1044 615 1179 644 monitis

172 676 203 702 et
218 671 383 701 mandatis
399 670 589 700 salubribus
603 670 776 699 humiliter
790 668 1000 698 intendendo.
1020 667 1179 705 Alioquin

173 724 373 755 sententiam
392 728 452 754 etc.
470 733 576 762 usque
593 734 599 752 ;
617 723 798 753 observari.
814 724 886 752 Dat.
905 720 1059 759 Neapoli,
1077 721 1106 750 V
1120 720 1180 748 ka-

171 777 286 807 lendas
299 776 399 815 junii,
418 785 504 805 anno
520 776 637 814 primo.
657 788 669 801 >1

205 888 238 915 In
255 897 281 915 e.
300 897 337 915 m.
355 887 546 922 suffragancis
562 887 720 914 Gradensis
735 887 867 913 ecclesie.

206 937 237 963 In
260 945 286 962 e,
309 945 347 962 m.
372 936 477 970 populo
499 937 624 962 civitatis
646 939 674 962 et
696 935 821 962 diocesis
841 934 1032 961 Gradensium
1058 942 1150 968 usque
1172 944 1178 959 ι

172 985 378 1020 suscipientes,
390 986 455 1018 ejus
471 984 587 1011 monitis
602 988 630 1010 et
646 983 788 1010 mandatis
803 983 967 1010 salubribus
979 982 1124 1008 humiliter
1139 983 1180 1008 in-

171 1033 305 1060 tendatis.
324 1033 389 1059 Dat.
407 1037 437 1059 ut
454 1041 552 1068 supra.

207 1082 238 1108 In
255 1090 281 1109 e.
298 1090 336 1109 m.
354 1081 441 1108 nobili
456 1082 517 1108 viro
530 1081 673 1116 Raynerio
687 1081 765 1111 Zeni,
784 1081 850 1107 duci
864 1080 1051 1113 Venetorum,
1067 1088 1176 1114 usque:

170 1131 292 1165 ideoque
309 1130 485 1157 nobilitatem
502 1134 579 1156 tuam
598 1137 734 1164 rogamus
754 1133 782 1155 et
798 1130 947 1155 hortamur
961 1132 1067 1155 attente
1083 1129 1180 1162 quati-

171 1188 226 1207 nus
240 1180 362 1206 electum
377 1180 472 1213 ipsum
488 1179 523 1205 ob
535 1180 724 1206 reverentiam
735 1179 892 1213 apostolice
908 1178 992 1204 Sedis
1008 1181 1036 1204 et
1052 1181 1180 1203 nostram

170 1229 294 1262 benigne
310 1228 493 1262 recipientes,
506 1228 561 1254 sibi
574 1228 602 1253 in
615 1227 818 1261 recuperandis
829 1230 858 1253 et
871 1226 1091 1252 manutenendis
1103 1226 1181 1260 juri-

171 1277 227 1303 bus
247 1276 374 1311 predicte
395 1276 517 1302 ecclesie
538 1280 712 1310 oportunum
734 1275 883 1310 impendas
903 1275 1040 1301 auxilium
1058 1279 1086 1301 et
1101 1275 1180 1301 favo-

172 1333 247 1357 rem,
265 1327 304 1352 ita
319 1325 395 1359 quod
411 1325 592 1351 devotionem
609 1328 687 1350 tuam
703 1324 798 1358 dignis
814 1324 917 1350 exinde
933 1325 960 1350 in
978 1323 1102 1350 Domino
1118 1324 1180 1350 lau-

171 1374 257 1400 dibus
274 1375 374 1400 merito
390 1373 639 1401 commendemus.
655 1372 721 1399 Dat.
743 1378 774 1399 ut.
789 1381 887 1407 supra.

243 1542 331 1571 55ss

208 1605 356 1639 Stephano
370 1604 446 1630 dicto
462 1603 564 1637 Fabro,
579 1604 684 1630 clerico
699 1603 883 1638 Vapincensi,
895 1603 1044 1629 confirmat
1055 1602 1182 1628 decimas

172 1653 208 1679 de
230 1653 327 1679 Monte
345 1652 483 1686 Atquerio
504 1656 532 1678 et
551 1652 586 1678 de
603 1652 761 1682 Columbiz,
783 1651 908 1677 diocesis
930 1651 1129 1685 Vapincensis,
1147 1651 1181 1676 ab

172 1701 210 1728 R.
227 1702 365 1736 episcopo
380 1705 408 1726 et
422 1701 546 1735 capitulo
562 1700 693 1734 ejusdem
708 1699 848 1726 ecclesiae
862 1707 1018 1726 concessas
1034 1707 1108 1724 anno
1124 1698 1182 1724 Do-

174 1749 242 1775 mini
261 1748 489 1775 MCCXXXVII
505 1748 550 1774 die
564 1748 647 1775 tunae
658 1752 723 1774 ante
735 1747 844 1774 Ramos
856 1747 1028 1773 Palmarum.
1041 1747 1124 1779 (Rae.
1135 1747 1179 1777 24,

171 1806 197 1824 c.
214 1797 276 1826 450,
293 1797 312 1823 f.
329 1798 385 1828 67.)

774 1541 891 1576 Naples.
910 1541 942 1566 10
958 1541 1013 1566 mai
1033 1540 1109 1566 1255.

213 1911 225 1925 «
243 1899 394 1936 Stephano
411 1898 488 1927 dicto
504 1899 610 1933 Fabro,
629 1899 737 1927 clerico
753 1899 943 1936 Vapz'ncensi.
957 1898 1039 1928 Cum
1054 1907 1070 1927 a
1086 1898 1181 1927 nobis

168 1951 293 1989 petitur
309 1955 370 1980 etc.
387 1959 493 1988 usque
510 1960 516 1978 :
535 1950 700 1980 effectum.
718 1950 805 1979 Hinc
824 1954 873 1980 est
890 1950 986 1989 quod,
1005 1959 1079 1980 cum
1096 1950 1182 1980 sicut

166 2003 277 2033 oblata
296 2003 391 2032 nobis
409 2007 464 2032 tua
484 2003 600 2040 petitio
618 2003 827 2038 continebat,
851 2003 1054 2033 venerabilis
1076 2004 1180 2032 frater

169 2061 282 2087 noster
299 2079 331 2091 ..‚
348 2056 521 2094 episcopus
541 2060 571 2085 et
588 2055 701 2086 dilecti
716 2055 778 2085 filii
794 2056 978 2094 capitulum
991 2057 1182 2094 Vapincen-

169 2117 233 2143 ses,
251 2108 460 2138 attendentes
479 2112 571 2145 grata
585 2108 722 2137 servitia
739 2117 801 2146 que
818 2108 900 2146 ipsis
918 2108 997 2138 olim
1014 2108 1128 2138 devote
1145 2117 1182 2137 ac

167 2161 311 2191 fideliter
326 2160 535 2198 impendisti,
561 2160 706 2190 decimas
732 2161 770 2190 de
792 2161 903 2191 Monte
925 2161 1070 2199 Aquerio
1092 2165 1122 2190 et
1142 2160 1181 2190 de

169 2213 353 2247 Columbiz,
376 2213 519 2243 diocesis
540 2213 777 2251 Vapincensis,
798 2218 893 2251 prout
916 2214 955 2243 ad
977 2223 1032 2243 eos
1053 2218 1182 2252 specta-

169 2266 259 2300 bant,
277 2266 339 2295 tibi
355 2266 390 2295 in
405 2270 602 2304 perpetuum
621 2271 873 2302 concesserunt,
899 2267 984 2296 sicut
1002 2267 1037 2295 in
1059 2266 1181 2296 litteris

170 2318 330 2348 confectis
346 2318 463 2348 exinde
480 2317 591 2356 sigillo
604 2318 711 2356 ipsius
726 2319 871 2357 episcopi
888 2320 1092 2357 consignatis
1105 2328 1182 2358 quo-

169 2380 244 2401 rum
262 2375 409 2400 tenorem
424 2370 636 2408 presentibus
653 2371 758 2401 inseri
774 2372 916 2402 facimus
933 2372 1064 2410 plenius
1081 2372 1182 2402 conti-

169 2427 278 2453 netur.
295 2423 375 2453 Tuis
392 2423 504 2461 itaque
521 2423 820 2461 supplicationibus
834 2424 1000 2458 inclinati,
1022 2424 1109 2463 quod
1124 2433 1181 2462 per

171 2475 304 2506 eosdem
320 2475 510 2513 episcopum
527 2479 557 2505 et
571 2475 753 2513 capitulum
769 2476 904 2514 provide
922 2477 1047 2506 factum
1064 2480 1113 2506 est
1128 2485 1182 2506 ra-

170 2531 241 2557 tum
255 2532 286 2558 et
303 2532 434 2566 gratum
448 2527 625 2564 habentes,
644 2528 679 2557 id
694 2529 889 2559 auctoritate
909 2529 1089 2567 apostoliea
1104 2538 1183 2558 con-

171 2580 343 2611 firmamus
357 2585 418 2611 etc.
435 2590 541 2619 usque
559 2591 566 2610 ε
582 2582 838 2612 communimus.
853 2583 960 2612 Tenor
973 2587 1083 2613 autem
1097 2582 1182 2612 litte-

170 2642 284 2663 rarum
299 2633 450 2671 ipsarum
464 2633 541 2664 talis
558 2638 607 2664 est
625 2644 631 2663 :

699 2714 771 2750 Gap,
792 2715 919 2742 11111111ἳῖ
937 2724 1012 2742 mars
1033 2715 1109 2742 1233.

213 2787 226 2802 α
252 2776 306 2811 R.,
330 2775 444 2805 divina
468 2775 684 2807 miseratione
713 2777 934 2816 Vapincensis
957 2778 1130 2817 episcopus
1152 2781 1183 2807 et

172 2839 187 2855 n
211 2827 365 2858 dominus
388 2831 419 2858 et
441 2828 589 2867 ejusdem
612 2829 751 2860 ecclesie
771 2830 953 2869 capitulum
974 2831 1180 2864 universum,

172 2891 187 2907 ι
212 2880 366 2910 omnibus
395 2884 584 2918 presentem
622 2882 778 2920 paginam
809 2883 1011 2922 inspecturis
1037 2882 1072 2912 in
1105 2890 1183 2912 vero

295 2945 518 2970 ALEXANDRE
536 2946 588 2978 1V,
606 2949 625 2971 t.
644 2947 664 2972 1.

1262 313 1273 327 1)
1300 302 1437 331 salutari
1479 303 1628 332 salutem.
1673 304 1840 332 Noveritis
1881 303 1966 341 quod
2005 312 2090 332 anno
2131 304 2263 333 Domini

1262 366 1274 379 »
1300 354 1564 384 MCGXXXVH.
1583 356 1634 384 die
1651 355 1727 384 lune
1745 360 1819 384 ante
1840 356 1960 384 Ramos
1978 355 2182 384 Palmarum.
2205 365 2263 385 1105

1262 418 1274 429 »
1300 405 1338 434 de
1361 407 1527 435 communi
1544 415 1706 435 consensu
1727 411 1756 435 et
1774 407 1940 435 voluntat·¹
1962 407 2173 439 donavimus,
2200 413 2264 437 tra-

1263 470 1274 482 11
1300 458 1444 486 didimus
1467 462 1496 487 et
1518 459 1742 488 concessimus
1769 459 1934 495 Stephano
1958 459 2062 488 Fabro
2088 460 2206 489 clerieo
2229 461 2263 489 in

1263 521 1275 534 n
1300 509 1460 539 beneficio
1479 510 1644 547 personali
1662 511 1760 539 semla
1783 515 1892 539 nostra
1914 511 1951 539 de.
1976 512 2084 539 Monte
2109 512 2266 549 Δ1111110110

1263 573 1275 586 ³²
1302 565 1330 590 et
1348 562 1386 590 de
1403 561 1577 592 Columbiz,
1597 562 1722 591 seilicet
1739 562 1882 591 decimas
1904 562 1991 591 bladi
2010 568 2037 591 et
2056 563 2124 591 vini
2145 568 2171 592 et
2192 564 2264 592 tha-

1264 625 1275 638 »
1302 613 1380 642 chas
1393 623 1455 652 que
1468 614 1830 651 10111111151101)(»111115111
1844 614 2264 651 51111101110101111111000111111

1263 677 1276 690 n
1304 666 1479 695 territoriis
1496 666 1546 695 vel
1564 667 1764 704 percipimus
1779 676 1837 695 seu
1852 667 1973 704 dejure
1988 668 2154 705 [uzi-cipere
2170 668 2268 697 debe—

1263 729 1276 742 »
1302 726 1392 752 mus,
1415 718 1558 756 exceptis
1577 718 1713 747 decimis
1733 718 1771 747 de
1788 718 1936 748 Crestaia
1953 718 1990 747 de
2010 718 2069 747 hOt'
2090 720 2266 757 1111011001]-

1264 781 1276 795 »
1303 769 1391 799 sules
1402 770 1628 807 Vapincenses
1641 770 1687 798 ibi
1702 774 1824 805 tenent,
1840 770 2009 807 possident
2024 770 2074 799 vel
2089 772 2184 808 quasi
2199 781 2267 808 pos-

1263 833 1276 847 »
1302 822 1411 851 sident.
1423 826 1454 851 et
1466 822 1504 851 G.
1520 822 1558 851 de
1569 822 1662 851 Yalle
1677 822 1789 856 serris,
1805 826 1835 851 et
1850 826 1982 859 excepto
1998 823 2080 851 <leves
2097 823 2269 851 consulum

1264 886 1277 900 »
1303 874 1525 912 predictorum
1556 874 1616 903 5111)
1647 874 1707 903 1100
1732 883 1833 903 censu
1864 874 2016 904 videlicet
2047 875 2133 912 quod
2163 875 2268 904 dictus

1264 939 1277 953 1>
1302 927 1489 964 Stephanus
1507 927 1602 956 debet
1619 927 1791 956 annuatim
1807 928 1915 956 faeere
1932 927 2018 956 dicto
2035 927 2177 964 capitulo
2191 928 2221 956 X
2239 931 2267 956 et

1265 991 1277 1005 1)
1302 980 1365 1009 VII
1382 979 1491 1009 modia
1509 979 1597 1009 bladi
1615 983 1645 1009 et
1658 980 1686 1009 V
1702 979 1812 1009 modia
1827 984 1857 1009 et
1875 980 1956 1009 VIII
1973 979 2115 1008 sextaria
2132 979 2212 1011 vini,
2232 980 2269 1009 de

1265 1044 1277 1058 »
1303 1032 1424 1070 quibus
1449 1032 1544 1061 debet
1570 1032 1717 1070 accipere
1741 1032 1881 1061 sacrista
1900 1031 2121 1070 Vapincensis
2143 1032 2270 1061 ratione

1265 1097 1278 1110 »
1304 1085 1455 1114 sacristie
1470 1094 1573 1114 unum
1590 1085 1735 1114 modium
1752 1084 1841 1113 bladi
1855 1084 2071 1113 deterritorio
2089 1085 2126 1113 de
2141 1084 2269 1114 Colum-

1265 1150 1277 1163 »
1303 1138 1353 1166 biz
1369 1141 1399 1167 et
1415 1138 1495 1167 VIII
1507 1137 1650 1167 sextaria
1666 1137 1736 1166 vini
1753 1137 1901 1176 ejusdem
1918 1137 2087 1166 territorii.
2103 1139 2186 1167 Item
2202 1146 2272 1175 pro-

1264 1203 1277 1216 »
1303 1191 1395 1220 misit
1417 1190 1512 1220 nohis
1533 1190 1640 1219 dictus
1664 1190 1851 1228 Stephanus
1870 1190 1956 1219 bona
1974 1190 2036 1219 tide
2056 1190 2178 1219 dietum
2202 1190 2273 1219 bla-

1264 1255 1277 1269 »
1303 1243 1381 1272 dum
1410 1247 1440 1273 et
1470 1243 1585 1272 vinum
1615 1242 1751 1271 reddere
1782 1242 1819 1272 de
1847 1241 1943 1271 blado
1974 1246 2005 1271 et
2034 1242 2110 1271 vino
2145 1251 2207 1280 que
2237 1242 2271 1271 in

1264 1307 1277 1321 n
1303 1295 1503 1333 supradictis
1519 1294 1600 1324 loeis
1620 1294 1814 1332 perciperet.
1836 1295 1960 1324 Verum
1981 1299 2088 1324 tamen
2112 1295 2139 1324 si
2161 1294 2272 1333 aliquo

1265 1360 1277 1374 >³
1303 1357 1382 1377 casu
1401 1347 1607 1385 contingeret
1624 1347 1710 1385 quod
1731 1347 1827 1376 blada
1851 1351 1881 1376 et
1903 1347 2000 1377 vinee
2018 1356 2075 1385 per
2094 1352 2272 1385 tempesta-

1265 1413 1277 1427 »
1302 1405 1368 1430 tem
1384 1400 1436 1430 vel
1453 1400 1552 1429 talam
1569 1404 1679 1430 essent
1700 1400 1869 1429 devastata
1884 1399 1936 1429 vel
1956 1399 2123 1429 devastate
2143 1404 2270 1434 essent,

1265 1465 1278 1480 »
1303 1453 1338 1482 in
1355 1453 1493 1482 arbitrio
1511 1452 1719 1491 alioquorum
1736 1453 1896 1484 bonorum
1914 1453 2060 1481 virorum
2077 1452 2133 1490 qui
2150 1453 2273 1482 scirent

1265 1517 1278 1531 n
1303 1505 1471 1535 territoria
1493 1505 1663 1534 nominata
1686 1509 1715 1534 et
1737 1505 1918 1534 secundum
1936 1505 2022 1543 quod
2038 1509 2273 1542 cognoscerent

1266 1570 1278 1583 >1
1304 1558 1391 1596 quod
1405 1557 1551 1587 valerent
1566 1557 1676 1586 minus
1692 1557 1789 1587 feuda
1803 1566 1859 1595 pro
1872 1557 2112 1595 prenominatis
2128 1557 2271 1591 casibus,

1266 1623 1278 1636 »
1304 1611 1548 1640 diminueretur
1566 1609 1604 1639 de
1626 1618 1728 1639 censu
1749 1610 1902 1647 superius
1926 1609 2105 1638 nominato.
2131 1609 2272 1639 Servitia

1266 1675 1278 1689 >³
1304 1672 1381 1692 vero
1412 1672 1474 1701 que
1503 1662 1729 1700 supradictum
1757 1661 1938 1699 capitulum
1968 1662 2001 1690 in
2033 1661 2273 1699 prenominatis

1266 1728 1279 1742 »
1304 1716 1413 1745 feudis
1429 1715 1579 1753 percipit,
1601 1715 1696 1744 debet
1713 1714 1820 1744 dictus
1842 1714 1874 1744 S.
1894 1714 2047 1750 colligere
2066 1715 2150 1743 bona
2164 1714 2226 1743 tide
2244 1718 2274 1743 et

1266 1782 1278 1795 >³
1304 1769 1415 1799 omnia
1438 1768 1573 1798 reddere
1596 1768 1826 1806 prenominato
1845 1767 2000 1805 capitulo,
2019 1767 2192 1796 retinendo
2210 1767 2275 1795 sibi

1266 1834 1278 1848 η
1304 1831 1361 1860 pro
1392 1821 1503 1851 labore
1532 1830 1591 1850 suo
1619 1821 1783 1849 decimum
1811 1820 1984 1849 denarium
2009 1825 2039 1849 et
2062 1821 2275 1849 (It-xlaitrismes

1266 1888 1278 1901 >³
1304 1875 1438 1904 tertium
1453 1874 1618 1903 decimum
1632 1873 1817 1907 denarium,
1836 1877 1864 1902 et
1884 1873 1943 1902 hec
1960 1873 2071 1902 omnia
2085 1873 2275 1911 supradicta

1267 1941 1278 1954 »
1304 1928 1399 1957 firma
1426 1931 1537 1956 tenere
1558 1930 1589 1956 et
1612 1935 1645 1955 se
1667 1930 1781 1955 eontra
1803 1935 1868 1955 non
1890 1926 2002 1955 venire
2025 1926 2275 1963 prenominatus

1266 1993 1278 2007 >³
1305 1981 1337 2011 S,
1372 1980 1468 2009 tactis
1505 1979 1629 2009 sanctis
1667 1979 1858 2016 Evangeliis
1890 1978 2103 2016 corporaliter
2139 1979 2273 2017 juravit.

1266 2045 1279 2059 n
1304 2033 1419 2062 Dando
1447 2033 1583 2070 insuper
1609 2031 1821 2070 fidejussores
1848 2031 1887 2060 ad
1910 2031 2056 2069 predicta
2077 2031 2276 2061 attendenda

1267 2099 1279 2112 1)
1301 2087 1352 2116 Ja.
1372 2085 1576 2122 Sardangna,
1597 2084 1673 2114 Gui.
1693 2084 1846 2118 Fabi-um,
1868 2084 1906 2113 G.
1933 2084 2030 2113 Lobo.
2049 2085 2166 2113 Actum
2184 2084 2217 2112 in
2233 2084 2274 2112 ci-

1267 2151 1279 2165 n
1305 2139 1405 2168 vitate
1422 2138 1562 2176 Vapinci
1580 2137 1667 2166 infra
1687 2137 1868 2166 claustrum
1889 2137 1923 2165 in
1946 2146 2075 2166 camera
2098 2137 2181 2174 picta
2201 2145 2275 2165 cum

1267 2204 1279 2218 n
1305 2190 1448 2220 furnello
1474 2190 1508 2218 in
1535 2190 1701 2228 presentia
1725 2193 1837 2219 nostra
1860 2193 1891 2219 et
1914 2189 2049 2218 testium
2073 2189 2275 2226 subscripto—

1267 2257 1279 2271 »
1304 2254 1395 2273 rum.
1421 2242 1575 2272 videlicet
1602 2243 1637 2272 P.
1665 2242 1792 2274 decani.
1818 2242 1855 2271 B.
1881 2241 2117 2275 archidiaconi,
2144 2242 2195 2271 Ja.
2222 2250 2275 2270 sa-

1267 2309 1279 2323 n
1305 2297 1420 2331 criste,
1444 2297 1483 2325 R.
1508 2295 1682 2333 prepositi,
1706 2294 1836 2324 Ottonis
1858 2295 1981 2329 Heme,
2003 2295 2083 2323 Lan.
2106 2294 2144 2322 de
2164 2294 2274 2322 Monte

1267 2362 1279 2376 n
1305 2349 1442 2383 orserio,
1463 2349 1500 2377 R.
1519 2347 1640 2377 Montis
1658 2347 1820 2381 Bonoudi,
1837 2346 2071 2376 canonicorum
2087 2346 2275 2384 Vapincen-

1266 2415 1279 2429 »
1305 2403 1403 2433 sium.
1422 2402 1489 2431 Nos
1507 2409 1583 2430 vero
1606 2399 1828 2438 prenominati
1848 2400 1887 2429 R.
1908 2399 2081 2437 episcopus
2099 2403 2127 2428 et
2148 2398 2275 2436 capitu-

1267 2468 1279 2481 »
1305 2455 1372 2484 lum
1393 2457 1581 2492 presentem
1598 2457 1721 2481 cartam
1739 2452 1811 2481 fieri
1827 2451 1990 2490 jussimus
2007 2451 2095 2480 bulle
2114 2455 2225 2480 nostre
2245 2454 2276 2479 et

1267 2520 1279 2534 »
1305 2506 1408 2544 sigilli
1431 2505 1536 2535 nostri
1561 2504 1746 2533 munimine
1774 2504 1960 2533 roboratam
1986 2503 2020 2531 in
2048 2502 2274 2532 testimonium

1267 2572 1280 2586 »
1305 2559 1353 2589 rei
1370 2562 1470 2596 geste.
1493 2569 1505 2583 n

1304 2611 1397 2642 Nulli
1424 2615 1484 2640 ete.
1509 2614 1620 2639 nostre
1644 2608 1905 2639 confirmationis
1931 2612 1992 2638 etc.
2020 2608 2093 2637 Dat.
2119 2606 2272 2644 Neapoli,

1264 2666 1309 2695 VI
1326 2665 1401 2694 idus
1419 2663 1510 2698 maii,
1531 2672 1617 2692 anno
1631 2662 1748 2700 primo.
1767 2675 1779 2688 υ

1336 2823 1423 2851 ὔῦἵ

1302 2884 1334 2911 L.
1351 2884 1498 2919 capellano
1514 2891 1578 2916 suo,
1597 2882 1699 2909 rectori
1717 2880 1880 2916 patrimonii
1895 2880 1922 2905 b.
1938 2879 2010 2905 l‘ctri
2024 2879 2049 2904 in
2061 2877 2176 2909 Tuscia,
2190 2877 2275 2910 cujus

1854 2818 1971 2852 Naples,
1992 2818 2029 2843 ’μ’
2041 2817 2105 2850 juin
2128 2816 2204 2842 ¹255.

2121 2938 2150 2962 22
