2441 3330
195 237 250 266 152
920 239 1160 269 REGISTRES
1181 237 1488 269 D'ALEXANDRE
1514 241 1566 269 lV.

198 304 371 340 I'i'yorculo,
397 304 517 332 ordinis
541 306 641 333 sancti
663 306 845 342 .›1uyns!ini,
869 306 1044 334 Parmensis
1067 306 1202 334 diocesis.

194 355 302 385 Justis
318 357 502 393 petentium
519 358 905 396 011.11511110;1·0111111010.
922 358 1007 387 Sane
1019 358 1204 388 devotionis

194 412 301 438 vestre
321 409 436 446 petitio
453 410 641 439 continebat
663 411 747 449 quod
768 411 850 440 bone
870 411 1026 440 memorie
1045 411 1104 440 M..
1124 411 1203 440 Par-

193 461 319 490 mensis
332 462 516 500 episcopus,
533 462 570 491 de
588 472 751 492 consensu
765 463 997 492 canonicorum
1012 463 1203 492 Parmensis

194 513 348 549 ecclesie,
367 514 459 543 vobis
481 524 543 553 que
562 520 638 544 turn·
663 515 787 545 nnllam
809 516 846 545 de
870 515 1057 554 approbatis
1078 515 1203 551 reg-‘ulis

194 565 368 596 habebatis
383 567 555 597 ecelesiam
574 569 678 597 sancti
695 568 869 597 Michaelis
884 569 921 597 de
935 568 1112 603 Yieorculo
1129 577 1202 597 cum

192 618 405 656 pertinentiis
423 624 453 649 et
466 620 598 658 juribus
615 621 685 649 suis
702 621 836 658 provida
852 620 1051 650 liberalitate
1068 629 1203 650 conces-

194 671 247 706 sit,
266 676 361 709 prout
379 672 543 709 spectabat
563 673 602 702 ad
619 683 704 702 enin.
726 678 757 702 nt
775 673 809 702 in
827 682 864 702 ea
878 673 939 702 sub
954 682 1019 702 nna
1035 673 1074 702 de
1091 682 1202 711 appro-

192 722 279 751 batis
303 722 427 759 regulis
450 728 607 761 perpetuo
631 724 754 753 divinis
773 724 890 753 oiliciis
909 724 1082 753 vacaretis.
1100 724 1202 753 Vobis

193 783 324 813 quoque
341 776 547 812 postmodnm
566 776 651 805 beati
666 777 846 813 Augustini
864 776 1010 813 regulam
1029 785 1202 806 assumen-

194 826 282 856 tibus
299 826 438 857 dilectus
455 828 544 857 lilius
562 833 673 858 noster
689 830 739 861 O..
759 834 871 858 sancte
889 829 992 859 Mario
1008 829 1042 858 in
1059 829 1121 858 Via
1136 829 1203 858 lata

193 878 352 908 diaconus
374 880 568 910 cardinalis.
595 885 671 911 tune
692 881 727 910 111
748 881 815 911 11115
840 881 990 919 partibus
1015 881 1201 919 Apostolicc

193 931 289 962 sedis
306 932 445 969 legatus,
465 933 638 963 ecclesiam
658 938 688 963 et
705 934 853 971 regulam
867 934 1073 972 supradictas
1089 938 1201 963 aucto-

193 985 290 1015 ritate
306 995 363 1015 sue
380 986 556 1021 legationis
574 988 684 1016 favore
704 987 844 1025 propitio
867 987 1087 1022 contii-inavit,
1107 991 1201 1024 prout

192 1038 226 1066 111
248 1038 480 1067 instrumentis
498 1043 526 1068 ‹·t
549 1039 670 1069 litteris
690 1040 766 1069 inde
790 1040 949 1069 consectis
972 1040 1076 1078 ipsius
1094 1039 1201 1069 cardi-

193 1091 279 1121 nalis
294 1091 404 1127 sigillo
420 1092 558 1121 munitis
575 1093 696 1122 dicitnr
715 1093 846 1130 plenius
860 1093 1034 1122 0011110011.
1054 1093 1120 1122 Nos
1137 1093 1200 1129 igi-

193 1148 246 1173 1111·
267 1145 353 1182 quod
376 1154 433 1182 per
456 1145 559 1174 dictos
585 1146 774 1184 episcopum
803 1151 833 1175 ct
857 1146 1058 1175 cardinalem
1082 1146 1114 1174 111
1139 1145 1200 1175 hac

192 1201 284 1234 parte
301 1198 435 1235 provide
452 1198 574 1227 sactum
593 1203 639 1227 est
655 1202 762 1227 ratum
780 1203 810 1227 et
827 1203 954 1235 gratum
975 1198 1148 1228 babentes.
1167 1198 1199 1226 id

192 1249 387 1279 auctoritate
398 1250 574 1287 apostolica
586 1252 819 1279 confirmamus
829 1255 903 1285 etc„
920 1260 1023 1288 11511110
1036 1261 1041 1279 2
1057 1260 1199 1280 commu-

192 1301 314 1331 nimus.
333 1302 423 1331 Nulli
446 1307 506 1331 etc.
528 1307 638 1332 nostre
658 1303 919 1332 confirmationis
941 1308 1001 1332 etc.
1020 1304 1092 1332 Dat.
1116 1303 1199 1332 Nea-

190 1352 268 1391 poli,
285 1354 314 1382 X
333 1353 490 1384 kalendas
505 1355 604 1394 junii,
623 1364 709 1384 anno
727 1355 842 1393 primo.
865 1368 877 1381 »

260 1519 348 1547 522

225 1580 365 1615 Magistro
385 1586 414 1607 et
431 1581 568 1608 fratribus
584 1581 744 1617 Hospitalis
758 1581 992 1617 Jerosolymitani
1006 1582 1145 1617 indulget,
1167 1586 1199 1609 ut

189 1637 290 1655 omnes
306 1637 340 1655 ex
357 1629 430 1664 ipsis
445 1633 473 1656 et
485 1630 571 1656 oblati
582 1630 742 1665 Hospitalis
753 1631 862 1657 absolvi
874 1635 901 1657 et
912 1630 1075 1664 dispensari
1087 1631 1198 1657 valeant

191 1687 207 1704 a
221 1678 368 1713 prioribus
384 1679 447 1705 suis
463 1679 649 1714 presbyteris.
665 1679 746 1714 (Rea.
763 1679 808 1714 24,
825 1688 850 1706 c.
868 1679 928 1711 428,
945 1679 964 1707 f.
981 1679 1037 1711 61.)

793 1519 908 1554 Naplcs,
929 1520 960 1546 ts
977 1521 1030 1546 mai
1049 1520 1126 1547 1255.

232 1791 245 1806 «
262 1801 294 1814 ..‚
308 1781 456 1817 magistro
471 1785 497 1809 et
511 1781 662 1817 fratribus
678 1781 837 1818 hospitalis
846 1782 1099 1810 Jerosolimxicani.
1113 1781 1198 1817 Quia

188 1832 285 1869 proni
308 1836 384 1861 51101
403 1832 442 1861 ab
465 1832 688 1863 adolescentia
710 1832 857 1863 hominis
880 1842 998 1863 sensus
1016 1833 1055 1862 ad
1073 1833 1198 1863 malum

189 1887 220 1913 et
239 1892 314 1913 caro
336 1893 465 1922 semper
481 1888 575 1922 urget
597 1885 632 1914 in
649 1885 794 1923 culpam,
812 1889 1039 1924 quantumque
1060 1895 1117 1915 vos
1138 1895 1197 1924 pro

188 1940 296 1966 vestre
324 1941 436 1967 sancte
463 1937 637 1975 religionis
669 1938 880 1968 observantia
903 1938 938 1967 in
966 1938 1114 1968 Ecclesia
1136 1940 1197 1969 Dei

188 1987 360 2026 splendere
386 1990 587 2025 noscamini,
614 1990 760 2020 humana
786 1995 896 2020 tamen
916 1991 1098 2029 fragilitate
1118 2000 1196 2021 con-

188 2041 297 2079 tingit,
310 2042 395 2080 quod
405 2042 573 2072 interdum
590 2044 723 2082 quidam
737 2053 774 2074 ex
786 2044 879 2073 vobis
895 2048 958 2073 tam
973 2044 1085 2074 0101101
1097 2054 1196 2083 quam

187 2094 263 2124 laici
281 2096 441 2124 excedunt
457 2096 492 2125 in
507 2096 639 2126 casibus
656 2097 690 2126 in
707 2097 828 2135 quibus
845 2097 1196 2128 excommunicationis

187 2148 371 2177 sententias
388 2157 405 2177 a
422 2157 547 2178 canone
563 2149 787 2187 promulgatas
804 2153 835 2179 et
850 2149 937 2179 idem
956 2150 1068 2180 clerici
1085 2155 1195 2180 notam

186 2200 444 2237 irregularitatis
461 2201 646 2231 incurrunt.
667 2202 774 2238 Quare
786 2202 850 2232 fuit
866 2202 961 2232 nobis
974 2212 1011 2231 ex
1022 2207 1113 2241 parte
1126 2212 1195 2233 ves-

185 2257 236 2281 tra
254 2252 428 2283 humiliter
444 2253 676 2292 supplicatum,
694 2259 744 2290 ut,
767 2264 841 2284 cum
859 2263 923 2284 non
941 2255 1077 2284 omnino
1097 2264 1195 2293 expe-

185 2304 253 2335 diat
269 2305 391 2335 talibus
407 2315 465 2344 pro
482 2307 701 2337 absolutionis
717 2307 879 2338 beneficio
892 2312 923 2337 et
934 2308 1194 2346 dispensationis

185 2357 292 2393 gratia
308 2358 498 2388 obtinendis
517 2359 715 2395 discurrere,
734 2368 774 2389 nc
788 2359 840 2390 vel
856 2360 904 2390 eis
921 2360 1016 2390 detur
1032 2361 1194 2398 evagandi

184 2410 324 2439 materia
344 2410 395 2439 vel
417 2410 492 2440 aliis
507 2416 621 2441 contra
635 2412 723 2450 ipsos
737 2413 865 2442 occasio
879 2414 1109 2442 murmurandi
1122 2423 1192 2452 pro-

185 2461 296 2491 videre
316 2471 414 2500 super
432 2463 492 2493 hoc
509 2464 769 2494 misericorditer
788 2465 994 2495 deberemus.
1009 2466 1077 2495 Nos
1090 2466 1193 2503 igitur

183 2514 304 2544 vestris
319 2515 474 2552 precibus
492 2516 656 2551 inclinati,
674 2517 841 2554 prioribus
855 2518 974 2547 vestris
987 2518 1192 2556 presbyteris

182 2568 389 2604 present-ium
402 2570 597 2600 auctoritate
610 2570 858 2605 committimus,
876 2575 912 2599 ut
925 2571 1078 2600 omnibus
1091 2580 1129 2601 ex
1140 2581 1192 2602 vo-

182 2621 234 2650 bis
251 2625 282 2651 et
297 2621 417 2651 oblatis
434 2622 617 2660 Hospitalis
634 2623 735 2653 vestri
752 2623 960 2653 absolutione
972 2633 1008 2653 ac
1022 2624 1191 2662 dispensa-

181 2673 271 2703 tione
290 2674 535 2712 indigentibus,
558 2675 627 2705 sive
647 2680 825 2714 antequam
847 2676 887 2705 ad
909 2676 1105 2713 religionem
1128 2677 1192 2706 hu-

178 2727 325 2764 J'usmodi
361 2727 621 2763 consolaverint,
661 2729 730 2758 sive
768 2733 881 2766 postea
917 2730 1119 2759 excesserint
1155 2730 1190 2759 in

181 2779 314 2809 casibus
338 2780 553 2817 supradictis,
578 2781 773 2811 auctoritate
797 2786 909 2811 nostra
932 2782 970 2811 de
990 2783 1191 2820 prudentum

180 2830 328 2861 virorum
356 2832 496 2861 consilio
522 2833 713 2871 impendant
741 2834 960 2864 absolutionis
991 2835 1190 2865 beneficium

176 2883 271 2921 juxta
288 2884 427 2913 sormam
443 2885 589 2915 Ecclesie
607 2895 642 2915 ac
659 2886 851 2925 dispensent
866 2896 939 2917 cum
956 2888 1080 2918 eisdem
1097 2888 1190 2918 cleri-

1287 304 1334 333 cis
1348 304 1596 342 dispensatione
1615 306 1854 343 indigentibus.
1874 311 1967 344 prout
1989 307 2170 336 secundum
2189 308 2294 337 Deum

1287 357 1405 386 viderit
1423 358 1591 395 expedire,
1611 359 1675 387 nisi
1693 359 1773 389 adeo
1790 363 1901 389 essent
1919 359 2070 389 difficiles
2089 365 2119 389 et
2142 369 2293 390 enormes

1287 418 1440 439 excessus
1455 411 1541 448 quod
1554 411 1670 440 merito
1684 420 1741 450 pro
1755 411 1821 441 hiis
1835 412 1991 442 deberent
2006 412 2044 441 ad
2059 413 2175 442 Sedem
2193 414 2292 451 Apos-

1287 462 1417 491 toli‹·am
1431 462 1603 492 destinari.
1621 464 1756 493 Proviso
1771 468 1805 493 ut
1819 464 1926 502 passis
1940 464 2095 503 injuriam
2108 468 2137 494 et
2151 465 2293 503 dampna

1286 524 1429 550 congrue
1455 516 1606 544 satisfiat.
1635 517 1851 546 Presentibus
1874 522 1943 555 post
1968 526 2090 546 annum
2119 522 2293 556 postquam

1287 567 1476 606 hujusmsnli
1496 568 1604 597 littere
1625 569 1716 598 vobis
1732 574 1919 607 presentati¹
1937 570 2059 599 suerint
2083 570 2219 599 minime
2235 579 2292 599 va-

1286 621 1408 649 lituris.
1424 622 1496 650 Dat.
1515 621 1665 659 N‹·apoli.
1682 622 1740 651 XV
1754 621 1913 652 kalendas
1927 622 2028 661 junii,
2042 631 2128 652 111100
2141 623 2258 660 primo.
2276 634 2289 648 n

1355 806 1446 833 523

1284 854 1288 860 .
1321 868 1425 894 Abbati
1442 876 1466 894 5.
1487 867 1605 894 Vedasti
1623 868 1824 895 Atrebatensis
1836 868 1973 901 indulget,
1993 873 2022 894 ut
2039 869 2291 903 pontificatibusin

1284 918 1403 950 synodis
1421 917 1459 942 nti
1478 918 1578 950 possit.
1595 916 1682 951 (1110,
1698 917 1741 946 ²24,
1758 925 1783 944 c.
1802 917 1862 949 4²29,
1879 917 1898 943 s.
1916 917 1969 943 6¹¹.)

1889 806 2004 841 Naides,
2019 806 2053 833 ςΞΟ
2070 808 2124 833 mai
2143 807 2220 835 1255.

1326 1029 1337 1042 u
1366 1040 1398 1051 ..,
1427 1019 1528 1046 abbati
1552 1019 1732 1047 monasterii
1752 1019 1851 1047 sancti
1878 1018 1992 1047 vedasti
2015 1019 2234 1054 Atrebalensis‘,
2251 1019 2292 1048 ad

1283 1071 1449 1099 Romanam
1469 1071 1629 1099 Ecclesiam
1652 1072 1736 1100 nullo
1755 1071 1850 1100 medio
1862 1072 2056 1108 pertinentis.
2075 1071 2142 1101 Tua
2160 1071 2292 1101 sincera

1283 1122 1413 1152 devotio
1427 1122 1466 1151 ad
1481 1122 1598 1152 Sedem
1613 1122 1822 1160 apostolicam
1837 1128 2088 1161 perseveranter
2104 1123 2217 1153 habita
2231 1132 2290 1154 nos

1282 1174 1409 1203 inducit
1432 1178 1466 1204 ut
1490 1175 1554 1205 tuis
1579 1175 1729 1205 honestis
1751 1176 1968 1214 petitionibus
1993 1176 2174 1214 benignum
2197 1185 2291 1206 acco-

1282 1226 1454 1256 modantes
1477 1228 1642 1263 auditum,
1667 1238 1722 1257 eas
1745 1233 1904 1267 quantum
1926 1238 1999 1259 01110
2023 1230 2090 1259 Ι)οο
2114 1237 2290 1267 possumus

1283 1279 1323 1309 ad
1346 1280 1568 1309 exauditionis
1591 1281 1730 1317 gratiam
1754 1281 1979 1310 admittamus.
1999 1281 2082 1312 Cuin
2105 1282 2207 1318 igitur
2229 1281 2290 1311 tibi

1283 1341 1301 1361 a
1317 1332 1400 1362 Sede
1417 1332 1594 1370 apostoliea
1609 1333 1660 1361 eui
1682 1333 1871 1363 immediate
1888 1333 2024 1363 subesse
2041 1334 2225 1364 dinosceris
2241 1333 2289 1363 in-

1282 1385 1410 1415 dultum
1435 1386 1553 1415 existat
1579 1390 1613 1415 ut
1640 1386 1689 1415 1111
1712 1386 1958 1424 pontificalibus
1982 1386 2108 1419 valeas.
2137 1395 2197 1417 nos
2222 1386 2289 1417 tuis

1282 1437 1581 1476 supplicationibus
1611 1438 1784 1474 inclinati,
1813 1444 1847 1469 ut
1872 1439 1954 1477 ipsis
1982 1438 2227 1477 pontificalibus
2253 1439 2288 1469 in

1282 1490 1419 1528 synodis
1439 1491 1486 1519 uti
1510 1491 1632 1528 possis.
1657 1492 1811 1529 quotiens
1831 1496 1860 1521 10
1879 1492 1918 1521 ad
1935 1501 1990 1521 eas
2012 1492 2121 1521 vocari
2143 1491 2290 1529 eontige-

1282 1543 1335 1578 rit,
1354 1544 1549 1574 auctoritate
1566 1544 1624 1573 tibi
1641 1545 1847 1582 presentium
1867 1545 2090 1582 indulgemus.
2112 1544 2204 1574 Nulli
2227 1549 2288 1574 etc.

1282 1601 1393 1626 nostre
1414 1597 1640 1627 concessionis
1665 1602 1726 1627 etc.
1752 1598 1824 1627 Dat.
1850 1597 2008 1636 Neapoli,
2027 1598 2111 1628 XIII
2130 1597 2290 1627 kalendas

1277 1650 1378 1689 junii,
1396 1658 1483 1679 anno
1499 1649 1615 1687 primo.
1636 1662 1648 1675 1)

1351 1837 1442 1866 5924
1883 1837 1998 1872 Naples.
2015 1837 2050 1864 23
2065 1837 2120 1864 mai
2139 1837 2216 1865 1255.

1317 1899 1429 1925 statuta
1445 1899 1654 1934 archiepiscopi
1671 1899 1851 1934 Neapolitani
1872 1900 1906 1926 de
1927 1900 2115 1934 proventibus
2136 1900 2288 1926 beneficio-

1279 1956 1343 1974 rum
1355 1948 1617 1974 ecclesiasticorum
1628 1948 1753 1974 diocesis
1764 1947 1968 1983 Neapolitanae
1979 1948 2137 1975 confirmat.
2149 1948 2232 1982 (aaa.
2242 1948 2286 1980 24.

1279 2005 1303 2023 0.
1322 1996 1383 2027 430,
1402 1996 1419 2022 s.
1438 1997 1494 2029 61.)

1321 2110 1334 2124 «
1356 2121 1388 2133 ..‚
1406 2099 1631 2136 archiepiscopo
1647 2103 1672 2127 et
1689 2099 1806 2128 dilectis
1820 2099 1896 2135 filiis
1914 2099 2049 2136 capitulo
2070 2103 2096 2128 et
2115 2099 2193 2127 clero
2207 2099 2287 2128 civi-

1281 2152 1351 2180 tatis
1367 2156 1392 2179 et
1408 2151 1533 2180 diocesis
1552 2152 1838 2189 Neapolitanorum.
1863 2151 2019 2181 Provenit
2042 2160 2080 2181 ex
2102 2150 2287 2181 devotionis

1279 2221 1327 2232 —.
1344 2204 1429 2233 Sane
1446 2208 1594 2242 porrecta
1611 2204 1707 2234 nobis
1723 2214 1759 2234 ex
1777 2208 1868 2242 parte
1884 2208 1994 2234 vestra
2009 2204 2126 2242 petitio
2141 2203 2286 2234 contine-

1277 2256 1333 2286 bat
1345 2256 1431 2295 quod
1443 2256 1526 2286 bone
1538 2257 1696 2286 memorie
1708 2280 1740 2291 ..,
1752 2256 1992 2295 Neapolitanus
2004 2255 2284 2294 archiepiscopus,

1277 2308 1490 2347 predecessor
1518 2314 1608 2343 tuus,
1637 2310 1739 2339 frater
1767 2309 2028 2348 archiepiscope,
2055 2309 2094 2339 de
2121 2316 2286 2339 consensu

1278 2361 1414 2400 capituli
1431 2361 1494 2396 5111,
1515 2362 1642 2392 statuit.
1660 2366 1693 2391 111
1711 2362 1943 2401 unusquisque
1959 2361 2139 2391 canonicus
2154 2360 2207 2391 vel
2219 2360 2285 2391 cle-

1277 2414 1366 2444 ricus
1388 2414 1524 2453 majoris
1547 2419 1578 2444 et
1599 2414 1739 2444 aliarum
1761 2414 1977 2444 ecclesiarum
1995 2414 2140 2444 civitatis
2161 2418 2192 2444 et
2213 2413 2286 2444 dio-

1277 2466 1363 2497 cesis
1380 2466 1598 2505 Neapolitane
1617 2471 1692 2497 ante
1708 2467 1867 2497 kalendas
1886 2467 1998 2496 martii
2014 2471 2044 2496 et
2065 2467 2153 2496 infra
2167 2466 2285 2496 kalen-

1277 2519 1334 2549 das
1359 2519 1548 2549 novembris
1571 2519 1659 2549 diem
1675 2524 1858 2549 extremum
1873 2518 2030 2550 claudens
2046 2518 2284 2549 beneficiorum

1277 2581 1412 2602 suorum
1429 2572 1590 2602 dictarum
1611 2573 1826 2603 ecclesiarum
1842 2572 1986 2602 civitatis
2004 2576 2035 2601 et
2048 2571 2190 2602 diocesis
2206 2579 2283 2610 pro-

1275 2629 1405 2660 ventus,
1427 2634 1508 2663 quos
1526 2630 1594 2655 erat
1612 2625 1652 2655 ab
1671 2625 1796 2655 eisdem
1815 2625 1967 2655 kalendis
1985 2624 2098 2654 martii
2117 2632 2223 2663 usque
2242 2623 2283 2654 ad

1274 2679 1420 2716 prefatas
1435 2678 1624 2708 novembris
1639 2678 1799 2708 kalendas
1815 2687 1853 2708 ex
1868 2678 1951 2716 ipsis
1967 2677 2139 2707 beneficiis
2151 2684 2282 2716 percep-

1275 2735 1389 2766 turus,
1416 2735 1527 2769 posset
1548 2731 1698 2769 judicare
1724 2735 1755 2760 et
1779 2731 1945 2761 dimittere
1967 2730 2021 2761 cui
2043 2729 2153 2765 vellet,
2173 2733 2204 2759 et
2218 2728 2281 2759 hoc

1274 2784 1360 2814 idem
1377 2783 1427 2813 illi
1442 2784 1555 2814 liceret
1569 2784 1607 2813 de
1622 2784 1798 2813 medietate
1811 2788 2031 2822 proventuum
2043 2782 2281 2813 beneficiorum

1274 2836 1421 2874 ipsorum
1443 2845 1506 2874 que
1527 2840 1602 2866 ante
1623 2836 1782 2866 kalendas
1803 2836 1992 2866 novembris
2011 2836 2101 2865 infra
2120 2833 2280 2865 kalendas

1273 2888 1385 2917 martii
1401 2887 1501 2917 rebus
1518 2888 1718 2918 eximeretur
1740 2888 1908 2923 humanis,
1926 2887 2110 2918 successori
2125 2887 2197 2926 eJus
2209 2894 2279 2916 me-
