2498 3325
227 253 284 282 400
951 252 1190 283 REGISTRES
1212 252 1518 284 D'ALEXANDRE
1541 254 1597 284 IV.

229 319 381 345 ecclesiam
408 318 437 345 S.
470 318 604 345 Matthaei
637 318 672 344 de
707 318 851 344 Merulaua
886 318 914 344 in
942 317 1020 344 Urbe
1054 318 1229 352 incorporat.

231 368 312 399 (Rhe.
327 368 369 397 Ἡ,
388 368 405 394 f.
427 367 483 400 lii-⁶³,
501 376 566 393 ann⁴
583 366 659 394 11.c.
677 367 751 399 279.)

269 482 281 493 «
298 491 331 504 ..,
350 469 495 505 mayislro
506 468 625 496 ordinis
641 474 665 497 r!
676 469 828 504 fratribus
843 469 1002 506 hospitalis
1017 469 1126 498 Sancte
1137 470 1231 499 ⁴llaric³

228 523 455 557 Crzcclsa‘rormn
473 522 681 549 Bononiensis.
693 521 855 557 Quoniam
874 522 907 550 in
922 521 1098 552 alimonias
1113 532 1231 562 paupe-

228 583 299 603 rum
318 578 347 603 et
366 574 572 602 intirmorum
591 574 674 602 hona
691 578 798 603 vestra
813 573 964 609 fideliter,
979 579 1013 604 ut
1030 576 1228 613 accepimus,

227 627 469 664 dispensantes,
483 626 562 655 adeo
577 626 737 655 creditum
752 626 842 656 vobis
856 627 996 656 studetis
1009 627 1230 666 multiplicare

227 679 398 708 talentum.
427 678 513 717 quod
544 678 641 715 ‹lig-sne
677 679 910 716 promeremini
941 680 1099 710 constitui
1133 690 1231 719 super

226 731 331 770 plura,
350 740 419 761 nos.
438 731 623 761 devotionis
640 736 746 762 vestre
764 732 916 769 precibus
934 732 1098 767 inclinati,
1117 733 1231 772 bospi-

229 784 289 814 tale
309 789 339 813 ct
359 784 531 813 ecclesiam
554 784 665 813 Sancti
684 784 807 814 Mathei
827 785 865 814 de
882 785 1055 815 Merulana
1073 786 1108 815 in
1129 786 1229 821 Urbe,

227 838 266 867 ad
281 846 339 867 nos
355 837 544 866 immediate
557 837 751 875 spectantia,
766 842 874 868 vestro
889 839 1085 870 auctoritate
1098 848 1230 878 presen-

229 891 309 920 tium
332 890 581 928 incorporantes
603 890 722 923 ordini,
749 900 785 920 ea
811 900 885 919 cum
907 892 1061 922 omnibus
1082 892 1231 931 ipsorum

226 944 437 982 pertinentiis
459 943 551 973 vobis
573 948 603 972 et
626 953 682 982 per
704 953 759 973 vos
784 945 1034 975 successoribus
1055 947 1175 977 vestris
1195 947 1230 976 in

226 1001 420 1035 perpetuum
449 996 487 1026 de
513 1001 669 1026 consueta
697 997 791 1027 Sedis
822 997 1000 1035 apostolice
1029 998 1231 1030 liberalitate

227 1049 429 1079 conserimus
446 1049 485 1077 ad
507 1058 601 1078 usum
626 1058 807 1087 pauperum
824 1050 1049 1088 predictorum
1068 1062 1074 1080 :
1094 1061 1134 1082 ne
1155 1053 1231 1091 quis

226 1102 289 1140 ipsi
307 1102 480 1140 quibusvis
495 1101 569 1131 aliis
590 1102 705 1131 usibus
723 1102 889 1141 applicare
911 1104 962 1134 vel
982 1104 1140 1143 deputare
1156 1115 1231 1144 pre-

226 1158 345 1190 sumat,
361 1154 545 1184 districtius
560 1154 751 1185 inhibentes
772 1165 808 1185 ac
830 1156 1045 1188 decernentes
1072 1158 1231 1197 quicquid

225 1207 263 1237 de
280 1207 448 1245 hospitali,
467 1207 606 1237 ecclesia
622 1212 652 1237 et
668 1209 881 1246 pertinentiis
899 1211 1099 1248 supradictis
1118 1216 1232 1241 contra

225 1260 473 1290 concessionem
490 1265 635 1290 nostram
653 1262 777 1291 sactum
793 1262 895 1292 fuerit
911 1263 1044 1293 irritum
1066 1268 1096 1294 et
1117 1264 1229 1294 inane.

225 1313 274 1343 Ad
291 1323 328 1343 ea
344 1313 480 1351 insuper
501 1314 657 1344 universa
678 1315 853 1353 privilegia
873 1316 952 1346 dicti
971 1318 1099 1348 ordinis
1117 1323 1231 1349 exten-

226 1367 351 1402 dentes,
375 1367 460 1405 quod
486 1367 754 1398 immunitatibus
778 1378 836 1407 per
853 1369 910 1399 illa
932 1371 1041 1400 ordini
1063 1372 1231 1402 concessis

227 1419 333 1449 eidem
349 1419 499 1457 gaudeat,
516 1420 738 1458 indulgemus.
758 1422 851 1452 Nulli
872 1427 933 1453 etc.
952 1428 1063 1454 nostre
1083 1424 1232 1455 collatio-

226 1472 524 1509 nis,inbibitionis,
535 1474 782 1505 constitutionis
796 1479 826 1505 et
838 1476 1063 1506 concessionis
1078 1481 1137 1508 etc.
1156 1478 1228 1508 Dat.

226 1525 393 1560 Laterani,
411 1525 521 1555 idibus
539 1526 630 1562 maii,
650 1536 736 1557 anno
755 1529 909 1559 secundo,
932 1541 944 1555 ›>

300 1710 318 1736 Ι
327 1709 413 1737 342

262 1769 308 1802 0.,
325 1770 356 1798 S.
373 1770 478 1797 Mariae
495 1772 522 1798 in
541 1771 593 1798 Via
610 1773 664 1798 lata
680 1772 800 1799 diacono
816 1773 962 1806 cardinali,
981 1776 1106 1810 mandat,
1120 1780 1150 1803 ut
1166 1785 1233 1803 cos—

226 1817 290 1844 dem
313 1819 483 1853 magistrnm
504 1825 531 1846 et
553 1820 656 1847 fratres
678 1821 828 1855 hospitalis
849 1822 879 1849 S.
897 1822 1001 1849 Mariae
1018 1823 1231 1852 Cruciserorum

226 1867 255 1892 in
272 1867 448 1901 corporalem
467 1869 682 1902 possessionem
699 1869 837 1895 ccclesiae
850 1874 877 1896 et
889 1871 1039 1906 hospitatis
1052 1872 1080 1898 S.
1096 1873 1232 1901 Matthaei

225 1914 341 1941 inducat
353 1919 380 1942 et
392 1915 523 1942 defendat
536 1917 679 1944 inductos.
692 1917 774 1951 (ltso.
790 1918 834 1949 231,
847 1919 866 1945 f.
884 1919 1122 1953 168v‚an11.11‚c.
1137 1921 1188 1949 ‘219
1199 1923 1232 1956 ².)

822 1711 934 1743 Latran,
959 1713 990 1739 115
1009 1714 1063 1740 mai
1083 1714 1160 1741 1-256.

267 2028 279 2041 «
302 2016 344 2052 0.,
367 2018 475 2046 Sancte
491 2018 586 2046 Murio
603 2019 635 2047 in
656 2020 707 2048 Via
729 2020 790 2048 lala
811 2020 939 2050 diacono
959 2022 1125 2052 cardinali.
1145 2024 1233 2060 Quo-

226 2068 316 2097 niam
334 2068 445 2098 dilecti
464 2069 525 2098 filii
542 2088 588 2098 —.
612 2071 682 2100 Dat.
704 2075 739 2101 ut
758 2081 866 2110 supra.
891 2085 903 2099 ι)

299 2254 317 2280 Ι
325 2253 412 2281 343

261 2313 456 2349 infrascriptis
483 2315 626 2350 indulget,
644 2321 674 2343 ut
696 2317 729 2343 ad
752 2318 944 2346 exhibendum
965 2322 1076 2356 aliquas
1095 2332 1232 2358 procura-

810 2256 922 2287 Lan-an.
943 2259 980 2285 12,-
995 2261 1064 2287 avril
1085 2262 1159 2290 1256.

227 2361 321 2388 tiones
337 2366 386 2389 aut
402 2364 576 2398 exactiones,
590 2367 799 2399 procurationis
816 2370 940 2402 nomine,
954 2371 1056 2405 legatis
1068 2374 1110 2400 vel
1123 2375 1232 2402 nuntiis

226 2409 310 2436 Sedis
325 2412 575 2444 a1)0stolic:ie‚11isi
592 2414 624 2439 ad
641 2414 757 2441 domum
772 2425 868 2443 eornm
884 2418 1101 2454 declinaverint,
1116 2423 1232 2450 minime

226 2462 386 2486 teneantur.
405 2460 486 2492 (Hm.
505 2460 548 2493 Ἡ,
566 2462 584 2487 s.
606 2463 674 2493 lssSV,
692 2473 758 2490 auu.
779 2465 816 2499 ll,
833 2474 858 2492 c.
875 2467 949 2501 Ε280.)

267 2573 279 2586 «
300 2583 332 2596 ..‚
344 2562 454 2598 priori,
470 2567 495 2590 et
508 2564 659 2598 fratribus
674 2565 829 2596 heremitis
843 2568 1087 2601 Cnmnldulcnsis
1103 2574 1229 2612 heremi,

224 2614 346 2642 Aretine
369 2614 502 2643 diocesis.
529 2616 626 2645 Sacre
649 2616 821 2655 religionis
844 2625 950 2652 vestre
970 2641 1018 2652 —.
1042 2625 1114 2654 Dat.
1136 2627 1231 2657 Late-

224 2666 310 2702 rani,
329 2666 480 2697 kalendis
500 2668 626 2706 aprilis,
646 2679 732 2700 anno
749 2674 904 2704 secundo.
925 2688 937 2702 ›>

299 2845 413 2872 13⁴4
826 2851 939 2884 Lati-sin,
963 2855 988 2881 11
1009 2858 1061 2882 mai
1083 2858 1158 2885 1250.

261 2906 421 2940 Capitulum
438 2908 542 2934 eccffcsi
554 2918 577 2933 ie
595 2908 625 2936 S.
642 2909 751 2937 Nazurii
771 2913 796 2938 iu
816 2912 911 2940 Brolio
926 2915 1229 2955 Mediolanensisqua-

1315 318 1394 344 tinus
1412 317 1580 344 Landulsum
1598 318 1632 344 de
1650 319 1760 353 Kaudc,
1775 321 1971 355 praepositum
1987 320 2128 359 ecclcsiae
2144 320 2178 347 de
2193 320 2324 356 Sagram,

1315 366 1456 401 recipiant
1472 367 1498 392 in
1517 368 1699 393 canonicum.
1717 367 1788 400 (lieo
1817 368 1862 402 et,
1882 368 1901 395 s.
1923 367 1994 399 lGS',
2011 376 2078 394 ann.
2096 368 2138 402 ΙΙ,
2154 376 2179 395 c.
2197 368 2270 402 281.)

1356 481 1368 494 ι(
1391 492 1422 503 ..,
1440 470 1600 506 preposito,
1619 474 1644 498 el
1661 470 1796 507 capituto
1809 470 1925 498 erclesa'e
1940 470 2048 499 Sancti
2061 471 2192 499 Nazarii
2207 472 2239 500 in
2254 472 2324 500 Bro-

1315 523 1356 551 lio
1374 523 1618 552 Mediolanensi&
1640 522 1820 553 Credentes
1838 532 1893 552 vos
1908 523 1965 553 illa
1984 532 2062 561 erga
2078 532 2137 553 nos
2154 528 2185 554 et
2202 525 2324 554 Roma-

1316 584 1391 604 nam
1411 574 1593 605 Ecclesiam
1611 575 1796 605 devotionis
1819 575 2012 606 sinceritate
2034 576 2172 611 fervere,
2192 581 2228 606 ut
2250 585 2326 615 pre-

1315 637 1367 658 ces
1386 632 1527 663 nostras,
1545 628 1644 658 etiam
1665 629 1692 658 si
1709 638 1764 658 cas
1782 638 1838 667 pro
1859 629 2024 659 extraneis
2041 629 2236 667 dirigamus,
2253 633 2326 659 stu-

1315 681 1420 710 deatis
1434 681 1566 711 ess'ectui
1583 681 1783 719 mancipare.
1800 682 1978 720 Speramus
1996 682 2134 712 firmiter
2145 681 2221 712 illas
2238 690 2256 712 a
2272 689 2323 712 vo-

1315 733 1376 768 bis,
1395 743 1469 763 cum
1486 734 1701 772 porriguntur
1718 744 1775 773 pro
1792 735 1876 765 votis
1895 739 1925 765 et
1943 735 2168 773 compatriotis
2191 734 2323 770 vestris,

1315 795 1352 816 eo
1368 787 1551 825 promptius
1569 787 1742 825 adimpleri
1755 797 1818 826 quo
1835 787 1873 818 de
1889 787 2063 818 sinceriori
2079 788 2198 818 affectu
2213 796 2324 826 proce-

1315 840 1390 869 dere
1410 840 1644 875 dinoscuntur,
1665 840 1806 870 maxime
1826 840 1903 869 dum
1924 849 2077 878 rogamus
2098 849 2156 878 pro
2179 839 2247 870 illis
2266 839 2324 879 qui

1315 902 1372 923 suc
1393 893 1566 932 probitatis
1585 894 1714 924 meritis
1734 893 1942 932 prerogativa
1959 897 2035 923 sunt
2057 892 2212 932 specialis
2230 893 2325 923 favo-

1314 948 1361 977 ris
1378 952 1409 978 et
1425 949 1530 985 gratie
1547 948 1747 986 preferendi.
1771 948 1857 978 Hinc
1876 952 1923 978 est
1941 947 2027 987 quod
2046 957 2103 986 pro
2119 947 2239 978 dilecto
2255 946 2325 978 filio

1316 1001 1478 1031 Landulso
1493 1001 1531 1030 de
1548 1001 1675 1036 Kaude,
1695 1001 1860 1040 preposito
1878 1001 2016 1031 ecclesie
2033 1001 2072 1030 de
2090 1001 2238 1038 Sagrate,
2254 1000 2324 1030 Me-

1315 1054 1520 1084 diolanensis
1537 1052 1690 1090 diocesis,
1704 1054 1742 1085 de
1760 1064 1823 1093 quo
1841 1054 2007 1084 laudabile
2023 1053 2218 1092 perhibetur
2235 1052 2325 1083 testi-

1315 1106 1463 1135 monium
1488 1115 1596 1135 coram
1620 1106 1727 1141 nobis,
1756 1106 2009 1136 universitatem
2034 1109 2177 1135 vestram
2203 1112 2327 1142 rogan·

1316 1159 1390 1188 dam
1416 1159 1569 1189 duximus
1601 1163 1724 1189 attente
1761 1164 1791 1189 et
1822 1159 2030 1194 hortandam,
2063 1167 2121 1197 per
2143 1157 2323 1196 apostolica

1316 1211 1408 1241 vobis
1425 1212 1548 1250 scripta
1564 1212 1770 1247 mandantes,
1789 1212 1947 1251 quatinus
1961 1211 2070 1250 ipsum
2087 1219 2144 1250 pro
2163 1215 2277 1240 nostra
2292 1214 2325 1240 et

1316 1264 1495 1303 apostolice
1516 1265 1610 1295 Sedis
1635 1264 1832 1299 reverentia,
1854 1273 1912 1294 sue
1934 1272 2064 1302 quoqne
2086 1263 2245 1293 bonitatis
2265 1262 2325 1293 oh-

1316 1321 1420 1353 teum,
1440 1317 1474 1346 in
1492 1317 1633 1347 ecclesia
1649 1321 1769 1351 vestra,
1789 1317 1822 1346 in
1841 1326 1905 1355 qua
1925 1316 2168 1355 prebendarum
2191 1315 2327 1346 collatio

1316 1370 1356 1400 ad
1373 1379 1429 1400 vos
1446 1369 1613 1408 pertinere
1632 1369 1764 1401 dicitur.
1786 1369 1955 1408 recipiatis
1972 1369 2006 1398 in
2024 1368 2222 1398 canonicum
2238 1372 2270 1398 et
2286 1367 2323 1397 in

1316 1423 1464 1459 fratrem,
1483 1423 1615 1461 sibique
1631 1423 1670 1452 de
1686 1421 1864 1461 prebenda,
1891 1421 1919 1452 si
1936 1430 2002 1461 qua
2024 1421 2148 1451 ibidem
2172 1424 2265 1450 vacat
2283 1419 2325 1450 ad

1315 1484 1453 1514 presens
1467 1475 1517 1506 vel
1532 1475 1698 1514 quamcito
1711 1475 1751 1505 ad
1767 1474 1800 1504 id
1817 1484 1851 1505 se
1868 1474 2009 1504 facultas
2021 1473 2190 1509 obtulerit,
2205 1472 2324 1503 libera-

1315 1529 1392 1559 liter
1414 1529 1587 1567 providere
1608 1528 1743 1558 curetis.
1762 1528 1835 1558 Non
1857 1528 2008 1558 obstante
2029 1531 2152 1557 statuto
2173 1526 2212 1556 de
2235 1529 2327 1556 certo

1316 1582 1551 1612 canonicorum
1571 1591 1721 1617 numero,
1736 1582 1926 1621 juramento
1941 1598 1990 1610 -.
2009 1581 2129 1611 Preces
2145 1583 2276 1610 nostras
2292 1582 2324 1610 et

1316 1635 1509 1665 mandatum
1536 1635 1646 1664 taliter
1670 1634 1852 1673 impleturi,
1877 1634 1964 1673 quod
1987 1633 2075 1664 idem
2096 1634 2132 1663 L.
2158 1632 2245 1672 apud
2266 1640 2324 1662 vos

1317 1688 1450 1727 assequi
1484 1687 1570 1727 quod
1600 1687 1755 1722 intendit,
1787 1695 1913 1726 nosque
1943 1686 2152 1716 devotionem
2180 1688 2327 1716 vestram

1316 1741 1427 1779 dignis
1447 1741 1564 1770 exinde
1581 1740 1615 1770 in
1634 1740 1775 1770 Domino
1797 1739 1953 1769 laudibus
1973 1738 2091 1769 merito
2115 1737 2326 1768 commende-

1317 1802 1401 1823 mus.
1420 1794 1490 1823 Dat.
1511 1793 1679 1828 Laterani,
1696 1793 1725 1822 V
1741 1792 1815 1822 idus
1832 1791 1927 1826 maii,
1947 1800 2033 1821 anno
2051 1790 2207 1821 secundo.
2229 1802 2242 1817 »

1391 1977 1506 2006 1345

1351 2040 1449 2066 Ottoni
1470 2039 1504 2065 de
1529 2038 1680 2071 Lasarrea,
1698 2038 1901 2065 archidiacono
1923 2037 2128 2064 Rubcimontis
2148 2037 2175 2063 in
2201 2036 2325 2064 ecclesia

1318 2088 1485 2122 Bisontina,
1510 2087 1624 2114 mandat
1646 2088 1783 2122 quatinus
1808 2086 1924 2121 liugoni
1940 2086 2016 2113 dicto
2034 2086 2276 2120 Archicpiscopo‚
2295 2085 2325 2112 in

1315 2137 1486 2164 canonicum
1511 2137 1650 2163 ecclesiae
1675 2136 1848 2162 cathedralis
1867 2137 1927 2170 jam
1952 2139 2082 2170 recepto,
2107 2134 2141 2160 de
2163 2133 2325 2169 praebenda

1315 2187 1400 2213 saciat
1421 2185 1567 2217 exhiberi,
1586 2193 1641 2211 non
1658 2185 1791 2211 obstante
1813 2185 1929 2219 capituli
1948 2183 2092 2210 Bisuntini
2109 2183 2224 2210 decreto
2242 2190 2327 2216 prac-

1315 2238 1394 2261 textu
1412 2234 1618 2261 constitutione
1634 2233 1669 2259 de
1685 2238 1808 2268 quzuuor
1824 2233 1972 2259 canonicis
1987 2231 2168 2259 solummodo
2181 2231 2326 2266 recipien-

1314 2283 1368 2310 dis.
1385 2283 1468 2316 (Rea.
1486 2283 1530 2313 24,
1548 2283 1566 2308 i.
1589 2282 1658 2313 issSV,
1676 2290 1742 2308 amu.
1760 2280 1796 2313 lt,
1815 2290 1840 2308 c.
1859 2281 1931 2313 ‘as-2)

1900 1975 2013 2009 Latran,
2031 1975 2060 2002 31
2081 1983 2158 2001 mars
2176 1975 2252 2002 1-256.

1356 2399 1369 2412 «
1396 2386 1497 2415 Ottoni
1520 2385 1554 2414 de
1573 2386 1732 2419 Lnsarrca,
1752 2384 1972 2413 archidiacono
1990 2383 2199 2412 lltcbeimonlis
2223 2383 2257 2411 in
2276 2390 2326 2411 ec-

1315 2440 1406 2469 elesia
1421 2439 1598 2468 Biszcntina.
1624 2437 1842 2475 Signilicante
1861 2436 1957 2466 nobis
1975 2435 2094 2465 dilecto
2110 2434 2179 2464 filio
2199 2433 2325 2472 magis-

1315 2495 1363 2520 tro
1377 2491 1515 2528 Hugone
1532 2490 1618 2519 dicto
1630 2489 1899 2527 Archiepiscopo,
1918 2487 2105 2526 accepimus
2118 2485 2206 2525 quod
2214 2484 2327 2515 felicis

1314 2545 1554 2575 recordationis
1571 2545 1636 2574 Leo
1652 2554 1746 2582 papa,
1764 2543 1978 2582 predecessor
1994 2546 2116 2577 noster,
2132 2541 2168 2570 in
2182 2539 2324 2571 ecclesia

1315 2599 1428 2629 Sancti
1447 2597 1608 2636 Stephani
1629 2597 1801 2627 Bisuntini
1821 2595 1923 2626 altare
1945 2594 2110 2634 quoddam
2132 2594 2168 2623 in
2195 2592 2324 2623 honore

1314 2651 1420 2690 ipsius
1435 2651 1541 2681 sancti
1560 2650 1703 2689 propriis
1720 2649 1874 2679 manibus
1892 2656 2103 2681 consecrans,
2122 2646 2214 2676 duxit
2235 2645 2326 2676 inter

1315 2710 1423 2735 cetera
1439 2704 1661 2739 statuendum,
1677 2707 1711 2732 ut
1727 2703 1761 2732 in
1779 2702 1893 2732 eodem
1908 2701 2006 2731 altari
2018 2701 2083 2730 VII
2100 2709 2137 2730 ex
2151 2698 2328 2729 canonicis-

1315 2758 1462 2797 ejusdem
1483 2757 1621 2787 ecclesie
1639 2756 1826 2795 presbiteri,
1850 2764 1932 2794 quos
1949 2753 2144 2785 Cardinales
2161 2751 2322 2790 appellari

1314 2811 1433 2846 voluit,
1469 2811 1648 2840 missarum
1683 2809 1880 2847 sollempnia
1921 2807 2138 2837 celebrarent.
2171 2806 2322 2843 Cumque

1313 2863 1522 2902 postmodum
1538 2863 1682 2892 decanus
1700 2867 1729 2892 ct
1753 2860 1934 2900 capitulum
1955 2858 2093 2889 ecclesie
2115 2857 2319 2896 supradicte,

1315 2918 1563 2948 considerantes
1585 2917 1671 2956 quod
1693 2916 1833 2947 ccclesia
1855 2915 1927 2953 ipsa
1951 2915 2116 2944 desectum
2137 2913 2172 2942 in
2198 2911 2327 2942 talibus
