2498 3325
207 260 265 292 :384
932 253 1172 286 REGISTRES
1195 252 1501 283 D'ALEXANDRE
1525 254 1580 283 lv.

283 326 400 355 ¹283

244 388 412 415 Conventus
427 386 633 413 Cisterciensis
649 385 758 412 ordinis
773 384 896 410 absolvit
911 383 1009 409 eadem
1026 381 1217 417 praestatione

207 437 454 474 procurationum,
467 439 523 462 etc.
541 435 623 467 (itm.
640 434 684 465 24,
703 434 721 460 t'.
743 433 800 465 161,
815 441 880 459 ann.
901 431 936 463 11,
955 440 980 458 c.
997 431 1047 458 ‘237
1059 430 1094 463 Ἰ.)

766 323 880 354 Lati-an,
895 322 929 349 ‘24
945 321 1050 348 fevrier
1067 319 1145 347 1256.

252 552 265 565 u
286 561 318 572 ..,
336 538 438 566 abbati
454 537 602 571 Cistercii,
627 537 749 573 ejusque
768 535 957 564 coabbatibus
978 539 1002 562 et
1021 533 1219 562 conventibus

210 593 367 622 universis
388 591 596 621 Ci'slcrcirnsis
618 590 748 619 ordinis.
775 588 961 625 Religionis
982 591 1089 617 vestre
1112 595 1219 615 mere—

212 650 266 675 tur
285 662 332 673 —.
358 645 432 674 Dat.
458 643 629 678 Laterani,
654 643 700 672 Vl
724 641 884 671 kalendas
906 640 1037 675 marcii,
1062 647 1149 669 anno
1168 647 1220 668 se-

212 698 332 729 cundo.
351 709 364 724 >2

287 872 403 899 1284
820 867 934 901 Latran,
950 867 965 893 9
984 866 1054 892 ari-it
1073 865 1149 892 1256,

247 933 381 967 Eisdem,
397 932 430 959 ad
448 932 610 966 Jloliannis]
630 931 704 957 tituli
721 930 751 957 S⁴
770 929 915 956 Laurentii
932 929 958 955 in
977 928 1085 954 Lucina
1103 927 1222 962 presby-

211 983 267 1010 teri
292 981 444 1008 cardinalis
469 980 710 1015 supplicationi-s,
740 979 888 1014 privilegia
916 982 944 1004 et
967 977 1161 1011 indulgentias
1190 984 1223 1001 ac

213 1032 322 1067 gratias
339 1031 394 1065 ipsi
410 1030 503 1057 ordini
525 1038 540 1055 a
565 1030 640 1055 Sede
661 1029 819 1063 apostolica
835 1035 990 1059 concessa,
1010 1035 1065 1052 non
1083 1026 1224 1052 obstanti-

213 1081 269 1107 bus
284 1079 462 1114 quibuslibet
477 1077 744 1109 constitutionibus,
762 1076 988 1110 provisionibus,
1005 1074 1224 1101 diffinitionibus

213 1132 243 1155 et
256 1127 487 1154 ordinationibus
505 1127 587 1152 factis
604 1126 646 1151 rel
665 1125 855 1159 promulgatis
870 1124 904 1149 ab
921 1123 1019 1149 eadem
1037 1123 1113 1149 Sede
1129 1123 1162 1148 nd
1181 1123 1224 1148 in-

213 1177 349 1204 stantiam
371 1176 562 1210 praelatorum
584 1175 725 1200 ecelesiae
743 1173 906 1199 Gallicanae
925 1177 952 1198 et
974 1180 1224 1206 qtiorutncun‘ique

211 1226 344 1256 aliorum,
361 1224 521 1250 confirmat.
538 1223 619 1257 (tuo.
636 1222 680 1256 ⁵24,
699 1223 717 1248 f.
738 1222 797 1255 161,
815 1230 881 1247 ann.
900 1221 936 1254 ll,
953 1229 978 1247 c.
991 1221 1060 1249 ⁶223&
1081 1220 1226 1247 POTTHAST

214 1274 324 1306 163364)

255 1389 269 1403 «
299 1399 332 1411 ..,
350 1376 451 1404 abbati
469 1375 621 1408 Cistercii,
640 1375 762 1410 ejusque
778 1373 968 1402 coabbatibus
984 1378 1008 1401 el
1029 1372 1226 1401 conventibus

214 1431 371 1460 universis
387 1429 593 1457 Cisterciensis
607 1427 736 1456 ordinis,
752 1425 925 1456 Plantatus
940 1425 1018 1455 olim
1033 1425 1067 1454 in
1084 1442 1131 1453 —.
1152 1425 1224 1453 Dat.

221 1482 388 1517 Laterani,
406 1482 433 1510 V
449 1480 523 1510 idus
540 1479 667 1518 aprilis,
689 1488 776 1508 anno
795 1478 951 1509 secundo.
972 1490 984 1504 ι)

289 1661 407 1690 ¹285

253 1723 434 1757 Margaritae,
451 1722 566 1755 reginae
583 1720 739 1750 Navarrae,
756 1719 896 1753 indulget,
916 1729 928 1741 (ι
948 1722 977 1744 ut
996 1719 1090 1744 nullus
1107 1723 1229 1752 excepto

811 1657 924 1689 Latran,
942 1657 975 1683 i‘u
991 1657 1060 1682 avril
1082 1657 1155 1683 1230.

215 1772 392 1807 apostoticae
409 1770 493 1796 Sedis
510 1770 602 1801 legato
619 1776 770 1803 personam
789 1771 877 1794 tuam.
898 1771 1037 1801 quantum
1055 1766 1087 1793 ad
1107 1776 1226 1801 regnum

217 1824 301 1847 tuum
316 1820 474 1850 dumtaxat,
493 1817 746 1844 excommunicare
759 1816 801 1842 vel
816 1816 986 1842 interdicere
1000 1815 1048 1841 tibi
1064 1816 1227 1849 ingressum

218 1868 341 1895 ecclesie
354 1868 445 1893 valeat
458 1867 510 1893 nisi
524 1875 573 1901 pro
587 1866 737 1892 manifesta
746 1872 834 1891 causa
845 1868 873 1890 et
886 1864 1055 1890 rationabili.
1067 1876 1078 1887 n
1091 1864 1172 1897 (itan.
1185 1865 1228 1896 ssi,

217 1917 238 1945 f.
256 1917 317 1951 tsst,
334 1915 500 1947 anu.11,c.
517 1915 591 1946 230).

261 2031 276 2045 α
294 2019 476 2055 Margaritc,
497 2018 600 2054 reyine
616 2017 755 2045 Navarra
776 2016 907 2044 illustri.
924 2013 1112 2052 Apostolice
1135 2015 1229 2045 Sedis

220 2071 412 2109 benignitas
429 2087 477 2098 —.
497 2070 570 2098 Dat.
588 2068 755 2103 Laterani,
770 2068 837 2098 XII
854 2067 1014 2098 kalendas
1031 2067 1121 2102 maii,
1144 2077 1230 2097 anno

219 2124 377 2155 secundo.
399 2135 413 2149 »

296 2300 415 2329 128ss

256 2362 288 2389 In
311 2362 482 2397 quaestione
499 2361 573 2388 inter
589 2364 762 2387 conventum
784 2360 894 2388 ordinis
912 2361 1031 2388 fratrum
1049 2361 1232 2389 Praedicato-

221 2419 286 2439 rum
301 2411 332 2437 S.
350 2410 491 2443 Quintini,
508 2409 713 2436 Noviomensis
728 2409 865 2443 diocesis,
881 2415 909 2436 et
924 2411 1081 2445 capitulum
1094 2412 1233 2438 ecclesiae

221 2458 356 2494 ejusdem
377 2458 515 2492 civitatis,
532 2458 705 2484 sententiam
726 2457 906 2484 Praenestini
921 2459 1051 2493 episcopi
1068 2463 1096 2486 et
1111 2459 1142 2486 S.
1158 2459 1234 2486 Lau-

222 2508 308 2534 rentii
325 2508 354 2534 in
370 2506 476 2533 Lucina
493 2506 653 2541 presbyteri
669 2506 823 2533 cardinalis
839 2507 1016 2534 diffinitivam
1034 2508 1191 2542 proclamat
1206 2513 1235 2535 et

222 2555 383 2583 confirmat.
399 2554 483 2589 (Rau.
499 2554 544 2585 24,
562 2554 581 2580 f.
599 2554 659 2585 161,
676 2562 742 2581 ann.
759 2553 801 2587 11,
819 2562 844 2582 c.
861 2555 935 2588 240.)

826 2298 945 2333 Latran,
964 2300 977 2326 4
994 2300 1064 2326 avril
1082 2301 1159 2327 1256.

264 2668 279 2683 α
297 2679 332 2691 ..,
347 2656 468 2693 priori,
486 2660 512 2684 et
532 2656 699 2684 conventui
715 2655 821 2684 domus
842 2656 962 2686 ordinis
977 2658 1116 2693 fratrum
1131 2659 1234 2687 Predi-

222 2714 364 2739 catorum
379 2709 412 2738 de
424 2709 536 2738 Sancto
554 2708 717 2742 ommino,
735 2709 944 2738 Noviomensis
959 2710 1094 2739 diocesis.
1111 2711 1158 2740 Ea
1171 2721 1234 2750 que

220 2761 348 2801 judicio
362 2765 423 2792 etc.
438 2769 544 2799 usque
564 2770 570 2789 ε
590 2761 804 2790 communiri.
815 2762 901 2791 Sane
917 2770 991 2792 cum
1007 2763 1095 2793 inter
1111 2773 1179 2799 vos,
1196 2773 1233 2794 ex

223 2818 317 2853 parte
332 2822 410 2849 una,
429 2816 498 2848 et..,
518 2813 691 2848 decanum,
712 2821 749 2842 ae
765 2813 947 2852 capitulum
964 2815 1102 2846 ecclesie
1120 2816 1233 2846 Sancti

224 2866 395 2904 Quintini,
413 2865 650 2896 Noviomensis
668 2865 827 2902 diocesis,
846 2875 884 2897 ex
903 2867 1021 2904 altera,
1039 2877 1138 2907 super
1154 2870 1233 2899 suh-

221 2920 367 2960 jectione
389 2923 421 2949 et
439 2918 674 2958 jurisdictione
700 2919 886 2955 ordinaria,
909 2930 991 2959 quos
1011 2921 1112 2952 iidem
1135 2922 1232 2953 deca-

1302 327 1364 348 nus
1381 323 1411 348 et
1430 319 1611 357 capitulum
1633 319 1668 348 in
1692 328 1748 349 vos
1773 328 1808 349 se
1831 319 1952 349 hahere
1969 319 2138 355 dicebant,
2156 323 2187 350 et
2207 328 2308 358 super

1301 371 1403 400 tercia
1426 376 1517 409 parte
1540 372 1757 411 quorumdam
1776 372 1961 410 legatorum
1984 377 2015 403 et
2040 373 2139 403 rebus
2160 372 2236 403 aliis
2252 381 2307 403 co-

1301 434 1370 454 rani
1387 424 1529 455 diversis
1546 425 1754 455 auditoribus
1767 435 1784 455 a
1797 425 1905 456 felicis
1919 426 2159 456 recordationis
2173 427 2198 456 1.
2211 435 2305 465 papa,

1302 477 1533 516 predecessore
1551 483 1673 513 nostro,
1692 478 1842 516 partibus
1859 479 2035 517 deputatis,
2053 479 2184 518 questio
2200 479 2309 509 venti-

1303 529 1367 559 lata
1386 529 1516 565 suisset,
1535 531 1665 560 tandem
1683 531 1824 561 dilectus
1841 531 1930 561 filius
1945 536 2057 562 noster
2073 533 2111 567 I.,
2126 532 2239 562 Sancti
2251 532 2308 562 Ni-

1303 582 1385 612 colai
1404 583 1438 612 in
1457 584 1597 613 Cau-cere
1615 583 1768 614 Tulliano
1790 584 1949 614 diaconus
1968 585 2160 620 cardinalis,
2183 585 2310 616 eisdem

1303 637 1452 674 partibus
1466 646 1483 666 a
1496 636 1582 666 dicto
1597 637 1828 675 predecessore
1844 638 2020 676 deputatus
2039 638 2178 675 auditor,
2195 638 2311 677 cogni-

1304 690 1345 719 tis
1362 699 1460 719 cause
1474 690 1601 720 meritis
1615 695 1645 720 et
1659 691 1746 729 juris
1762 691 1877 721 ordine
1894 691 2079 726 observato,
2093 700 2192 730 super
2205 691 2310 722 omni-

1304 742 1363 771 bus
1382 751 1445 780 que
1470 742 1502 771 in
1520 742 1644 772 libellis
1662 743 1739 772 hinc
1757 743 1834 773 inde
1859 744 2018 781 porrectis
2034 744 2309 780 continebantur,

1304 796 1341 825 tle
1360 796 1494 834 speciali
1515 797 1670 826 mandato
1687 801 1798 826 nostro
1814 797 2026 827 diffinitivam
2044 806 2102 836 pro
2125 798 2218 828 vobis
2234 807 2312 828 sen-

1306 850 1443 879 tentiam
1473 850 1712 888 promulgavit,
1739 855 1835 888 prout
1865 851 1899 880 in
1930 851 2153 881 instrumento
2177 851 2312 890 publico

1305 903 1422 933 exinde
1439 903 1588 932 conserto
1605 903 1715 940 sigillo
1734 903 1914 933 cardinalis
1931 904 2078 943 ejusdem
2095 905 2226 943 signato
2241 905 2312 944 ple-

1307 956 1382 985 nius
1401 957 1600 986 continetur.

1349 1024 1360 1036 »ι
1385 1010 1543 1045 Magistro
1567 1016 1676 1039 autem
1698 1011 1842 1041 Roherto
1863 1011 1901 1041 de
1921 1011 2011 1041 Bona
2032 1011 2145 1043 Valle.
2164 1012 2312 1051 ejusdem

1307 1063 1445 1093 ecclesie
1463 1064 1638 1098 canonico,
1658 1065 1805 1102 ipsorum
1822 1065 1938 1095 decani
1955 1070 1985 1095 et
2002 1065 2138 1103 capituli
2162 1075 2312 1104 procura-

1309 1121 1387 1151 tore,
1405 1116 1444 1145 ali
1457 1117 1570 1146 eadem
1584 1118 1749 1147 sententia
1762 1118 1802 1147 ad
1816 1124 1962 1148 nostram
1979 1119 2184 1148 audientiam
2201 1118 2315 1158 appel-

1308 1170 1408 1204 lante,
1427 1178 1497 1204 nos,
1517 1170 1640 1199 auditis
1657 1175 1688 1200 et
1705 1170 1836 1208 plenius
1855 1171 2035 1201 intellectis
2052 1181 2115 1210 que
2131 1177 2240 1210 partes
2259 1181 2314 1202 co-

1308 1232 1377 1251 ram
1396 1222 1490 1251 nohis
1507 1227 1538 1252 et
1556 1222 1714 1252 tratribus
1732 1223 1854 1253 nostris
1871 1232 2052 1262 proponere
2067 1224 2254 1260 voluerunt,
2275 1224 2316 1255 de

1307 1276 1447 1305 fratrum
1472 1275 1618 1313 ipsorum
1638 1276 1788 1311 consilio,
1808 1281 1960 1314 presente
1981 1277 2068 1306 dicto
2084 1281 2312 1315 procuratore,

1308 1329 1603 1367 pronniu-iuvimus
1630 1334 1660 1358 et
1685 1329 1829 1359 diximus
1855 1330 1992 1359 eandem
2021 1329 2221 1359 sententiam
2242 1338 2316 1361 esse

1304 1383 1438 1421 justam.

1352 1448 1364 1462 υ
1387 1437 1509 1465 Verum
1528 1436 1606 1474 quia
1629 1436 1716 1465 idem
1739 1440 1932 1474 procurator
1948 1445 2049 1466 novos
2067 1436 2224 1467 articulos
2240 1445 2317 1475 par-

1311 1493 1375 1518 tein
1393 1498 1486 1518 snam
1506 1488 1653 1518 relevare
1677 1489 1824 1519 valentes
1842 1498 1876 1519 se
1895 1489 2023 1519 dicebat
2040 1489 2182 1524 habere,
2201 1494 2318 1528 petens

1310 1542 1475 1571 instanter
1488 1550 1522 1571 se
1539 1542 1578 1571 ad
1594 1551 1706 1571 eorum
1720 1542 1948 1580 probationem
1963 1542 2104 1577 admitti,
2122 1551 2192 1577 nos,
2209 1541 2248 1572 de
2263 1541 2317 1573 be-

1312 1594 1474 1632 nignitate
1497 1594 1591 1624 Sedis
1615 1594 1804 1632 apostolice,
1831 1595 2054 1625 venerabilem
2079 1595 2214 1625 fratrem
2241 1603 2319 1625 nos-

1312 1653 1397 1677 trum
1422 1671 1454 1682 ..,
1477 1648 1711 1677 Prenestinuni
1737 1649 1944 1686 episcopum,
1972 1653 2002 1678 et
2032 1648 2189 1679 dilectum
2212 1647 2320 1678 filium

1313 1705 1461 1730 nostrum
1481 1702 1519 1735 I.,
1534 1700 1622 1730 tituli
1642 1701 1754 1730 saneti
1773 1701 1944 1731 Laurentii
1960 1701 1994 1730 in
2014 1701 2137 1731 Lucina
2155 1701 2320 1739 presbite-

1312 1763 1384 1783 rum
1408 1753 1622 1788 cardinalem,
1642 1753 1766 1783 eisdem
1784 1754 1933 1792 partibus
1951 1763 2050 1792 super
2070 1754 2136 1783 hiis
2152 1753 2320 1784 concessi-

1312 1816 1385 1836 mus
1403 1807 1581 1836 auditores.
1600 1806 1717 1837 Coram
1738 1807 1859 1845 quibus
1876 1812 2068 1845 procurator
2089 1807 2158 1845 ipse
2176 1807 2321 1845 porrexit

1313 1869 1427 1889 omnes
1456 1859 1613 1888 articulos
1641 1869 1723 1898 quos
1751 1868 1932 1897 proponere
1962 1859 2084 1893 voluit,
2116 1859 2320 1890 renuncians

1313 1913 1389 1942 aliis
1413 1912 1635 1951 proponendis
1649 1936 1655 1947 ,
1675 1922 1774 1950 super
1792 1912 1913 1950 quibus
1931 1913 2053 1942 auditis
2071 1912 2150 1942 hinc
2166 1913 2201 1942 in
2218 1912 2321 1942 ratio-

1314 1966 1430 2001 nibus,
1452 1966 1537 1995 facta
1557 1965 1655 1994 etiam
1674 1965 1769 1994 nohis
1787 1969 1818 1995 et
1834 1965 1995 1995 fratribus
2015 1965 2138 1995 nost-ris
2158 1964 2321 1995 relatione

1314 2019 1414 2054 fideli,
1434 2018 1702 2057 procuratoribus
1719 2019 1818 2048 etiam
1839 2019 2015 2057 utriusque
2031 2018 2135 2057 partis
2157 2018 2198 2048 ad
2216 2018 2322 2057 majo-

1314 2081 1384 2102 rem
1405 2071 1639 2101 certitudinem
1658 2080 1795 2110 quoram
1812 2071 1908 2101 nobis
1931 2076 1963 2101 et
1986 2071 2146 2101 fratribus
2162 2071 2246 2109 ipsis
2263 2079 2322 2101 vo-

1314 2125 1397 2155 catis
1407 2129 1435 2154 et
1450 2125 1573 2154 auditis
1585 2125 1641 2163 qui
1654 2133 1836 2163 proponere
1847 2124 2032 2160 voluerunt,
2046 2124 2153 2154 visum
2165 2128 2214 2154 est
2225 2123 2322 2154 nobis

1314 2182 1345 2209 et
1363 2178 1446 2216 ipsis
1462 2177 1622 2207 fratribus
1639 2182 1709 2216 post
1727 2177 1921 2215 diligentem
1937 2177 2215 2208 examinationem
2235 2176 2323 2216 quod

1314 2231 1506 2270 hujusmodi
1523 2230 1655 2260 articuli
1673 2231 1803 2260 admitti
1824 2231 2036 2270 aliquatenus
2057 2239 2123 2261 non
2145 2230 2319 2261 dehebant.

1316 2285 1411 2316 Unde
1428 2285 1529 2314 iidem
1546 2284 1724 2319 auditores,
1743 2284 1782 2314 de
1799 2284 1935 2322 speciali
1948 2284 2102 2315 mandato
2113 2287 2238 2319 nostro,
2251 2292 2323 2322 pro-

1315 2338 1560 2368 nunciaverunt
1583 2337 1714 2366 eosdem
1738 2337 1896 2366 articulos
1921 2345 1987 2367 non
2013 2345 2086 2367 esse
2109 2336 2323 2376 aliquatenus

1316 2389 1558 2425 admittendos,
1590 2393 1685 2427 prout
1708 2389 1743 2418 in
1765 2389 1990 2420 instrumento
2013 2389 2146 2428 publice
2173 2389 2324 2419 consecto

1317 2442 1434 2473 exinde
1451 2441 1573 2480 sigillis
1593 2451 1706 2472 eorum
1726 2443 1856 2480 signato
1878 2442 2010 2480 plenius
2036 2441 2236 2472 continetur.
2253 2441 2323 2472 Nos

1315 2496 1434 2534 igitur,
1454 2495 1574 2525 vestris
1590 2495 1744 2533 precibus
1766 2495 1936 2531 inclinati,
1955 2495 2095 2525 eandem
2110 2494 2323 2524 diffinitivam

1316 2553 1422 2578 ratam
1440 2548 1611 2584 habentes,
1633 2547 1725 2577 illam
1742 2548 1937 2578 auctoritate
1954 2547 2135 2586 apostolica
2152 2547 2325 2577 confirma-

1317 2611 1391 2632 mus
1409 2606 1469 2632 etc.
1491 2610 1596 2640 usque
1615 2611 1621 2630 ε
1640 2601 1896 2632 communimus.
1915 2601 2009 2632 Nulli
2033 2605 2094 2631 etc.
2116 2604 2229 2631 nostre
2245 2608 2325 2630 con-

1316 2655 1517 2685 firmationis
1534 2660 1595 2685 etc.
1618 2656 1689 2685 Dat.
1710 2654 1884 2690 Laterani,
1902 2655 1935 2684 II
1955 2663 2060 2684 nonas
2078 2653 2211 2692 aprilis,
2236 2660 2326 2683 anno

1316 2708 1472 2738 secundo.
1492 2720 1505 2734 »

1389 2866 1409 2893 Ι
1420 2866 1507 2894 28¹2
1906 2863 2020 2895 Latran,
2037 2864 2070 2890 27
2087 2863 2157 2890 avril
2175 2863 2254 2890 ¹256.

1350 2927 1456 2954 Abbati
1481 2932 1509 2953 et
1533 2928 1690 2954 conventui
1713 2927 1880 2953 monasterii
1903 2925 1938 2952 de
1961 2925 2092 2952 Luiidors
2114 2923 2274 2959 significat,
2293 2930 2342 2954 sev

2479 2846 2496 2909 ..p
2479 2796 2490 2831 -ss-
