2498 3325
952 222 1176 260 PREMIERE
1198 230 1358 259 ANNEE.
2150 229 2202 258 187

108 299 231 339 pellani
246 299 374 328 faciens
391 298 519 335 integre
535 298 741 336 responderi.
761 298 835 327 Non
856 297 1006 326 obstante
1031 294 1118 332 quod

108 353 196 383 idem
235 351 406 382 Johannes
445 350 529 380 alias
564 350 782 380 beneficiatus
819 349 937 379 existat
975 352 1006 377 et
1042 347 1117 385 qui—

109 404 255 435 buslibet
270 403 391 433 litteris
414 402 603 441 apostolicis
627 411 726 440 super
747 401 933 440 aliquorum
956 399 1119 438 provisio-

110 457 209 487 nibus
225 456 260 485 in
280 457 393 493 Regno
417 454 531 485 Sicilie
554 454 754 492 generaliter
772 453 823 483 vel
847 452 1034 491 specialiter
1055 452 1118 480 im-

110 509 248 548 petratis
277 517 336 538 seu
363 508 463 537 etiam
494 507 732 545 impetrandis,
766 510 821 536 aut
852 505 1118 543 quibuscumque

111 561 330 599 indulgentiis
348 560 398 589 vel
421 559 607 598 privilegiis
627 568 645 588 a
668 559 750 589 Sede
773 557 952 596 apostolica
974 556 1118 586 obtentis

113 614 182 644 sive
199 613 233 643 in
251 617 421 652 posterum
441 612 649 647 obtinendis,
676 611 714 641 de
740 611 861 650 quihus
887 609 1065 648 specialem
1089 613 1120 638 et

113 675 302 704 expressam
321 666 393 695 fieri
416 669 542 703 oportet
564 665 598 693 in
622 664 745 693 nostris
762 663 883 693 litteris
904 662 1118 696 mentionem,

112 723 168 749 aut
179 718 354 748 contrariis
366 717 671 752 constitutionibus,
685 715 983 746 consuetudinibus
995 714 1046 744 vel
1058 718 1120 744 sta-

112 771 192 801 tutis
215 779 423 810 quacumque
444 769 600 799 firmitate
624 769 776 803 vallatis,
797 778 834 798 ex
860 768 981 807 quihus
1002 767 1120 806 hujus-

111 824 200 854 modi
216 824 321 861 gratia
344 823 499 861 impediri
518 822 623 860 possit
646 822 697 851 vel
720 822 820 852 ctiam
840 821 1013 851 retardari.
1034 820 1120 850 Con-

112 875 317 909 tradictores,
328 876 480 905 invocato
490 879 548 905 etc.
566 874 811 905 Constitutione
825 874 863 903 de
880 873 1008 903 duabus
1022 872 1120 902 (liet-is

112 929 218 960 edicta
231 929 266 958 in
284 928 424 958 concilio
441 928 589 966 generali
608 937 673 957 non
687 927 850 957 obstante.
868 928 941 956 Dat.
955 925 1118 963 Anagnie‚

111 983 141 1013 V
153 991 257 1012 nonas
270 981 359 1021 julii⁷
379 990 465 1011 anno
480 982 599 1020 primo.
621 993 633 1007 »

184 1158 272 1186 615

150 1219 354 1255 Infrascriptae
369 1220 502 1247 concedit
518 1221 679 1247 facultatem
697 1220 818 1246 habendi
835 1220 921 1247 altare
938 1220 1077 1255 portatile,
1094 1220 1122 1246 in

115 1277 172 1303 quo
188 1269 242 1295 sibi
257 1273 285 1295 et
301 1269 423 1295 familiae
439 1277 508 1295 suae
526 1278 574 1303 per
585 1269 762 1302 capellanum
777 1269 922 1303 proprium
934 1269 1028 1295 divina
1040 1269 1124 1295 saciat

116 1317 263 1344 celebrari.
279 1318 362 1351 (Rae.
380 1318 424 1349 524,
442 1326 467 1344 c,
486 1318 546 1351 508,
562 1318 582 1345 s.
598 1318 666 1350 73V.)

684 1158 810 1192 Anagni⁷
828 1159 842 1184 7
857 1158 952 1192 juillet
972 1158 1050 1185 1255.

159 1432 171 1445 ι(
190 1420 290 1448 Nobili
310 1420 437 1448 mulieri
456 1421 583 1454 Amict'e,
608 1420 756 1448 comitisse
777 1420 809 1448 de
830 1420 945 1449 Novien
961 1425 986 1448 et
1005 1420 1124 1448 domini

114 1474 218 1502 Insule
237 1474 345 1507 sorori,
370 1473 480 1501 nobilis
499 1474 562 1501 viri
587 1495 619 1507 ..,
644 1473 763 1501 comitis
781 1473 918 1506 Glodone,
937 1473 1038 1501 vidue.
1061 1472 1125 1502 Be·-

115 1524 217 1562 nigno
242 1529 319 1554 sunt
343 1524 401 1553 illa
423 1542 471 1553 —.
498 1525 572 1554 Dat.
600 1524 767 1562 Anagnie,
792 1525 889 1554 nonis
913 1524 1010 1563 julii,
1038 1534 1124 1555 anno

114 1586 232 1615 primo.
248 1590 261 1603 »

187 1755 274 1783 616

152 1815 312 1843 Conventui
331 1817 496 1843 monasterii
513 1817 680 1851 Jotuensis,
699 1817 856 1844 Meldensis
875 1817 1009 1847 diocesis.
1028 1818 1125 1844 indul—-

115 1869 174 1901 get,
198 1869 228 1891 ut
250 1866 278 1892 in
302 1866 460 1900 parrochiis
485 1866 541 1892 illis
562 1866 590 1892 in
612 1866 717 1900 quibus
740 1865 868 1892 decimas
890 1867 1037 1901 percipere
1056 1875 1126 1893 con—

116 1914 225 1947 suevit,
243 1914 386 1940 novalium
407 1922 522 1948 quoque
543 1914 670 1941 decimas
691 1914 726 1940 de
745 1915 852 1948 quibus
867 1915 971 1949 aliquis
988 1916 1126 1942 hactenus

115 1970 171 1989 non
188 1963 328 1997 percepit,
346 1962 494 1997 percipere
511 1963 611 1989 valeat.
629 1962 712 1996 (Rea.
730 1963 775 1997 24,
792 1971 817 1990 c.
835 1964 894 1996 509,
913 1964 933 1990 s.
952 1964 1020 1996 73'.)
1047 1982 1053 1991 ÷

690 1755 816 1789 Anagni⁷
836 1757 849 1781 7
863 1755 958 1789 juillet
975 1756 1053 1783 1255.

158 2075 171 2089 «
191 2086 224 2098 ..‚
241 2064 388 2092 abbatisse
408 2069 433 2092 et
451 2065 615 2093 conventui
631 2066 812 2093 monasterii
826 2066 995 2097 Jotcrensis,
1013 2065 1052 2094 ad
1072 2066 1127 2094 Ro-

115 2125 243 2145 manam
253 2117 417 2145 Ecclesiam
427 2117 513 2146 nullo
524 2117 676 2146 mediante
686 2118 881 2154 pertinentis,
895 2118 1015 2146 ordinis
1028 2119 1128 2147 sancti

115 2169 285 2205 Benedicti,
303 2170 459 2198 Meldensis
480 2170 615 2199 diocesis.
632 2171 750 2200 Vestre
767 2170 953 2200 devotionis
973 2171 1127 2209 precibus

115 2221 280 2258 inclinati,
300 2227 346 2257 ut,
365 2222 399 2251 in
414 2222 600 2260 parrochiis
616 2222 684 2252 illis
700 2223 735 2252 in
754 2223 876 2261 quibus
893 2224 1037 2253 decimas
1053 2233 1128 2262 per-

117 2274 225 2313 cipere
251 2275 473 2304 consuevistis
497 2275 536 2304 ab
559 2284 595 2305 eo
613 2279 758 2314 tempore
775 2276 869 2315 cujus
886 2276 1046 2306 memoria
1062 2285 1127 2306 non

117 2327 246 2362 existit,
265 2336 322 2365 pro
345 2336 383 2357 ea
402 2328 553 2365 portione
570 2337 635 2366 qua
650 2331 778 2358 veteres
794 2328 1007 2367 percepistis,
1027 2338 1128 2358 nova-

115 2378 199 2409 lium
220 2389 350 2418 quoque
371 2380 515 2409 decimas
540 2380 579 2410 de
600 2380 722 2419 quihus
739 2380 860 2419 aliquis
881 2381 1043 2411 hactenus
1062 2390 1127 2411 non

117 2432 278 2470 percepit,
299 2433 468 2471 percipere
485 2432 638 2468 valeatis7
660 2434 855 2464 auctoritate
878 2434 971 2463 vobis
991 2443 1128 2472 presen-

117 2485 202 2515 tium
224 2485 447 2524 indulgemus.
472 2486 565 2516 Nulli
590 2490 651 2516 etc.
675 2491 786 2517 nostre
812 2488 1038 2518 concessionis
1064 2492 1126 2517 etc.

118 2539 192 2568 Dat.
209 2538 372 2576 Anagnie,
391 2538 488 2568 nonis
504 2538 593 2578 julii,
613 2548 699 2569 anno
715 2539 832 2578 primo.
852 2552 865 2566 ³>

189 2723 277 2751 6¹¹2

156 2784 246 2811 Priori
261 2788 289 2811 et
304 2784 440 2812 fratribus
455 2793 480 2811 s.
498 2785 655 2813 Salvator-is
667 2785 702 2812 de
714 2785 885 2821 Fultignano
901 2790 929 2812 et
944 2795 968 2813 s.
987 2786 1126 2813 Leonardi

119 2833 154 2860 de
170 2832 248 2860 Silva
263 2833 297 2859 de
312 2833 388 2860 Lacu
405 2834 559 2868 significat,
573 2842 604 2860 se
622 2834 755 2861 unionem
769 2836 893 2861 eremis.
909 2835 1047 2862 Leontii-di
1059 2844 1125 2862 cum

121 2890 216 2908 eremo
233 2890 257 2909 s.
270 2882 427 2909 Salvatoris
442 2882 476 2909 de
494 2882 666 2918 Fultignano
678 2891 728 2918 per
738 2884 868 2918 adjutum
885 2885 1047 2919 generalem
1060 2884 1126 2910 visi-

704 2723 829 2759 Anagni,
847 2725 957 2759 25j11in
979 2725 1054 2751 1255.

1200 296 1321 320 tatorem
1339 295 1456 320 fratrum
1474 293 1663 320 Eremitaruin
1681 293 1790 320 ordinis
1807 302 1831 319 S.
1849 293 2007 327 Augustini
2027 294 2126 319 factam
2139 302 2207 319 con-

1200 342 1322 369 firmare.
1337 342 1420 375 (Res.
1439 343 1481 373 24,
1500 350 1526 369 e.
1544 343 1604 375 510,
1623 342 1640 367 f.
1659 342 1719 374 73v3
1738 342 1882 368 Pori-aser
1900 341 2007 375 15904.)

1243 454 1255 468 ι(
1276 464 1308 476 ..,
1323 444 1425 479 priori
1444 448 1469 470 et
1490 443 1642 478 fratribus
1664 444 1764 471 sancti
1781 442 1951 470 Salvatoris
1971 443 2003 471 de
2023 444 2208 480 Fultiynano

1201 499 1226 522 et
1241 495 1340 522 saneti
1356 495 1504 522 Leonardi
1520 495 1553 522 de
1569 495 1653 523 Silva
1671 495 1703 522 de
1721 495 1817 523 Lacu.
1836 495 1954 522 ordinis
1970 497 2069 524 sancti
2089 497 2209 532 Augus-

1202 547 1273 577 tini.
1291 546 1431 575 Senensis
1447 546 1579 574 diocesis.
1599 546 1644 574 Ex
1660 550 1751 583 parte
1764 550 1873 574 vestra
1891 563 1939 573 —.
1958 547 2030 575 Dat.
2045 547 2207 584 Anagnie.

1201 599 1265 628 VII
1280 597 1439 627 kalendas
1453 598 1540 636 julii7
1562 606 1648 627 anno
1667 598 1784 635 primo.
1807 610 1819 623 υ

1274 755 1361 783 618

1239 816 1378 851 Magistro
1402 816 1518 849 Rogero
1538 816 1573 841 de
1595 815 1790 849 Thansavere,
1815 817 1917 841 rectori
1939 816 2077 842 ecclesiae
2103 816 2136 842 de
2159 816 2212 842 Ca-

1203 866 1287 900 deby,
1310 865 1523 891 Lincolniensis
1545 864 1680 894 diocesis,
1705 863 1844 897 indulget,
1864 868 1904 896 nt,
1930 868 2042 898 praeter
2061 865 2212 891 ecclesiam

1204 914 1388 949 praedictam,
1409 914 1495 946 cujus
1516 915 1675 947 proventus
1696 912 1721 937 V
1741 921 1899 938 marcarum
1917 912 2120 945 sterlingorum
2138 913 2214 938 valo-

1764 754 1889 788 Anagni,
1905 754 1936 781 ‘21
1948 756 2042 788 juillet
2060 756 2137 782 1255.

1204 971 1263 988 rem
1281 970 1407 988 annuum
1428 970 1481 987 non
1500 961 1654 994 excedunt,
1672 961 1764 995 possit
1779 961 1873 987 adhuc
1892 961 2007 986 unicum
2025 961 2100 987 aliud
2118 961 2212 987 eccle-

1204 1011 1353 1037 siasticum
1375 1011 1546 1036 beneficium
1564 1010 1697 1036 retinere
1716 1009 1800 1039 (Rau.
1817 1009 1861 1041 24,
1879 1018 1904 1036 c.
1922 1009 1983 1042 511⁷
2002 1010 2012 1035 f
2037 1010 2107 1041 73V.)

1247 1126 1259 1139 «
1279 1113 1422 1149 Maqislro
1439 1113 1547 1149 noym-0
1564 1112 1596 1140 de
1617 1113 1822 1145 Thansanew,
1843 1112 1954 1140 rectori
1975 1112 2092 1139 ecclesie
2108 1111 2140 1139 (Ie
2159 1111 2216 1140 Ca-

1205 1167 1286 1203 deby.
1309 1166 1531 1194 Lineolniensis
1554 1166 1688 1194 diocesis
1715 1165 1796 1195 Cum
1819 1164 1904 1193 sicut
1925 1164 2047 1193 ‹tlicaris
2070 1181 2118 1191 —.
2141 1164 2213 1193 Dat.

1205 1219 1368 1256 Anagnie,
1388 1219 1453 1248 XII
1469 1218 1628 1248 kalendas
1645 1218 1789 1255 augusti,
1811 1226 1898 1246 anno
1914 1217 2031 1255 primo.
2053 1230 2064 1242 υ

1278 1377 1367 1404 619

1242 1438 1453 1473 Infrascriptis,
1472 1439 1521 1473 qui
1541 1438 1575 1464 de
1592 1445 1737 1464 consensu
1754 1436 1915 1471 Maguntini
1931 1436 2141 1470 archiepiscopi
2156 1439 2216 1462 sta-

1764 1374 1889 1409 Anagni,
1907 1375 1938 1401 16
1951 1374 2046 1408 juillet
2066 1374 2144 1400 1255.

1207 1491 1331 1519 tuerant,
1347 1488 1563 1521 utquicumque
1582 1488 1608 1513 in
1627 1487 1748 1513 ecclesia
1765 1486 1798 1512 de
1816 1486 1940 1520 Moystat
1956 1485 2126 1511 decanatum
2143 1485 2218 1511 obti-

1208 1538 1336 1570 nuisset,
1354 1537 1491 1571 capellam
1508 1545 1532 1562 s.
1553 1535 1641 1562 Blasii
1661 1535 1689 1561 in
1708 1535 1847 1570 Moystat,
1865 1534 1985 1560 cedente
2001 1534 2044 1559 vel
2061 1533 2218 1560 decedente

1207 1586 1301 1621 ipsius
1320 1589 1441 1614 rectore.
1459 1593 1524 1611 cum
1542 1584 1681 1610 decanatu
1698 1584 1850 1616 obtineret,
1868 1591 1978 1608 necnon
1996 1586 2027 1608 ut
2041 1583 2217 1616 quicumque

1208 1635 1401 1669 praebendam
1423 1642 1509 1668 quam
1532 1634 1669 1667 magister
1685 1634 1814 1667 Arfogus
1830 1631 1960 1666 ejusdem
1978 1632 2117 1658 ecclesiae
2133 1639 2219 1657 cano—

1208 1683 1272 1710 nice
1290 1683 1437 1710 obtinebat
1453 1682 1612 1712 habuisset,
1632 1681 1837 1708 scholasticum
1853 1680 1977 1706 officium
1989 1687 2093 1713 gerens
2104 1679 2220 1705 scholas

1207 1741 1260 1768 per
1272 1740 1303 1758 se
1318 1733 1361 1758 vel
1379 1740 1429 1766 per
1443 1732 1528 1758 aliurn
1546 1732 1573 1757 in
1591 1731 1666 1756 dicta
1682 1730 1804 1756 ecclesia
1820 1732 1941 1763 gereret,
1960 1731 2097 1754 statutum
2115 1728 2220 1754 confir-

1207 1785 1275 1808 mat.
1292 1781 1376 1815 (Rae.
1393 1781 1437 1812 24,
1455 1788 1480 1807 c.
1498 1780 1560 1811 512,
1579 1780 1598 1807 f.
1615 1779 1670 1811 74.)

1251 1896 1263 1909 t(
1294 1906 1325 1917 ..‚
1354 1883 1465 1911 decano
1484 1887 1509 1910 et
1530 1882 1664 1918 capituto
1688 1881 1805 1909 ecclesie
1830 1880 1864 1907 de
1883 1880 2018 1916 Moystat,
2043 1879 2221 1915 Maq'antine

1208 1934 1460 1964 diocesis.Justis
1469 1932 1652 1971 petentium
1663 1936 1723 1962 etc.
1734 1949 1783 1960 -—.
1794 1932 1868 1960 Dat.
1883 1930 2044 1968 Anagnic,
2059 1929 2218 1959 XVIIka-

1208 1987 1323 2018 lendas
1341 1986 1486 2024 augusti,
1504 1994 1591 2015 anno
1608 1984 1725 2023 primo.
1745 1996 1758 2010 υ

1281 2143 1370 2173 (320
1433 2150 1439 2165 ¹

1246 2206 1373 2239 Rogero,
1399 2204 1503 2231 rectori
1524 2203 1663 2230 ecclesiae
1683 2203 1820 2229 Omnium
1842 2202 2014 2228 Sanctorum
2038 2201 2071 2227 de
2094 2201 2219 2227 Meltone

1211 2255 1339 2285 Peverei,
1362 2253 1557 2280 Norwicensis
1577 2252 1713 2285 diocesis,
1735 2252 1916 2277 devotionem
1942 2250 2071 2283 Magistri
2094 2250 2216 2276 Roberti

1210 2304 1245 2330 de
1262 2303 1411 2337 Melkeley‚
1425 2301 1563 2336 capellani
1575 2300 1630 2330 sni,
1644 2301 1773 2334 germani
1790 2300 1857 2326 dicti
1876 2299 2005 2330 Robei-n,
2023 2298 2215 2330 attendentes,

1211 2352 1355 2386 indulget,
1374 2354 1416 2381 ut,
1437 2354 1549 2385 praeter
1565 2349 1718 2375 ecelesiam
1738 2348 1924 2383 praedictam,
1944 2348 2059 2373 unicum
2077 2346 2153 2372 alind
2169 2347 2220 2372 be-

1766 2140 1892 2175 Anagni,
1911 2140 1941 2166 14
1955 2140 2049 2173 juillet
2066 2140 2146 2166 1255.

1211 2401 1345 2427 neficium
1366 2399 1595 2426 ecclesiasticum
1618 2398 1745 2432 recipere
1762 2401 1790 2423 et
1809 2397 1931 2422 retinere
1949 2395 2050 2430 possit.
2071 2395 2150 2428 (Rae.
2168 2395 2217 2425 24,

1210 2458 1235 2476 c.
1254 2449 1316 2483 513,
1334 2449 1352 2476 f.
1371 2448 1427 2481 71)

1252 2563 1265 2577 α
1283 2552 1401 2587 Rogyero,
1424 2549 1533 2578 rectori
1548 2549 1665 2577 ecclesie
1685 2548 1831 2576 (minium
1847 2548 2032 2577 Sanctorum
2048 2547 2081 2575 de
2096 2547 2220 2575 Meltone

1210 2604 1345 2637 Peuci—et,
1364 2602 1564 2631 Norwiccnsis
1584 2601 1718 2630 diocesis.
1743 2599 1930 2638 Apostolica
1953 2598 2054 2629 Sedes
2079 2598 2143 2628 sibi
2168 2615 2215 2625 —.

1210 2657 1283 2685 Dat.
1304 2655 1466 2692 Anagnie,
1487 2655 1519 2684 Π
1536 2653 1610 2683 idus
1623 2653 1712 2692 julii,
1731 2661 1817 2681 anno
1833 2652 1950 2690 primo.
1973 2663 1985 2677 n

1282 2821 1364 2849 (321

1248 2883 1292 2917 L„
1313 2884 1484 2918 episcopum
1510 2881 1740 2912 Motlionensem,
1762 2880 1898 2915 quamdiu
1921 2879 2036 2910 vixerit,
2054 2876 2219 2911 ajurisdic-

1768 2818 1893 2852 Anagni,
1913 2818 1943 2844 17
1958 2817 2052 2851 juillet
2073 2816 2148 2842 1255.
