2456 3585
964 353 1188 390 PREMOERE
1209 355 1368 393 ANNEE.
2172 371 2208 402 23

118 425 213 455 detur
240 424 353 462 egenis
378 423 538 462 quicquid
561 433 579 454 a
602 424 695 454 vobis
723 424 882 455 violentia
906 425 959 454 vel
991 425 1127 463 ingenio

119 480 341 515 extorquetur.
372 476 440 505 Nec
462 476 540 514 quia
569 476 732 505 Dominus
761 486 921 507 manuum
942 482 1128 508 vestrarum

118 529 273 568 operibus
295 529 496 558 benedicens
518 529 678 558 viaticum
699 530 978 567 peregrinationis
1001 535 1126 565 vestre,

118 578 348 621 quantomagis
371 581 455 610 illud
475 581 623 611 fraterna
643 581 779 611 caritate
799 582 833 610 in
850 591 930 612 usus
947 591 1129 620 pauperum

118 635 336 669 distribuitis,
358 638 449 664 tanto
467 634 574 672 magis
597 634 711 664 celesti
728 634 894 665 alluvione
910 635 1126 673 multiplicats

118 688 198 719 estis
215 687 388 724 deterioris
405 687 605 717 conditionis
619 687 764 717 habendi
777 688 833 717 sed
844 688 953 726 potius
967 687 1126 722 melioris,

117 749 192 771 cum
209 750 273 771 non
290 741 357 770 nisi
372 740 461 770 vasis
476 740 601 778 paratis
618 739 750 769 celestis
767 741 871 777 gratie
888 740 997 769 oleum
1013 740 1128 768 infun-

119 795 224 827 datur,
248 793 334 832 quod
349 793 505 831 pauperis
521 792 673 822 mulieris
696 792 927 821 deficientibus
948 793 1036 821 vasis
1062 796 1128 821 ste-

118 847 169 876 tit.
195 846 286 875 Licet
312 845 415 883 igitur
438 845 600 883 largiente
625 845 766 874 Domino
792 845 992 874 monasteria
1019 848 1128 874 vestra

117 899 192 938 plus
216 898 312 928 solito
334 897 567 936 temporalium
588 897 726 927 floreant
742 897 907 932 ubertate,
926 897 1004 935 quia
1018 902 1127 927 tamen

119 951 235 982 exinde
255 950 457 988 pauperibus
474 949 634 979 uberibus
655 949 867 983 subvenitur,
887 958 946 979 nos
967 950 1006 979 ad
1022 949 1128 979 instar

117 1003 225 1034 felicis
248 1003 487 1033 recordationis
509 1003 551 1032 H.
577 1011 659 1040 pape
680 1002 924 1040 predecessoris
947 1003 1052 1031 nostri
1072 1011 1128 1032 vo-

117 1056 223 1087 lentes
244 1065 280 1086 eo
300 1065 357 1085 vos
374 1055 411 1085 de
434 1055 570 1094 speciali
591 1055 696 1093 gratia
719 1054 937 1084 favorabilius
954 1055 1128 1085 confovere

117 1118 182 1148 quo
205 1108 322 1138 exinde
344 1108 395 1137 illi
416 1108 615 1146 propensius
638 1107 858 1145 complacere.
881 1116 940 1137 nos
963 1107 1128 1137 credimus

118 1162 175 1201 qui
198 1161 285 1200 quod
299 1161 359 1191 uni
376 1170 413 1191 ex
430 1161 579 1190 minimis
596 1161 666 1191 suis
683 1160 719 1190 fit
734 1160 799 1190 sibi
817 1164 947 1197 reputat
968 1169 1040 1189 esse
1060 1161 1129 1189 fac-

117 1218 204 1249 tum,
229 1213 414 1243 devotionis
441 1217 549 1243 vestre
575 1213 729 1251 precibus
756 1212 909 1242 inclinati
934 1213 1129 1243 auctoritate

117 1267 210 1298 vobis
227 1267 433 1305 presentium
454 1266 683 1303 indulgemus,
708 1275 748 1295 ne
770 1265 947 1304 apostolice
967 1266 1062 1295 Sedis
1081 1265 1129 1295 le-

118 1321 185 1360 gati
200 1319 449 1358 procurationes
469 1319 713 1357 procuratorias
736 1328 754 1347 a
776 1319 988 1348 monasteriis
1009 1319 1129 1348 vestris

119 1373 250 1411 exigere
271 1372 323 1402 vel
346 1376 539 1411 extorquere
561 1375 769 1410 presumant,
788 1371 846 1401 sed
864 1380 937 1401 cum
955 1371 995 1400 ad
1017 1371 1128 1401 domos

119 1430 245 1456 vestras
268 1425 467 1455 accesserint
489 1425 561 1454 sine
577 1424 728 1454 carnium
745 1433 803 1454 esu
820 1424 903 1453 cibis
919 1423 1129 1461 regularibus

120 1479 187 1509 sint
209 1478 366 1508 contenti.
390 1477 483 1507 Nulli
501 1481 562 1507 etc.
587 1481 698 1507 nostre
719 1477 943 1506 concessionis
966 1481 1027 1506 etc.
1053 1478 1127 1506 Dat.

119 1531 268 1570 Neapoli,
284 1532 312 1561 V
328 1531 402 1560 idus
413 1530 576 1570 januarii,
597 1539 684 1559 anno
698 1530 816 1568 primo.
834 1542 846 1556 u

186 1697 241 1725 ΒΕ
659 1695 781 1730 Napies,
799 1695 832 1721 ‘20
846 1695 958 1729 janvier
977 1694 1054 1721 1255.

155 1759 334 1793 [philippae],
350 1759 515 1785 abbatissae
531 1761 559 1784 et
575 1757 724 1784 sororibus
748 1757 912 1783 monasterii
928 1765 951 1783 s.
971 1756 1076 1783 Mai-iae
1092 1757 1126 1783 de

115 1808 285 1842 Virginibus
301 1808 335 1833 de
354 1807 500 1838 Faventia,
516 1806 633 1833 domum
647 1810 674 1833 et
688 1806 838 1832 ecclesiam
852 1814 875 1831 S.
889 1805 1004 1832 Martini
1020 1806 1054 1832 de
1072 1805 1127 1832 Po-

115 1857 176 1890 dio,
194 1856 366 1882 Faventinae
383 1855 523 1886 diocesis,
543 1862 614 1889 quas
629 1855 672 1881 eis
689 1854 740 1888 G.‚
757 1854 888 1888 ejusdem
905 1854 1032 1880 diocesis
1048 1863 1126 1889 epis-

115 1913 216 1940 copus,
235 1903 387 1930 Faventiae
404 1903 499 1929 idibus
511 1903 586 1937 junii
603 1911 677 1929 anno
697 1902 761 1930 1‘254
779 1903 940 1933 concessit,
957 1903 1126 1929 auctoritate

115 1953 270 1988 apostolica
290 1952 450 1981 confirmat,
467 1955 594 1978 tenorem
616 1951 774 1977 litterarum
797 1951 959 1977 donationis
982 1952 1125 1978 inserens.

115 2001 197 2035 (Res.
215 2001 259 2033 24,
276 2009 302 2027 c.
319 2001 362 2031 77,
380 2001 399 2027 f.
420 2000 480 2031 10v;
499 1999 646 2027 Po'rrfflisr
667 1999 773 2034 15641.)

159 2116 172 2130 «
191 2126 231 2138 ..‚
254 2103 415 2138 abbatisse,
439 2107 464 2131 et
486 2102 640 2131 sororibus
659 2102 840 2131 monasterii
859 2106 960 2130 sancte
980 2101 1075 2130 Mat-ie
1095 2101 1127 2129 (Ie

122 2157 298 2194 Viryinibas
320 2156 353 2184 de
375 2156 539 2189 Faventia,
563 2155 682 2184 ordinis
703 2155 803 2183 sancti
823 2155 979 2183 Damiani.
1003 2153 1086 2183 Cum
1110 2162 1129 2182 a

120 2209 214 2240 nobis
230 2227 279 2237 —.
296 2209 370 2238 Dat.
388 2207 527 2246 Neapoli
541 2231 547 2242 ,
566 2208 651 2238 XIII
666 2207 826 2237 kalendas
842 2206 1020 2240 februarii,
1042 2215 1128 2235 anno

119 2262 236 2300 primo.
257 2274 269 2287 ι)

189 2427 246 2455 88
661 2425 784 2459 Naples,
802 2425 835 2452 30
848 2425 961 2459 janviei·
982 2424 1057 2452 1255.

157 2487 200 2522 13„
217 2488 307 2514 electo
323 2488 484 2520 Anitiensi‚
501 2488 634 2514 concedit
651 2487 793 2514 licentiam
813 2495 904 2521 usque
920 2486 953 2512 ad
973 2487 1128 2513 triennium

119 2545 225 2564 munus
241 2536 467 2563 consecrationis
485 2545 539 2563 non
557 2536 748 2571 suscipiendi.
769 2536 852 2569 (Rea.
870 2536 913 2567 ²24,
932 2544 957 2562 c.
975 2536 1018 2566 78,
1038 2536 1055 2561 f.
1077 2537 1130 2568 11.)

161 2650 174 2664 (ι
192 2639 236 2673 Β.,
254 2639 341 2667 electo
356 2639 521 2667 Anitiensi.
541 2637 735 2668 Devotionis
752 2641 806 2667 tue
823 2637 940 2667 merita
958 2646 1016 2667 nos
1032 2637 1130 2666 indu-

120 2695 214 2725 cunt,
233 2695 267 2720 ut
284 2691 501 2729 petitionibus
520 2691 586 2721 tuis
603 2695 763 2729 quantum
781 2699 855 2719 cum
872 2691 938 2719 Deo
955 2699 1130 2727 possumus

121 2751 319 2772 annuamus.
337 2743 423 2772 Hinc
440 2748 488 2773 est
506 2743 593 2782 quod
609 2752 668 2772 nos
686 2743 751 2772 tuis
771 2742 1069 2780 supplicationibus
1084 2742 1131 2771 in-

123 2794 254 2830 clinati,
279 2800 314 2825 ut
338 2804 445 2834 usque
467 2795 507 2825 ad
522 2795 706 2825 triennium
729 2804 850 2824 munus
871 2794 1131 2824 consecrationis

123 2847 290 2885 suscipere
306 2848 444 2877 minime
460 2848 606 2878 tenearis
627 2857 735 2886 neque
751 2847 791 2877 ad
811 2847 844 2876 id
860 2847 994 2877 interim
1016 2857 1033 2876 a
1052 2857 1133 2885 quo-

124 2908 222 2938 quam
245 2899 395 2938 compelli
412 2900 528 2938 possis*
540 2900 677 2929 invitus.
698 2899 893 2929 auctoritate
917 2899 977 2928 tibi
998 2908 1133 2937 presen-

125 2951 208 2981 tium
234 2952 457 2989 indulgemus.
477 2952 570 2982 Nulli
596 2956 655 2982 etc.
681 2956 793 2982 nostre
821 2951 1046 2981 concessionis
1071 2956 1132 2982 etc.

126 3003 198 3033 Dat.
216 3004 366 3042 Neapoli.
385 3006 434 3034 ΙΙΙ
450 3004 610 3034 kalendas
626 3004 800 3037 februarii,
819 3013 906 3033 anno
922 3004 1038 3042 primo.
1059 3016 1070 3030 η

1281 429 1337 456 89
1754 433 1869 468 Naides,
1885 434 1916 461 ‘21
1933 436 2044 469 janvier
2062 437 2137 464 1255.

1246 489 1504 524 Areliipresbytero
1523 492 1631 520 Casulis
1650 494 1806 525 Johannis,
1830 495 2046 524 Beneventanae
2067 498 2207 534 diocesis,

1211 538 1362 563 committit
1378 547 1474 565 curam
1491 542 1678 575 compellendi
1690 543 1723 568 ad
1738 543 1928 570 obedientiam
1941 544 2017 572 Petri
2027 547 2135 574 abbatis
2149 556 2209 574 mo-

1212 586 1327 610 nasterii
1343 595 1368 612 s.
1385 586 1507 621 Sophiae
1524 589 1742 616 Beneventanae
1757 592 1878 618 clericos
1894 597 1922 619 et.
1941 595 2078 621 vassallos
2094 604 2208 623 monas-

1211 634 1285 660 terii.
1301 634 1383 667 (tn-40.
1399 636 1444 668 ⁴24,
1461 644 1486 663 c.
1503 637 1544 667 79,
1564 638 1582 664 f.
1604 639 1652 669 11.)
1846 628 1859 635 “

1253 746 1265 759 κ
1285 757 1322 768 ..,
1341 737 1591 773 areli{presbitero
1608 740 1722 767 Casalis
1740 741 1903 775 lobannis,
1925 743 2130 773 Beneventani>
2145 746 2210 774 dio-

1211 787 1294 814 cesis.
1318 787 1480 824 Inspectis
1502 789 1725 820 laudabilibus
1748 792 1876 821 meritis
1896 793 2007 822 dilecti
2028 795 2087 823 filii
2110 797 2208 826 Petri.

1211 837 1339 868 abbatis
1354 841 1548 870 monasterii
1564 847 1675 872 sancte
1690 843 1809 881 Sophie
1826 845 2068 881 Beneventane,
2086 848 2211 878 ordinis

1211 891 1317 920 sancti
1334 892 1523 928 Benedicti,
1541 894 1581 923 ad
1597 904 1655 924 nos
1672 895 1763 925 nullo
1783 897 1890 926 medio
1905 898 2118 935 pertinentis,
2137 909 2211 930 eum

1210 946 1289 973 tunc
1304 944 1410 981 ipsius
1426 947 1620 975 monasterii
1639 948 1837 977 monachum
1852 949 1959 979 felicis
1975 952 2211 983 recordationis

1211 996 1235 1024 Ι.
1255 1005 1337 1034 papa
1353 997 1565 1034 predecessor
1581 1004 1692 1030 noster
1707 1000 1753 1029 ibi
1773 1002 1851 1031 fecit
1874 1002 1908 1031 in
1931 1003 2081 1033 abbatem
2100 1006 2211 1042 prefici

1212 1052 1242 1077 et
1254 1048 1318 1077 sibi
1330 1058 1451 1079 munus
1465 1050 1705 1082 benedictionis
1718 1053 1875 1091 impendi,
1893 1055 1987 1085 firma
2003 1056 2041 1085 de
2054 1057 2125 1094 ipso
2141 1066 2212 1087 con-

1212 1105 1304 1138 cepta
1321 1102 1455 1132 fiducia.
1475 1104 1561 1141 quod
1580 1114 1653 1134 eum
1669 1105 1711 1135 sit
1728 1106 1886 1136 honestus
1903 1112 1933 1137 et
1950 1109 2105 1145 providus
2122 1119 2158 1139 ac
2177 1111 2211 1139 in

1212 1153 1441 1191 spiritualibus
1459 1160 1486 1185 et
1506 1157 1740 1194 temporalibus
1756 1159 2029 1197 circumspectus,
2048 1167 2213 1193 monaste-

1212 1206 1299 1235 rium
1313 1206 1420 1244 ipsum
1438 1209 1523 1246 quod
1537 1210 1679 1240 faciente
1692 1211 1820 1240 malitia
1833 1213 1988 1250 temporis
2002 1218 2050 1243 est
2066 1215 2212 1246 destruc-

1212 1262 1298 1292 tum,
1330 1259 1363 1287 in
1394 1264 1516 1290 statum
1546 1261 1662 1291 salutis
1695 1263 1794 1299 dirigi
1823 1269 1853 1294 et
1886 1265 1921 1294 in
1952 1267 2117 1304 prosperis
2146 1269 2213 1298 Deo

1211 1311 1352 1349 propitio
1369 1312 1475 1342 valeat.
1491 1314 1654 1351 ampliari.
1675 1316 1742 1345 Nos
1759 1316 1884 1355 itaque,
1903 1318 1943 1346 ad
1959 1319 2123 1357 exemplar
2140 1330 2213 1358 pre-

1212 1362 1395 1393 decessoris
1418 1365 1582 1403 ejusdem,
1605 1367 1741 1397 dilectos
1762 1369 1846 1398 tilios
1870 1370 2042 1401 universos
2064 1371 2210 1407 clericos,

1211 1415 1351 1451 milites,
1374 1417 1525 1448 homines
1542 1423 1573 1448 et
1593 1420 1752 1450 vassallos
1775 1422 1999 1455 ecclesiarum,
2018 1428 2210 1455 castrorum,

1211 1468 1382 1504 casalium,
1396 1470 1549 1500 villarum
1563 1476 1592 1501 et
1605 1473 1826 1510 quorumlibet
1836 1474 1981 1505 locorum
1995 1478 2212 1514 spectantium

1211 1521 1251 1550 ad
1267 1521 1376 1559 ipsum
1396 1524 1634 1553 monasterium
1654 1535 1711 1563 per
1733 1536 1870 1563 regnum
1888 1528 1999 1558 Sicilie
2016 1531 2210 1560 constitutos

1209 1574 1371 1611 rogandos
1388 1575 1540 1606 duximus
1557 1581 1588 1606 et
1603 1577 1792 1611 hortandos,
1808 1580 1929 1610 nostris
1946 1581 2009 1610 sibi
2026 1582 2139 1612 dantes
2156 1582 2211 1612 lit-

1209 1627 1288 1656 teris
1306 1626 1339 1655 111
1352 1628 1526 1664 mandatis,
1543 1633 1577 1658 ut
1593 1630 1678 1659 dicto
1692 1630 1802 1660 abbati
1818 1641 1874 1669 pro
1891 1642 1925 1663 sc
1939 1638 1969 1663 et
1982 1634 2067 1663 dieto
2080 1644 2211 1666 monas-

1208 1679 1291 1709 terio
1308 1683 1475 1718 tamquam
1489 1690 1601 1710 eorum
1615 1682 1746 1712 domino
1760 1685 1929 1722 temporali
1943 1686 2027 1715 sicut
2040 1678 2211 1724 predeces-

1210 1732 1341 1761 soribus
1367 1733 1436 1762 suis
1464 1738 1611 1771 prestent
1634 1735 1804 1766 fidelitatis
1832 1737 1939 1767 debite
1961 1739 2149 1777 juramenta
2175 1750 2212 1771 ac

1210 1784 1274 1814 sibi
1290 1790 1385 1822 prout
1402 1790 1557 1816 tenentur
1577 1787 1748 1818 intendere
1765 1798 1800 1818 ac
1817 1790 1949 1820 obedire
1964 1797 2155 1829 procurent,
2174 1793 2213 1823 de

1206 1837 1338 1876 juribus
1360 1838 1424 1868 sibi
1447 1839 1567 1869 debitis
1590 1841 1717 1878 integre
1733 1843 1942 1880 responsuri:
1964 1844 2007 1873 ita
2026 1845 2111 1882 quod
2126 1845 2213 1874 idem

1210 1890 1311 1920 abbas
1335 1895 1442 1929 optate
1463 1892 1667 1923 sinceritatis
1692 1894 1810 1923 affectu
1832 1895 1867 1923 in
1890 1896 1937 1925 eis
1960 1896 2109 1926 invenire
2134 1907 2213 1935 gau-

1210 1942 1283 1972 deat
1307 1948 1335 1973 et
1359 1953 1417 1974 nos
1438 1945 1646 1975 devotionem
1669 1956 1781 1976 eorum
1799 1948 1908 1985 dignis
1929 1949 2044 1979 exinde
2060 1950 2213 1979 laudibus

1210 1997 1489 2027 commendemus.
1514 1999 1673 2034 Quocirca
1689 2000 1883 2030 mandamus
1899 2002 2071 2039 quatinus,
2092 2003 2119 2031 si
2135 2003 2214 2032 dicti

1210 2047 1333 2079 clerici,
1348 2049 1482 2085 milites,
1498 2050 1649 2081 homines
1666 2056 1696 2081 et
1710 2052 1844 2082 vassalli
1860 2054 2049 2084 mandatum
2066 2059 2214 2085 nostrum

1210 2101 1415 2139 neglexerint
1430 2103 1618 2141 adimplere,
1633 2108 1666 2133 tu
1678 2114 1732 2133 eos
1742 2106 1833 2140 adid,
1848 2107 2028 2137 monitione
2040 2108 2211 2145 premissa,

1210 2163 1268 2192 per
1282 2164 1456 2184 censuram
1471 2156 1739 2189 ⁴›ij-clesiasticam.
1759 2158 1977 2196 appellalitme
1994 2165 2127 2195 remota,
2146 2170 2214 2198 prc-

1211 2207 1356 2236 sentium
1372 2208 1499 2237 ratione
1516 2209 1701 2247 compellas.
1721 2211 1793 2239 Dat.
1812 2211 1959 2249 Neapoli,
1977 2213 2040 2242 XII
2057 2213 2213 2243 kalendas

1211 2260 1383 2295 februarii,
1400 2270 1486 2290 anno
1501 2262 1618 2299 primo.
1638 2274 1650 2289 »

1283 2436 1343 2465 80
1753 2439 1868 2474 Naplcs,
1884 2440 1917 2467 28
1935 2442 2047 2475 janvier
2066 2443 2141 2470 1255.

1248 2498 1444 2533 Iun-ascriptis
1459 2500 1585 2530 mandat,
1605 2504 1634 2526 ut
1652 2501 1813 2528 Hermanno
1830 2502 1922 2528 abbati
1944 2503 2035 2530 electo
2050 2506 2213 2532 monasterii

1213 2547 1240 2572 in
1258 2547 1561 2579 Hclinwordoshuseu,
1577 2548 1808 2576 padeburnensis
1819 2550 1951 2582 diocesis,
1966 2560 2070 2578 munus
2084 2553 2216 2580 benedic-

1214 2595 1299 2621 tionis
1316 2595 1496 2629 impendant,
1521 2600 1585 2630 post
1606 2598 1819 2631 inquisitionem
1841 2600 1951 2625 solitam
1974 2600 2008 2626 de
2030 2601 2167 2627 electione
2188 2605 2216 2628 et

1215 2651 1346 2677 persona.
1363 2644 1443 2677 (um.
1461 2645 1505 2676 ⁴24,
1523 2654 1548 2672 e.
1565 2646 1608 2679 80,
1626 2646 1645 2672 f.
1666 2646 1717 2678 ll)

1257 2757 1268 2770 «
1297 2767 1332 2778 ,1,
1357 2746 1580 2784 archiepiscopo
1604 2752 1629 2774 et
1654 2770 1690 2781 ..,
1710 2749 1811 2784 priori
1831 2750 1965 2783 fratrum
1988 2750 2212 2779 Pmlicatorwn

1215 2798 1449 2827 Cotonz'eaeibns.
1470 2798 1589 2827 Dileeti
1611 2799 1671 2827 filii
1693 2805 1872 2829 conventus
1888 2802 2079 2831 monasterii
2099 2802 2132 2831 in
2150 2804 2215 2832 lte-

1215 2850 1521 2885 linwordesliusen,
1548 2851 1674 2881 ordinis
1699 2853 1804 2881 sancti
1832 2854 2018 2889 Benedicti,
2048 2855 2214 2884 Padebur-

1216 2903 1330 2931 nensis
1356 2903 1511 2934 diocesis.
1535 2914 1594 2932 sua
1611 2904 1704 2933 nobis
1721 2905 1879 2942 petitione
1900 2911 2093 2935 uioiuieruut
2118 2907 2212 2945 quod,

1216 2955 1416 2984 monasterio
1444 2955 1514 2993 ipso
1541 2956 1625 2994 quod
1652 2957 1690 2985 ad
1714 2958 1894 2986 Romanam
1920 2958 2096 2987 Ecclesiam
2125 2959 2215 2988 nullo

1217 3007 1324 3036 medio
1341 3008 1481 3044 pertinet.
1499 3009 1626 3037 abbatis
1649 3009 1808 3045 1¹t‘·giliii1n=
1825 3010 1995 3045 destituto,
2015 3011 2077 3047 ipsi
2098 3020 2216 3042 convc-
