2498 3325
240 262 301 293 370
970 253 1208 285 REGISTRES
1230 252 1537 284 D'ALEXANDRE
1561 254 1617 284 IV.

246 326 477 367 promulgavit.
504 334 540 354 ac
565 333 676 354 eorum
703 323 861 353 ecclesias
882 321 1056 360 supposuit
1077 319 1252 350 ecclesias-

246 382 310 410 tico
327 379 513 413 interdicto,
533 376 721 416 hujusmodi
740 375 924 405 sententias
938 373 1177 404 nichilominus
1194 381 1254 410 pu-

244 433 409 463 blicando.

290 502 301 512 η
319 487 440 515 Verum
460 484 535 522 ipsi.
554 483 684 512 eosdem
701 482 885 511 sententias
902 479 1160 518 dampnabiliter
1176 486 1254 507 con-

247 542 471 577 tempnentes,
491 537 604 565 divina
619 536 727 565 officia
743 535 926 569 celebrare,
950 534 1066 566 immo,
1092 535 1252 570 quantum

247 594 281 622 in
305 592 353 621 eis
375 595 441 622 est,
464 590 575 619 verius
600 589 805 627 prophanare
829 590 1044 625 presumunt,
1068 586 1100 614 in
1126 585 1254 614 anima-

246 655 321 675 rum
349 652 483 674 suarum
513 642 714 681 periculum,
744 641 822 670 dicti
851 640 946 669 electi
974 638 1193 678 prejudicium
1225 641 1255 666 et

247 697 473 729 ecclesiastice
503 695 679 734 discipline
710 698 945 732 contemptum.
979 693 1087 729 Quare
1123 691 1186 720 fnit
1218 699 1254 719 ex

248 751 474 791 parteflipsius*
503 749 598 778 electi
629 748 723 778 nobis
755 747 926 777 humiliter
951 745 1193 784 supplicatum,
1220 748 1256 773 ut

246 807 353 835 dictas
370 804 553 834 sententias
570 803 670 832 robur
686 801 852 831 firmitatis
875 800 1022 829 debitum
1039 799 1201 831 obtinere,
1220 807 1255 826 ac

248 868 305 889 eos
324 867 380 896 pro
397 855 587 896 hujusmodi
610 854 868 894 presumptionis
888 862 1024 883 excessu
1042 851 1154 890 puniri
1174 860 1257 889 pena

250 911 409 942 canonica
426 909 671 939 mandaremus.
698 908 840 946 Ideoque
859 906 1072 941 mandamus,
1099 905 1257 944 quatinus

250 964 434 996 sententias
452 964 541 1001 ipsas
553 962 600 991 sic
618 961 772 999 prolatas,
792 969 855 989 non
873 960 1024 989 obstante
1038 958 1258 997 appellatione

251 1018 410 1057 predicta,
430 1017 534 1046 facias
559 1015 753 1044 auctoritate
779 1018 889 1043 nostra
913 1022 1017 1051 usque
1043 1012 1082 1041 ad
1106 1011 1259 1041 satisfac-

252 1071 376 1101 tionem
393 1069 601 1106 condignam,
623 1067 843 1105 appellatione
861 1070 1000 1100 remota,
1021 1063 1261 1094 inviolabiliter

252 1122 433 1156 observari,
452 1121 583 1150 easdem
599 1119 782 1150 sententias
797 1118 940 1155 singulis
954 1117 1071 1147 diebus
1084 1115 1260 1146 dominicis

251 1181 283 1206 et
301 1175 441 1209 festivis,
459 1173 598 1212 pulsatis
616 1172 786 1210 campanis
806 1176 835 1201 et
860 1170 1008 1200 candelis
1025 1169 1184 1204 accensis,
1204 1178 1261 1207 per

251 1229 363 1258 omnia
380 1227 450 1257 lora
467 1227 500 1255 in
519 1226 640 1264 quibus
658 1225 810 1263 expedire
827 1223 962 1256 videris,
983 1222 1181 1261 publicando
1195 1220 1261 1251 sol-

252 1280 440 1319 lempniter,
460 1284 488 1309 et
505 1278 667 1316 publicari
682 1277 845 1311 faciendo,
862 1285 897 1306 ac
911 1275 1101 1305 nunciando
1118 1275 1262 1312 prefatas

250 1334 409 1364 ecclesias
435 1332 647 1366 interdictas,
673 1330 755 1360 alias
782 1329 990 1367 aggravando
1016 1328 1160 1366 prefatas
1185 1336 1262 1356 sen-

254 1387 386 1418 tentias.
407 1390 501 1424 prout
523 1384 669 1422 exegerit
692 1383 888 1422 protervitas
914 1381 1116 1411 eorumdem.
1134 1380 1168 1410 Si
1187 1388 1262 1409 vero

252 1440 398 1479 episcopi
418 1444 449 1469 et
467 1438 524 1468 alii
546 1437 685 1476 predicti
702 1437 749 1467 sic
765 1436 859 1473 ligati
879 1435 930 1465 vel
953 1434 1056 1473 aliqui
1079 1443 1116 1464 ex
1137 1433 1185 1462 eis
1207 1442 1263 1462 su-

253 1504 311 1534 per
332 1494 398 1523 hiis
421 1492 684 1523 satisfactionem
705 1490 888 1529 plenariam
916 1489 1019 1519 electo
1040 1487 1264 1526 impenderint

256 1551 447 1581 memorato,
475 1545 669 1575 auctoritate
697 1547 825 1578 nostra,
853 1541 980 1572 relaxes
1005 1542 1099 1580 juxta
1124 1541 1265 1569 formam

254 1600 402 1631 Ecclesie
417 1598 601 1629 sententias
614 1597 808 1630 antedictas,
827 1600 857 1625 et
875 1596 1047 1633 dispenses
1062 1603 1135 1623 cum
1149 1594 1197 1623 eis
1212 1602 1265 1622 su—

258 1664 316 1692 per
335 1651 596 1689 irregularitate,
620 1650 648 1679 si
670 1659 768 1688 quam
785 1653 917 1687 propter
941 1648 1001 1677 hoc
1024 1647 1163 1677 forsitan
1187 1655 1265 1676 con-

257 1709 439 1736 traxerunt.
460 1706 533 1734 Dat.
560 1702 730 1736 Laterani,
754 1703 833 1732 VIII
858 1701 932 1731 idus
958 1700 1087 1735 martii,
1107 1708 1193 1729 anno
1213 1708 1265 1728 se-

257 1759 375 1789 cundo.
398 1770 410 1784 n

333 1916 452 1945 1220

296 1979 484 2012 Infrascripto
501 1977 640 2009 indulget,
657 1981 685 2002 ut
702 1977 829 2009 recipere
847 1976 937 2000 valeat
954 1974 1069 2000 unicum
1086 1973 1161 1999 aliud
1180 1973 1268 1998 bene-

768 1913 880 1945 lmtran,
897 1913 930 1940 ‘2ss
947 1912 1099 1938 decembre
1121 1911 1196 1938 1‘255.

260 2029 358 2056 ficium
383 2036 480 2054 curam
507 2027 616 2053 habens
638 2027 808 2052 animarum.
833 2024 916 2056 (itm.
938 2023 982 2054 24,
1007 2024 1025 2050 f.
1054 2024 1124 2052 153v,
1147 2032 1212 2049 ann.
1233 2022 1268 2051 lt.

260 2086 288 2104 c.
308 2078 377 2110 182.)

304 2192 316 2205 (ι
351 2179 497 2208 Willelmo
521 2177 554 2206 de
574 2178 640 2205 Alto
661 2177 769 2211 Monte,
795 2177 904 2204 rectori
928 2175 1046 2204 ecclesie
1070 2174 1103 2203 de
1126 2175 1270 2206 Holccote,

264 2233 487 2262 Lincolniensis
511 2231 644 2259 diocesis.
675 2229 868 2259 Devotionis
897 2233 951 2258 tue
979 2227 1097 2257 merita
1122 2244 1170 2256 ——.
1198 2227 1271 2256 Dat.

264 2285 430 2320 Laterani,
448 2285 511 2314 VII
527 2283 686 2313 kalendas
702 2282 862 2321 januarii.
881 2290 968 2312 anno
987 2281 1144 2311 secundo.
1166 2293 1177 2306 »

340 2458 449 2486 ¹221

306 2518 452 2544 Fratribus
467 2518 569 2543 domus
587 2517 764 2551 leprosorum
780 2516 808 2541 S.
825 2515 930 2545 lazari,
948 2514 1124 2540 Mutinensis
1138 2513 1273 2543 diocesis,

866 2453 979 2483 Lan-an,
997 2453 1010 2478 4
1029 2460 1105 2478 mars
1126 2451 1192 2478 1250

268 2567 653 2600 confirmat'exemptionem
677 2566 711 2591 ab
728 2565 864 2590 munibus·
881 2563 1010 2590 collectis
1026 2562 1168 2589 ecclesiae
1189 2569 1275 2595 quam

269 2617 311 2643 eis
327 2615 473 2642 concessit
497 2615 635 2640 Albertus
659 2614 832 2639 Mutinensis
855 2613 1012 2646 episcopus
1028 2611 1074 2637 die
1091 2611 1202 2637 sabbati
1220 2609 1276 2635 XV

269 2664 393 2690 intrante
416 2663 549 2697 januario
576 2661 728 2692 MCCLVI,
757 2662 866 2687 litteras
891 2660 1085 2694 exemptionis
1110 2658 1275 2686 inserendo.

269 2713 352 2745 (tiso.
368 2712 413 2743 ⁴24,
431 2712 449 2737 f.
468 2710 542 2744 1532
559 2719 625 2737 ann.
644 2710 681 2742 ΙΙ,
699 2718 725 2736 c.
746 2711 816 2741 183.)

313 2826 326 2840 «
343 2837 372 2849 ..,
390 2814 546 2850 magistro,
565 2817 591 2841 et
605 2812 757 2848 fratribus
773 2811 879 2839 domus
897 2812 1084 2848 leprosorum
1099 2810 1207 2839 Sancti
1223 2810 1280 2837 La-

271 2869 352 2896 zari.
371 2867 552 2896 Mutinensis
568 2866 704 2894 diocesis.
723 2865 766 2893 Ex
785 2868 897 2893 tenore
913 2868 1021 2894 vestre
1038 2862 1209 2901 petitionis
1227 2871 1281 2891 ac—

273 2920 436 2957 cepimus,
460 2918 546 2957 quod
563 2917 765 2947 venerabilis
789 2917 891 2946 frater
914 2920 1026 2946 noster
1048 2938 1083 2950 ..,
1107 2915 1280 2952 episcopus

1337 319 1556 354 Mutinensis,
1579 319 1643 350 loci
1670 320 1883 354 diocesanos,
1909 318 2094 356 paupertati
2123 322 2154 347 et
2180 315 2346 355 angustiis

1336 372 1456 401 vestris
1482 377 1619 410 paterno
1644 373 1764 403 affectu
1789 371 2008 410 compatiens,
2035 380 2092 399 vos
2117 370 2292 400 ecclesiam
2315 373 2348 401 et

1336 424 1469 454 domum
1487 430 1615 455 vestras
1634 426 1675 456 ab
1693 424 1848 455 omnibus
1864 424 2012 454 collectis
2028 428 2056 453 et
2074 432 2174 453 onere
2192 423 2348 454 collecta-

1337 486 1409 506 rum
1438 478 1696 516 imperpetuum.
1717 482 1813 516 prout
1839 477 2032 515 spectabant
2057 476 2096 505 ad
2120 485 2211 510 eum,
2237 475 2291 514 pia
2316 478 2348 505 et

1337 531 1472 569 provida
1496 531 1735 561 deliberatione
1759 530 1901 560 absolvit
1919 540 1925 558 :
1944 530 1989 559 ita
2005 529 2092 568 quod
2109 529 2149 558 ab
2165 538 2203 558 eo
2219 533 2250 558 et
2272 537 2349 558 suc-

1338 584 1526 613 cessoribus
1547 585 1618 614 suis
1639 589 1695 614 aut
1716 583 1897 622 capellanis
1918 582 2064 611 civitatis
2082 582 2284 612 Mutinensis
2308 579 2349 611 ad

1339 637 1500 675 premissa
1517 637 1587 674 cogi
1604 637 1754 667 decetero
1779 646 1842 666 non
1869 636 2020 674 possitis.
2040 640 2135 673 prout
2152 635 2185 664 in
2204 634 2347 673 patenti-

1339 690 1400 719 bus
1429 689 1550 719 litteris
1577 690 1695 728 prefati
1724 689 1868 728 episcopi
1894 689 2054 719 confectis
2081 688 2199 718 exinde
2224 696 2262 717 ac
2288 695 2349 717 suo

1339 743 1450 781 sigillo
1467 743 1609 781 signatis
1627 743 1758 782 plenius
1775 743 1975 772 continetur.
1999 742 2066 771 Nos
2083 742 2211 780 itaque,
2229 740 2350 770 vestris

1339 796 1640 834 supplicationibus
1663 796 1832 829 inclinati,
1854 795 1940 834 qnod
1965 804 2064 832 super
2090 794 2149 823 hoc
2171 793 2211 823 ab
2236 793 2351 823 eodem

1340 849 1492 887 episcopo
1516 850 1569 887 pie
1596 858 1632 879 ac
1654 848 1789 887 provide
1814 849 1935 878 factum
1961 852 2021 877 est.
2044 851 2150 876 ratum
2171 850 2201 875 et
2219 846 2352 875 firmum

1342 902 1517 937 habentes,
1543 903 1575 931 id
1601 902 1796 931 auctoritate
1823 901 2000 939 apostolica
2028 900 2263 929 confirmamus
2288 902 2350 928 etc.

1342 964 1446 994 usquc
1463 966 1468 984 :
1485 955 1741 985 communimus.
1756 955 1917 984 Tenorem
1934 958 2044 982 autom
2061 953 2247 982 litterarum
2261 951 2352 989 ipsa-

1343 1018 1414 1038 rum
1429 1008 1467 1038 de
1482 1008 1579 1038 verbo
1594 1008 1633 1038 ad
1649 1008 1783 1038 verbum
1801 1007 2012 1046 presentibus
2029 1006 2169 1036 fecimus
2185 1003 2351 1038 annotari,

1343 1061 1399 1099 qui
1418 1061 1493 1091 talis
1511 1066 1559 1091 est
1579 1071 1584 1090 :

1877 1128 2010 1160 Modone,
2031 1128 2060 1154 15
2071 1127 2186 1161 jam-ion·
2204 1125 2281 1153 1256,

1386 1203 1397 1216 «
1425 1192 1462 1220 In
1488 1191 1620 1220 nomine
1643 1191 1776 1220 Domini
1804 1190 1908 1220 nostri
1931 1189 2037 1219 ‹llicsn
2060 1188 2203 1222 Christi,
2224 1196 2311 1218 anno
2336 1196 2356 1217 a

1347 1257 1358 1269 »ι
1384 1243 1566 1273 Nativitate
1585 1243 1732 1282 ejusdem
1749 1243 1958 1273 M⁰CC⁰LVI⁰.
1977 1242 2158 1272 indictione
2170 1241 2286 1275 XIIII,
2301 1240 2355 1271 die

1347 1309 1359 1322 »
1385 1296 1514 1326 sabbati
1528 1297 1589 1326 XV
1602 1296 1748 1326 intrante
1760 1295 1927 1335 januario,
1943 1295 1982 1324 ad
1997 1295 2155 1324 honorem
2170 1294 2231 1324 Dei
2243 1293 2357 1324 Omni·
2400 1323 2402 1326 f

1348 1362 1359 1375 »
1386 1349 1529 1387 potentis
1557 1353 1587 1378 et
1617 1348 1810 1378 beatissime
1838 1347 1942 1377 Mai-ie
1970 1347 2139 1385 Virginis,
2167 1355 2295 1377 necnon
2325 1349 2358 1376 et

1348 1416 1360 1428 ι)
1386 1402 1522 1439 gloriosi
1538 1401 1731 1432 Geminiani
1751 1401 1954 1431 confessoris
1972 1405 2003 1429 et
2021 1400 2182 1438 episcopi,
2202 1399 2357 1429 dominus

1348 1467 1360 1481 »
1387 1455 1554 1489 Albertus,
1573 1454 1633 1484 Dei
1651 1454 1757 1492 gratia
1773 1453 1976 1484 venerabilis
1995 1453 2169 1492 episeopus
2186 1452 2357 1482 Mutinen-

1349 1520 1361 1534 »
1387 1508 1445 1543 sis,
1456 1517 1514 1546 pro
1528 1507 1674 1538 remedio
1689 1507 1799 1537 anime
1811 1516 1869 1537 sue
1883 1515 1920 1536 ae
1935 1515 2068 1536 suorum
2084 1505 2356 1544 predecessorum

1350 1574 1362 1587 »
1388 1566 1419 1592 et
1442 1570 1672 1592 successorum
1692 1560 1921 1591 misericordia
1939 1564 2063 1593 motus,
2085 1559 2198 1589 volens
2216 1557 2358 1588 necessi-

1350 1628 1362 1641 »
1389 1619 1453 1645 tate
1466 1619 1496 1644 et
1508 1614 1693 1653 paupertati
1707 1622 1743 1644 ac
1757 1613 1904 1643 miseriis
1919 1617 1950 1643 et
1962 1611 2197 1642 afflictionibus
2213 1611 2360 1641 infirmo-

1351 1681 1363 1694 »
1388 1678 1461 1697 rum
1486 1667 1599 1698 Sancti
1619 1667 1729 1696 Lazari
1747 1666 1929 1705 providere,
1949 1666 2082 1700 exemit,
2100 1665 2242 1695 absolvit
2261 1668 2359 1703 atque

1351 1734 1363 1747 »
1388 1720 1542 1751 liberavit
1564 1729 1622 1758 pro
1646 1728 1680 1750 se
1704 1724 1735 1749 et
1756 1719 1826 1749 suis
1848 1718 2098 1749 successoribus
2117 1718 2361 1756 imperpetuum

1352 1785 1364 1799 n
1390 1772 1564 1803 ecclesiam
1598 1772 1710 1802 Sancti
1742 1772 1854 1801 Lazari
1889 1775 1920 1801 et
1952 1771 2103 1800 infirmos
2134 1769 2174 1800 ab
2204 1769 2360 1800 omnibus

1353 1839 1364 1852 »
1389 1825 1537 1855 collectis
1559 1830 1588 1855 et
1613 1834 1712 1854 onere
1732 1824 1943 1854 collectarum
1961 1824 2111 1853 decetero
2130 1823 2290 1852 factarum
2307 1830 2362 1852 oc-

1352 1892 1365 1905 »
1391 1879 1523 1909 casione
1541 1878 1668 1917 aliqua,
1694 1878 1739 1907 ita
1763 1877 1850 1916 quod
1871 1877 1912 1906 ab
1934 1877 2004 1914 ipso
2031 1876 2164 1906 domino
2189 1875 2360 1914 episcopo,

1353 1945 1365 1959 n
1392 1941 1498 1971 neque
1523 1932 1593 1961 suis
1615 1930 1866 1960 successoribus
1887 1939 1945 1959 seu
1970 1940 1987 1959 a
2012 1929 2194 1967 capellanis
2217 1927 2363 1958 civitatis

1355 1998 1366 2011 »
1395 1984 1595 2014 Mutinensis
1613 1983 1754 2013 ulterius
1777 1992 1833 2021 pro
1854 1982 2001 2012 collectis
2021 1981 2190 2020 aliquibus
2207 1980 2294 2010 dicta
2310 1988 2364 2010 ec-

1356 2051 1368 2065 »
1393 2038 1495 2068 clesia
1516 2041 1545 2067 et
1570 2037 1695 2066 infirmi
1714 2036 1866 2074 compelli
1888 2045 1952 2065 nou
1977 2035 2115 2073 possint.
2137 2033 2187 2064 Ad
2205 2033 2364 2072 majorem

1356 2104 1369 2118 n
1395 2096 1504 2121 autem
1523 2090 1715 2130 hujusmodi
1733 2086 1780 2119 rbi
1798 2089 2004 2123 firmitatem,
2019 2088 2122 2127 jussit
2141 2087 2288 2126 prefatus
2307 2086 2366 2116 do-

1357 2157 1369 2171 »
1393 2144 1502 2173 minus
1519 2144 1692 2182 episcopus
1710 2142 1794 2172 hanc
1810 2142 1965 2180 paginam
1985 2141 2037 2170 sui
2057 2140 2161 2178 sigilli
2179 2139 2366 2170 munimine

1357 2210 1369 2224 »
1395 2197 1556 2227 roborari.
1581 2197 1699 2225 Actum
1722 2195 1849 2225 Mutine
1873 2195 1906 2223 in
1931 2193 2111 2233 episcopali
2136 2192 2274 2232 palatio,
2291 2200 2367 2231 pre-

1358 2264 1370 2277 »
1396 2250 1548 2280 sentibus
1572 2249 1712 2279 testibus
1732 2253 1763 2278 et
1782 2248 1905 2286 rogatis
1929 2248 2062 2277 domino
2082 2246 2230 2277 Mai-chio
2252 2245 2291 2276 de
2306 2245 2366 2275 Vi-

1396 2303 1522 2338 centia,
1551 2302 1721 2340 capellano
1754 2302 1860 2340 ipsius
1888 2301 2015 2331 domini
2043 2300 2202 2339 episcopi,
2233 2298 2367 2329 domino

1396 2356 1530 2391 Jacobo,
1543 2355 1834 2394 archipresbytero
1850 2354 1957 2393 plebis
1971 2355 2009 2384 de
2024 2353 2178 2387 SalicetQ
2191 2357 2222 2383 et
2234 2352 2368 2382 domino

1397 2408 1607 2440 Lanl‘raneho
1624 2408 1662 2438 do
1680 2408 1866 2438 Boscbetis.

1402 2476 1413 2489 u
1440 2463 1506 2499 Ego
1525 2462 1775 2491 Bonaventnra.
1801 2460 1967 2499 imperiali
1987 2459 2183 2489 auctoritate
2200 2458 2366 2492 notarius,

1400 2515 1489 2544 lilius
1506 2514 1620 2544 fratris
1634 2514 1748 2544 Jacobi
1763 2514 1801 2542 de
1818 2513 2007 2543 Penitcntia
2022 2512 2060 2542 de
2075 2511 2213 2545 Soleria,
2228 2509 2370 2540 interfui

1362 2581 1374 2595 n
1400 2573 1431 2598 et
1447 2568 1486 2597 de
1502 2567 1656 2597 mandato
1675 2567 1793 2605 prefati
1811 2566 1935 2596 domini
1954 2565 2099 2604 episcopi
2116 2564 2247 2602 scripsi.
2268 2576 2280 2589 n

1402 2634 1414 2647 α
1435 2620 1529 2650 Nulli
1546 2625 1607 2650 etc.
1625 2624 1736 2649 nostre
1753 2619 2016 2649 confirmationis
2033 2622 2094 2647 etc.
2112 2618 2185 2647 Dat.
2202 2615 2368 2651 Laterani,

1362 2674 1429 2703 IIII
1447 2682 1551 2703 nonas
1568 2673 1695 2708 martii,
1715 2681 1802 2702 anno
1820 2671 1977 2702 secundo.
1999 2684 2009 2697 »

1362 2528 1367 2541 )

1438 2857 1555 2885 ¹222
1924 2857 2035 2886 liutran,
2059 2857 2087 2881 17
2104 2855 2207 2881 [evi-ier
2224 2854 2301 2881 1256.

1404 2919 1527 2953 [licouip
1555 2920 1774 2954 archiepiscopo
1802 2920 2026 2948 Mediolanensi,
2054 2917 2187 2943 concedit
2211 2916 2373 2942 facultatem

2466 2851 2493 3325 ’‘mh-*wa
2488 2800 2489 2809 ⁴
