2498 3325
1002 224 1226 262 PREMIERE
1247 225 1407 262 ANNEE.
2197 234 2253 263 265

154 300 346 336 praesentiam
363 300 441 334 regis
455 299 533 325 adire
549 303 687 334 nequeat,
705 299 884 334 procuratori
907 299 972 332 ejus
989 297 1094 330 regalia
1108 297 1164 322 lar-

153 349 258 384 giatur.
278 349 360 381 (Rae.
377 348 420 382 24,
437 356 463 374 e.
481 348 542 379 718.
558 349 578 375 f.
598 348 674 380 104'3
693 348 872 378 Romaanus,
887 351 908 374 t.
924 346 978 379 III,
991 351 1022 372 n⁰
1036 346 1108 375 417.)

200 474 213 489 α
239 463 292 497 W.,
308 463 374 499 ‘reyi
389 463 597 491 Romanorum
614 463 742 491 illustri.
768 461 924 491 Debitum
940 460 1040 490 officii
1061 459 1166 489 nostri

155 513 309 552 requirit,
327 518 363 543 ut
378 513 466 544 inter
485 514 728 544 sollicitudines
748 517 809 544 etc.
832 521 938 551 usque
956 522 962 541 τ
978 512 1166 542 incremen-

158 570 239 596 tum.
250 566 371 596 Adhoc
380 575 456 604 ergo
466 571 579 596 nostra
588 566 693 597 tendit
702 566 856 601 intentio,
870 565 957 595 circa
965 564 999 594 id
1011 564 1166 602 cogitatio

158 622 271 648 nostra
282 623 433 648 versatur
449 623 480 648 et
494 619 535 649 ad
549 619 611 649 hoc
627 628 759 649 omnem
772 627 871 657 quam
883 626 1058 656 possumus
1072 625 1167 654 opem

159 674 189 700 et
201 679 335 708 operam
346 671 553 706 adhibemus,
564 675 599 701 ut
609 671 691 701 tales
700 671 735 700 111
746 674 838 708 parte
849 669 1086 700 sollicitudinis
1095 677 1166 698 evo-

159 731 282 757 cemus,
301 723 358 761 qui
375 724 588 753 commissum
607 723 672 753 sibi
689 732 821 761 gregem
840 722 1042 752 dominicum
1060 721 1167 750 sciant

158 783 224 804 non
241 775 348 804 solum
364 775 514 804 doctrina
530 775 621 805 verbi
641 775 698 805 sed
720 775 829 813 operis
851 775 1032 803 informare
1053 773 1167 802 illum-

157 836 221 865 que
244 827 424 865 prudenter
445 836 559 865 regere
582 828 737 857 studeant
760 831 791 857 et
812 827 847 856 in
871 827 959 856 viam
981 825 1166 856 salubrium

156 880 301 917 dirigere
316 880 564 913 mandatorum,
584 884 614 910 et
637 881 695 918 qui
712 880 854 910 subditis
872 889 937 909 non
953 887 1086 917 preesse
1108 886 1166 907 cu-

155 932 249 970 piant
265 932 323 962 sed
334 933 502 970 prodesse,
521 942 556 962 ac
569 933 763 962 commissas
775 932 841 962 sibi
853 931 1010 961 ecclesias
1028 931 1063 959 in
1078 933 1165 959 statu

156 985 292 1022 pacifico
309 989 340 1015 et
357 985 537 1024 tranquillo
549 985 653 1015 velint
670 989 700 1014 et
715 984 847 1014 valeant
864 984 1060 1021 gubernare.
1079 982 1165 1012 Sane

155 1037 341 1067 venerabili
356 1038 458 1067 fratre
478 1042 591 1067 nostro
665 1037 855 1075 patriarcha
874 1036 1162 1070 ι10105011111110110,

156 1090 195 1119 de
211 1090 415 1120 Virdunensi
433 1090 583 1125 ecclesia,
602 1090 655 1119 cui
672 1094 748 1119 ante
764 1090 943 1127 prefuerat,
958 1089 998 1118 ad
1007 1087 1164 1119 (10105011-

155 1143 317 1172 mitanam
333 1142 445 1172 divina
457 1143 675 1180 dispositione
691 1142 862 1177 translato,
879 1151 949 1177 nOS,
968 1141 1025 1180 qui
1040 1141 1165 1180 exjugo

156 1195 334 1233 apostolice
351 1196 522 1225 servitutis
537 1195 704 1225 universis
719 1204 834 1225 sumus
849 1194 998 1224 ecclesiis
1015 1193 1163 1231 obligati,

157 1248 365 1278 attendentes
384 1248 481 1287 quod,
507 1248 534 1278 si
550 1249 696 1286 predicte
712 1247 917 1278 Vix-dunensi
934 1246 1073 1277 ecclesie
1091 1254 1166 1284 pro-

157 1301 242 1330 visio
256 1301 456 1333 differretur.
471 1301 584 1331 multis
597 1301 782 1339 subjaceret
793 1300 951 1338 periculis
963 1304 993 1329 et
1007 1299 1120 1336 gravia
1131 1298 1166 1326 in

159 1353 390 1391 spiritualibus
407 1357 438 1383 et
453 1353 689 1391 temporalibus
703 1353 901 1383 detrimenta
913 1352 1050 1383 subiret,
1065 1360 1101 1381 ac
1114 1360 1167 1380 vo-

157 1405 264 1435 lentes
289 1410 421 1444 propter
440 1406 501 1435 hoc
521 1405 628 1435 eidem
648 1405 853 1436 Virdunensi
870 1405 1008 1435 ecclesie
1031 1405 1069 1434 de
1091 1413 1167 1442 pas-

159 1463 228 1488 tore
245 1458 374 1496 ydoneo
388 1458 540 1488 celeriter
555 1458 739 1496 providere,
755 1458 912 1488 dilectum
926 1457 1033 1486 filium
1049 1457 1168 1494 magis-

161 1515 246 1540 trum
268 1511 460 1545 Robertum,
478 1510 724 1541 Virdunensen]
748 1510 900 1544 electum,
923 1515 1001 1540 tunc
1021 1519 1168 1539 camera-

158 1564 245 1593 rium
273 1563 385 1593 dilecti
413 1564 474 1592 filii
502 1564 606 1593 nostri
634 1565 659 1593 I.
688 1563 794 1593 sancti
822 1563 953 1593 Nicolai
975 1563 1009 1593 in
1029 1563 1168 1593 Carcere

158 1616 312 1646 Tulliano
330 1616 460 1645 diaconi
483 1616 673 1651 cardinalis,
701 1616 809 1645 virum
831 1615 947 1653 utique
963 1615 1166 1649 litteratum,

157 1677 287 1698 morum
310 1668 483 1698 honestate
506 1667 738 1705 conspicuum,
764 1667 904 1697 consilio
928 1666 1112 1705 providum,
1138 1670 1169 1695 et

158 1721 193 1750 in
224 1720 455 1758 spiritualibus
479 1724 510 1750 et
534 1720 771 1758 temporalibus
800 1720 1087 1758 circumspectum,
1115 1728 1168 1748 ac-

158 1778 355 1812 ceptumque
382 1773 477 1802 nobis
506 1776 537 1802 et
563 1773 725 1802 fratribus
753 1773 887 1807 nostris,
914 1781 972 1802 sue
992 1772 1168 1810 probitatis

156 1826 286 1861 merito,
304 1826 449 1864 predicte
472 1826 677 1856 Virdunensi
704 1826 842 1856 ecclesie
868 1827 903 1855 in
931 1827 1120 1864 episcopum
1138 1830 1169 1855 et

156 1882 321 1916 pastorem
344 1878 555 1916 prefecimus,
574 1878 612 1908 de
624 1879 765 1907 fratrum
785 1878 964 1908 eorundem
981 1878 1120 1907 consilio
1137 1882 1168 1908 et

157 1936 187 1961 et
200 1931 377 1969 apostolice
388 1931 596 1969 plenitudine
608 1932 792 1969 potestatis,
810 1936 980 1969 sperantes
994 1931 1090 1970 quod,
1108 1940 1168 1961 sua

156 1983 451 2022 circumspectione
468 1983 628 2013 laudabili
645 1989 675 2013 et
691 1984 898 2022 providentia
916 1984 1165 2022 circumspecta,
1208 1982 1209 1986 ’

153 2036 226 2074 ipsa
252 2035 391 2066 ecclesia
419 2040 484 2065 tam
515 2036 602 2065 circa
630 2036 819 2074 spiritualia
846 2046 946 2075 quam
973 2036 1168 2076 temporalia

155 2089 258 2127 gratis
277 2089 442 2118 tribuente
463 2089 603 2118 Domino
623 2089 775 2126 proficiat
796 2089 1025 2120 incrementis.
1042 2092 1167 2120 Verum

155 2141 234 2180 quia
248 2141 337 2171 idem
353 2140 488 2176 electus,
513 2141 626 2171 multis
645 2146 675 2172 et
700 2142 812 2172 arduis
835 2143 973 2173 ecclesie
991 2152 1049 2174 sue
1066 2153 1167 2182 nego-

155 2194 212 2224 tiis
229 2194 315 2232 apud
332 2194 450 2224 Sedem
466 2194 680 2232 apostolicam
696 2200 886 2233 occupatus,
905 2201 995 2226 tuam
1012 2206 1166 2235 persona-

152 2247 230 2276 liter
249 2247 363 2285 nequit
380 2247 419 2276 ad
441 2256 578 2284 presens
597 2248 688 2278 adire
707 2250 911 2286 presentiam
927 2259 985 2287 pro
1002 2250 1166 2288 recipien-

153 2300 204 2329 dis
226 2309 244 2329 a
266 2304 297 2330 te
314 2300 365 2329 vel
386 2300 584 2330 officialibus
604 2301 671 2331 tuis
696 2306 792 2339 prout
812 2302 915 2332 moris
932 2307 980 2332 est
997 2303 1165 2340 regalibus

154 2352 293 2383 ecclesie
313 2353 512 2390 supradicte,
532 2354 745 2384 serenitatem
766 2359 856 2384 tuam
875 2356 1052 2392 rogandam
1071 2356 1166 2386 duxi-

154 2415 229 2435 mus
246 2406 405 2435 attcntius
422 2409 451 2435 et
470 2405 664 2436 hortandam
681 2408 849 2445 quatinus.
868 2413 997 2447 recepto
1013 2419 1026 2439 a
1044 2410 1166 2439 nuncio

153 2458 206 2488 vel
224 2462 435 2496 procuratore
452 2458 558 2495 ipsius
578 2458 673 2489 electi
692 2460 762 2499 ejus
781 2461 914 2491 nomine
932 2461 1041 2491 debito
1058 2462 1166 2493 fideli-

156 2511 232 2541 tatis
245 2511 339 2550 juxta,
358 2511 450 2546 sceui
476 2511 523 2539 tui
545 2513 819 2543 consuetudinem
835 2514 1039 2552 juramento.
1059 2516 1165 2546 eidem

156 2563 279 2593 nuncio
295 2563 429 2593 1101111110
446 2563 551 2601 ipsius
571 2563 664 2593 eiecti
683 2564 874 2604 hujusmodi
890 2567 1013 2604 regalia
1031 2569 1070 2597 ob
1088 2578 1165 2599 nos-

156 2619 238 2645 tram
263 2620 293 2645 ct
316 2616 494 2653 apostolice
517 2616 611 2646 Sedis
628 2619 865 2653 reverentiam,
888 2620 1011 2650 intuitu
1035 2631 1165 2660 quoque

155 2669 302 2708 ejusdcm
320 2668 426 2702 electi,
441 2669 497 2707 qui
513 2669 573 2697 tibi
588 2669 720 2707 tuisque
738 2672 939 2708 profectibus
956 2679 1088 2711 propter
1107 2684 1165 2705 suc

153 2721 328 2759 probitatis
344 2721 461 2751 merita
482 2730 553 2750 (εκ-81·
575 2723 691 2759 poterit
717 2724 945 2762 multipliciter
963 2727 1163 2759 fructuosus,

154 2773 300 2812 qualibet
319 2782 410 2803 mora
430 2774 479 2803 vel
498 2774 656 2803 dilatione
675 2777 877 2814 postpositis,
898 2778 1080 2809 lilwralitcr
1099 2780 1165 2810 lar-

154 2826 249 2863 giari,
269 2826 296 2855 si
317 2826 399 2856 alias
416 2827 515 2856 ctiam
536 2827 757 2864 impendendo
775 2829 839 2858 sibi
859 2831 1004 2861 savorem
1023 2836 1053 2862 et
1072 2833 1165 2863 auxi-

150 2878 236 2908 lium
265 2883 480 2917 oportunum,
511 2879 620 2909 taliter
647 2886 754 2910 autem
781 2892 894 2920 preces
924 2884 956 2913 in
986 2884 1045 2915 hac
1073 2890 1165 2923 parte

275 2943 498 2968 ALEXANDRE
516 2944 564 2973 1v,
583 2947 601 2969 t.
622 2945 641 2969 1.

1248 300 1377 326 nostras
1394 297 1642 335 magnificentia
1656 297 1778 335 regalis
1797 296 1984 335 adimpleat,
2003 297 2090 336 quod
2106 298 2254 336 predicta

1248 348 1387 379 ecclesia
1400 349 1590 388 hujusmodi
1607 350 1778 380 occasione
1792 349 1954 387 regalium
1968 350 2002 378 in
2017 350 2254 388 temporalibus

1248 405 1279 430 et
1297 401 1528 439 spiritualibus
1551 402 1761 440 dispendium
1783 411 1842 432 seu
1865 402 2100 432 detrimentum
2121 402 2255 441 aliquod

1248 462 1314 483 non
1329 454 1495 490 incurrat,
1520 459 1551 484 et
1572 455 1660 484 idem
1680 454 1803 484 electus
1825 454 1865 483 ad
1885 458 1941 483 tua
1962 454 2120 493 obsequia
2137 455 2254 485 exinde

1248 505 1397 535 strictius
1421 506 1597 544 obligatur,
1624 515 1750 544 nosque
1774 509 1865 535 tuam
1891 505 2119 535 excellentiam
2144 507 2254 544 dignis

1248 558 1283 586 in
1297 558 1437 588 Domino
1453 558 1608 588 laudibus
1623 558 1742 588 merito
1758 558 2038 587 commendemus.
2055 559 2129 588 Dat.
2146 560 2254 596 Anag-

1249 610 1314 646 nie‚
1333 612 1383 641 III
1400 619 1504 641 nonas
1524 611 1723 646 novembris,
1743 619 1830 640 anno
1845 610 1962 648 primo.
1981 622 1993 636 >i

1319 792 1407 820 892

1284 853 1515 888 Arcbiepiscopo
1531 853 1702 880 Treverensi
1719 853 1848 884 mandat,
1866 858 1897 880 ut
1915 855 2001 881 nichil
2018 856 2044 881 in
2065 856 2157 889 ipsius
2174 855 2256 882 electi

1247 902 1291 928 vel
1321 902 1483 936 praedictae
1508 902 1648 928 ecclesiae
1676 903 1752 936 praej
1760 902 1886 928 udicium
1916 903 2052 929 innovare
2082 907 2256 938 praesumat.

1248 949 1331 983 (Rue.
1349 950 1397 979 24.
1412 958 1438 976 c.
1456 951 1529 982 718²,
1546 951 1566 977 f.
1584 951 1667 982 104¹.)

1754 792 1884 826 Anagni,
1901 793 1915 819 3
1933 795 2088 820 novembre
2106 795 2183 821 1255.

1289 1063 1302 1078 «
1333 1074 1365 1087 ..,
1390 1052 1615 1089 archiepiscopo
1642 1053 1826 1081 Treverensi.
1852 1052 2009 1082 Debitum
2030 1053 2129 1082 officii
2152 1054 2258 1083 nostri

1246 1121 1295 1132 —.
1312 1104 1387 1134 Dat.
1403 1108 1440 1133 ut
1455 1112 1565 1142 supra.
1584 1116 1598 1131 n

1318 1283 1406 1311 893

1286 1345 1383 1373 Valori
1399 1346 1520 1373 Mai-imo
1534 1347 1569 1373 de
1586 1347 1744 1382 Florentia,
1760 1348 1807 1373 cui
1824 1348 1968 1381 cujusque
1984 1348 2139 1373 heredibus
2155 1347 2178 1374 Ι.
2198 1348 2256 1374 Ra-

1777 1285 1908 1319 Anagni,
1926 1285 1959 1312 ‘29
1974 1286 2091 1312 octobre
2108 1286 2184 1312 1955.

1250 1404 1368 1429 vennas,
1381 1399 1451 1422 tunc
1468 1395 1670 1426 Feri-ariensis,
1684 1396 1803 1427 electus,
1818 1399 1933 1430 propter
1942 1399 2022 1430 grata
2034 1396 2160 1427 servitia,
2172 1405 2255 1431 quas-

1250 1444 1314 1470 dam
1331 1444 1535 1479 possessioncs
1559 1445 1630 1470 sitas
1646 1445 1674 1470 in
1692 1443 1821 1475 Viliano,
1844 1444 1877 1469 de
1900 1452 1999 1470 mensa
2021 1445 2177 1479 episcopali
2201 1454 2256 1471 non

1250 1494 1423 1525 existentes,
1440 1493 1489 1519 sed
1506 1493 1540 1519 ad
1561 1493 1655 1526 ipsius
1677 1496 1747 1519 tunc
1769 1493 1852 1519 electi
1873 1493 2052 1519 collationem
2074 1497 2255 1527 spectantes,

1252 1541 1279 1567 X
1296 1542 1382 1568 libras
1399 1543 1510 1577 imperii
1525 1543 1672 1568 annuatim
1690 1543 1737 1567 vix
1753 1542 1897 1574 valentes,
1916 1542 2078 1575 concessit,
2096 1541 2169 1567 hanc
2185 1549 2257 1568 con-

1251 1590 1412 1617 cessionem
1431 1590 1590 1618 confirmat.
1607 1591 1690 1625 (Rae.
1707 1590 1751 1622 24,
1769 1598 1794 1616 c.
1813 1590 1879 1624 719,
1894 1591 1914 1617 s.
1933 1590 2018 1622 104v.)

1293 1704 1305 1718 «
1327 1693 1429 1721 Valeri
1446 1693 1576 1721 Marimo
1593 1693 1626 1721 de
1640 1693 1810 1726 Florentia,
1829 1692 1986 1727 familiari
2006 1692 2198 1728 dilectifilii,
2223 1714 2254 1726 ..,

1250 1746 1413 1774 navenatis
1428 1746 1523 1774 electi.
1541 1744 1624 1775 Cum
1638 1754 1656 1774 a
1672 1744 1767 1774 nobis
1781 1761 1828 1772 —.
1848 1745 1922 1773 Dat.
1937 1744 2100 1781 Anagnie,
2120 1744 2186 1773 IIII
2202 1743 2258 1772 ka·

1250 1797 1365 1827 lendas
1382 1798 1582 1833 novembris,
1604 1806 1690 1827 anno
1705 1797 1823 1835 primo.
1843 1808 1856 1824 n

1319 1977 1408 2005 894

1285 2039 1476 2070 Archibaldo,
1494 2039 1630 2073 episcopo
1655 2038 1846 2072 Moraviensi‚
1863 2037 2023 2071 significat,
2040 2045 2072 2063 se
2095 2037 2257 2063 restitutio—

1251 2097 1315 2115 nem
1339 2088 1479 2114 ecclesiae
1504 2088 1538 2114 de
1561 2087 1730 2114 Garantulin
1755 2086 1912 2121 episcopali
1938 2094 2054 2112 mensae
2080 2085 2256 2111 Moraviensi

1248 2140 1386 2172 perpetuo
1403 2137 1568 2171 deputatae,
1586 2137 1635 2162 sed
1653 2137 1719 2162 olim
1736 2135 1889 2162 Guillelmo
1905 2135 2008 2161 clerico
2025 2134 2159 2164 collatae,
2179 2141 2255 2160 nunc

1248 2186 1340 2212 eidem
1356 2194 1472 2212 mensae
1486 2186 1599 2217 factam,
1614 2185 1719 2211 habere
1734 2189 1823 2210 ratam
1835 2184 2012 2217 eandemque
2024 2183 2177 2209 ecclesiam
2189 2191 2255 2209 cum

1248 2235 1430 2268 pertinentiis
1446 2235 1508 2261 suis
1524 2234 1666 2268 praefatae
1682 2241 1799 2259 mensae
1810 2232 1990 2259 confirmare.
2004 2231 2085 2263 [Rae.
2096 2218 2140 2264 2⁵4«,
2154 2239 2179 2257 c.
2192 2231 2254 2261 720,

1248 2284 1267 2310 f.
1287 2283 1365 2317 104V3
1382 2283 1528 2310 Po‘rTEAs'r
1546 2282 1652 2317 16084.)

1753 1974 1865 2006 Latran,
1882 1974 1914 2000 ‘27
1934 1974 2089 2000 novembre
2107 1974 2184 2000 1255.

1291 2398 1303 2412 a
1326 2385 1519 2418 Archibaldo,
1548 2385 1681 2422 episcopo
1707 2384 1901 2412 Moravz‘ensa
1932 2382 2015 2412 Cum
2041 2390 2059 2410 a
2085 2381 2180 2410 nobis
2205 2398 2254 2408 —.

1248 2440 1321 2468 Dat.
1346 2437 1512 2472 Laterani,
1535 2438 1563 2467 V
1584 2436 1744 2466 kalendas
1765 2435 1967 2469 decembris,
1989 2443 2075 2463 anno
2097 2434 2215 2472 primo.
2241 2444 2254 2459 »

1319 2622 1407 2651 895
1746 2619 1864 2652 Lati-an,
1885 2619 1921 2645 10¹*
1934 2617 2086 2644 decembre
2106 2617 2183 2643 1255.

1286 2684 1319 2719 L,
1336 2684 1410 2711 tituli
1427 2693 1451 2712 s.
1466 2684 1611 2710 Laurentii
1624 2684 1651 2709 in
1665 2683 1771 2709 Lucina
1787 2682 1954 2716 presbytero
1967 2678 2112 2712 cardinali,
2125 2679 2159 2704 ad
2171 2686 2254 2712 opem

1249 2734 1385 2760 Sororum
1405 2733 1597 2759 paenitentiae
1614 2741 1638 2758 s.
1656 2732 1761 2758 Mariae
1776 2731 1803 2757 in
1819 2730 1946 2756 Minerva
1958 2728 2090 2755 concedit
2101 2727 2253 2753 ecetesiam

1248 2791 1272 2809 s.
1291 2782 1433 2809 Pancratii
1449 2782 1483 2808 de
1501 2781 1589 2808 Urbe.
1605 2781 1687 2814 (Rau.
1700 2780 1744 2812 24,
1761 2788 1786 2806 c.
1805 2779 1866 2813 7⁸21,
1884 2779 1903 2804 f.
1921 2779 1993 2810 105.)

1291 2898 1303 2912 «
1328 2886 1367 2921 1.,
1391 2885 1476 2914 tituli
1502 2885 1601 2913 sancti
1623 2883 1784 2912 Laurentii
1808 2883 1842 2910 in
1865 2881 1979 2909 Limina
2001 2879 2164 2916 presbitero
2185 2886 2254 2906 rar-

2101 2942 2130 2966 34
