2498 3325
201 252 255 281 196
922 244 1162 277 REGISTRES
1184 242 1492 273 D’ALEXANDRE
1516 244 1572 274 IV.

198 317 259 346 tric
286 317 342 346 XL
364 324 550 345 marcarum
573 323 735 344 summam
765 314 803 343 ad
831 313 942 342 minus
968 312 1146 348 attingeret
1170 309 1205 339 in

197 368 433 399 Cantuariensi
445 367 615 405 provincia
627 366 788 401 facienda,
803 375 901 404 super
911 369 999 395 certa
1013 365 1118 394 forma
1128 371 1206 392 suas

198 421 289 450 duxit
306 420 435 450 litteras
453 419 655 456 dirigendas.
675 419 712 448 Et
729 418 805 448 licet
821 422 873 453 tu,
896 417 944 447 fili
961 416 1204 451 archidiacone,

198 479 226 504 ct
250 474 336 503 idem
359 473 517 511 magister
536 473 588 507 A„
611 472 724 502 eodeni
748 472 979 510 predecessore
1002 471 1148 501 vivente.
1172 468 1206 498 in

198 527 374 556 commisso
390 526 483 556 vobis
499 526 630 563 negotio
643 525 868 563 procedentes,
883 524 990 554 eidem
1002 524 1035 554 S.
1051 523 1089 552 de
1106 521 1206 552 eccle-

197 580 245 609 sia
268 579 306 608 ilc
332 579 498 617 nystone,
526 578 753 608 Norwicensis
774 577 931 612 diocesis,
959 585 1021 615 que
1043 583 1207 606 summam

199 641 263 661 non
276 631 409 667 attingit
426 631 617 669 predictam,
634 629 795 660 duxeritis
812 629 1061 668 providendum,
1081 636 1145 657 non
1158 631 1207 657 ta-

198 694 273 714 men
290 684 328 713 ad
345 684 568 722 provisionem
585 683 663 712 dicti
683 682 843 720 Stephani
861 681 1005 712 finaliter
1025 680 1208 711 secundum

198 737 389 767 mandatum
412 736 629 774 apostolicum
650 739 698 766 est
722 744 924 774 processum.
947 735 1053 772 Super
1073 732 1206 772 quihus,

198 791 284 820 idem
313 790 346 820 S.
373 789 550 828 apostolice
574 789 780 827 providentie
803 788 987 819 remedium
1006 785 1206 825 imploravit.

198 843 359 879 Quocirca
382 842 588 876 mandamus,
611 842 768 880 quatinus
785 841 1009 880 provisionem
1027 839 1208 879 predictam

200 895 409 933 adimpleatis
421 904 478 933 per
488 903 544 924 vos
556 894 607 924 vel
617 894 710 924 alios.
722 894 815 932 juxta
824 893 1030 932 presentium
1039 892 1208 922 continen-

200 949 278 978 tiam
298 948 495 978 litterarum.
512 948 586 977 Non
603 947 754 977 obstante
771 946 1010 977 constitutione
1026 945 1064 976 de
1079 944 1207 975 duabus

199 1001 298 1031 dietis
311 1001 417 1031 edicta
429 1000 463 1030 in
478 999 619 1030 concilio
631 999 791 1037 generali.
807 999 899 1036 Quod
913 999 941 1029 si
956 1007 1021 1028 non
1033 998 1128 1028 ambo
1145 1002 1206 1029 etc.

202 1055 275 1083 Dat.
292 1054 455 1091 Anagnie,
474 1054 574 1084 VIIII
590 1053 749 1084 kalendas
771 1052 920 1091 augusti,
946 1061 1032 1082 anno
1054 1052 1172 1090 primo.
1192 1063 1205 1078 »

270 1225 360 1253 65⁶

236 1286 375 1319 Magistro
387 1285 547 1316 Gamelino,
560 1286 651 1312 electo
664 1286 693 1312 S.
709 1286 841 1312 Andreae
852 1286 880 1312 in
893 1286 1000 1317 scotia,
1013 1286 1108 1312 omnia
1124 1285 1208 1312 bene-

200 1336 263 1361 ticia
279 1335 474 1360 ecclesiastic-a
485 1357 491 1367 ,
508 1342 580 1368 quae
598 1339 725 1369 tempore
743 1334 944 1369 postulationis
964 1342 1034 1360 suae
1050 1334 1208 1368 obtinebat,

200 1391 292 1417 usque
308 1383 341 1409 ad
359 1384 505 1410 biennium
522 1392 536 1409 a
553 1383 598 1409 dic
613 1392 670 1418 quo
682 1388 870 1409 consecratus
886 1383 971 1409 suerit
983 1382 1208 1417 computandum

200 1440 249 1466 pro
271 1432 458 1466 expediendis
474 1433 614 1458 ecclesiae
631 1431 660 1458 S.
679 1432 812 1458 Andreae
828 1431 934 1458 debitis
949 1435 977 1458 et
997 1431 1061 1458 aliis
1077 1431 1208 1465 ejusdem

200 1480 423 1507 necessitatibus
448 1480 608 1507 relevandis
632 1484 770 1507 reservat.
799 1480 882 1513 (Rau.
906 1480 951 1513 24,
976 1487 1002 1507 e.
1027 1479 1088 1514 534,
1112 1480 1133 1507 s.
1155 1481 1208 1514 77;

201 1528 348 1556 Porrinsr
366 1528 449 1556 15963
464 1530 473 1562 )

753 1224 878 1258 Anagni,
896 1224 926 1251 31
945 1224 1039 1258 juillet
1058 1223 1136 1250 1255.

242 1643 253 1656 «
283 1631 425 1667 Mayistro
453 1631 618 1666 Gamelino,
647 1632 734 1660 electo
759 1631 866 1660 Sancti
893 1631 1010 1660 Andr-ee
1036 1632 1067 1660 in
1095 1631 1208 1660 Scotia.

199 1683 384 1721 [Quamvis
407 1683 664 1721 postulationem
681 1683 719 1713 de
737 1701 783 1712 —.
809 1685 882 1713 Dat.
906 1684 1074 1722 Anagnie,
1100 1685 1132 1714 ΙΙ
1150 1684 1210 1714 ka-

199 1735 314 1766 lendas
334 1736 478 1773 augusti,
495 1745 583 1765 anno
599 1736 716 1774 primo.
738 1748 751 1763 n

271 1909 357 1936 (35⁷
759 1909 884 1942 Anagni,
901 1909 934 1936 30
947 1909 1042 1943 juillet
1059 1909 1137 1936 1255.

237 1970 415 1996 Sententiam
439 1970 582 1996 Guillelini
605 1979 630 1998 s.
650 1970 797 1997 Eustachii
819 1970 930 1997 diaconi
951 1971 1114 2002 cardinalis,
1136 1979 1210 2005 quae

201 2020 426 2046 senescalchiam
444 2019 568 2046 civitatis
586 2019 800 2054 Lugdunensis,
817 2028 832 2045 a
848 2019 973 2053 capitulo
989 2019 1121 2054 ejusdem
1138 2020 1211 2047 civi-

200 2069 267 2094 tatis
282 2068 427 2101 illegitime
440 2072 641 2100 contestatam,
658 2068 875 2095 Bai-tholomaeo
886 2068 921 2094 de
934 2067 1008 2094 Fuer
1021 2069 1130 2100 tribuit,
1144 2077 1210 2096 con-

201 2117 304 2148 firmat,
324 2118 495 2143 sententiam
513 2117 617 2143 dictam
635 2117 784 2151 Anagniae
798 2117 893 2143 idibus
910 2117 975 2151 julii
991 2125 1065 2144 anno
1082 2117 1209 2144 MCCLV

202 2166 286 2191 latam
305 2166 468 2192 inserendo.
487 2165 569 2198 (Rau.
586 2166 630 2196 ⁶24,
645 2174 670 2192 c.
688 2166 761 2199 533¹,
778 2166 797 2193 f.
814 2166 867 2199 77.)

243 2280 254 2293 (ι
276 2269 482 2297 Bartholomeo
498 2268 531 2296 dc
551 2268 628 2296 Fuer
643 2269 705 2297 civi
720 2268 927 2305 Luycltmensi.
946 2268 992 2298 Ea
1008 2278 1071 2307 que
1083 2269 1210 2308 judicio

202 2324 261 2348 etr.
281 2329 385 2358 usqne
404 2330 410 2348 :
428 2320 639 2349 communiri.
665 2320 750 2350 Sane
772 2325 843 2350 orta
864 2320 986 2350 dudum
1010 2321 1098 2351 inter
1119 2327 1148 2352 te
1172 2331 1210 2352 ex

202 2377 292 2410 parts·
313 2381 388 2406 una,
408 2376 438 2401 et
459 2395 491 2406 ..‚
511 2372 683 2403 decanum.
704 2376 735 2402 et
751 2373 805 2407 H.,
826 2378 1063 2411 precentorem,
1082 2374 1210 2412 Lugdu-

203 2433 334 2458 nenses,
367 2433 465 2461 super
492 2424 719 2453 senescalchia
745 2424 890 2455 civitatis
919 2425 1152 2463 Lugdunensis
1181 2432 1212 2457 et

202 2476 357 2505 omnibus
378 2476 417 2504 ad
430 2476 537 2513 ipsam
554 2476 795 2514 spectantibus,
821 2486 858 2507 ex
879 2477 999 2513 altera,
1024 2479 1209 2516 questione,

204 2537 239 2557 ac
257 2528 314 2557 lite
330 2528 364 2556 in
382 2537 419 2557 ea
435 2536 544 2557 coram
566 2528 674 2558 felicis
695 2529 934 2559 reeordationis
950 2531 976 2560 I.
994 2540 1077 2568 papa
1094 2532 1211 2569 prede-

203 2589 333 2609 cessore
350 2584 462 2609 nostro
477 2580 625 2617 legitime
641 2585 834 2616 contestata,
855 2583 984 2612 tandem
999 2583 1085 2613 idem
1099 2585 1212 2622 prede-

204 2641 315 2662 cessor
343 2632 499 2662 dilectum
525 2632 631 2662 filium
657 2638 806 2663 nostrum
827 2635 882 2669 G.,
907 2635 1014 2665 sancti
1038 2637 1211 2667 Eustachii

203 2686 379 2714 diamnum
397 2684 614 2720 cardinalem,
637 2686 801 2716 concessit
816 2687 849 2715 in
872 2687 929 2717 illa
949 2688 1099 2726 partibus
1117 2690 1212 2719 audi-

204 2742 324 2771 torem;
341 2737 409 2776 qui,
434 2737 566 2766 demum
586 2738 727 2775 cognitis
744 2747 842 2769 cause
863 2740 991 2770 meritis
1013 2746 1043 2771 et
1056 2742 1142 2781 juris
1159 2752 1212 2773 or-

205 2791 282 2819 dine
299 2789 487 2825 observato,
506 2798 542 2819 ac
560 2794 699 2829 utraque
720 2796 811 2829 parte
834 2792 950 2829 citata,
974 2798 1011 2823 ut
1032 2794 1153 2830 decuit,
1172 2797 1213 2826 ad

205 2842 405 2872 sententiam
420 2842 628 2878 audiendam,
644 2852 718 2872 cum
734 2848 808 2873 tuus
820 2853 956 2883 presens
970 2846 1124 2878 existeret
1140 2857 1211 2886 pro-

205 2899 347 2930 curator,
369 2899 400 2924 et
420 2894 588 2924 intellecto
609 2895 731 2926 decano
747 2900 864 2927 nature
885 2897 1032 2928 debitum
1052 2899 1208 2937 solvisse,

1289 312 1404 338 contra
1426 309 1568 339 eundem
1588 313 1829 348 precentor-ern,
1850 309 1957 348 ipsius
1978 308 2141 344 absentia,
2164 308 2226 339 Dei
2245 316 2300 339 re-

1288 360 1377 399 pleta
1404 362 1592 400 presentia,
1619 371 1677 400 pro
1702 366 1732 392 te
1759 362 1972 392 diffinitivam
1994 361 2195 392 sententiam
2223 369 2300 400 pro-

1289 413 1467 452 mulgavit,
1491 419 1587 453 prout
1609 415 1645 444 in
1669 415 1777 454 ipsius
1799 414 1980 445 cardinalis
1997 414 2119 444 litteris
2138 413 2299 444 confectis

1291 466 1408 497 exinde
1427 475 1553 506 suoque
1577 466 1688 506 sigillo
1705 467 1846 506 signatis
1862 466 1994 505 plenius
2011 466 2211 496 continetur.
2230 465 2300 496 Nos

1290 518 1402 557 itaque
1413 519 1479 549 tuis
1491 519 1791 558 supplicationibus
1804 518 1968 554 inclinati,
1980 518 2181 549 sententiam
2193 518 2301 556 ipsam

1290 575 1396 601 ratam
1417 571 1595 607 habentes,
1616 581 1689 602 eam
1712 571 1908 602 auctoritate
1929 571 2108 610 apostolica
2124 570 2302 601 confirma-

1290 632 1364 653 mus
1383 628 1444 654 etc.
1464 633 1569 663 usque
1590 635 1596 653 :
1617 625 1873 655 communimus.
1890 625 2053 654 Tenorern
2076 623 2302 662 predictarum

1290 676 1479 707 litterarum
1496 677 1709 716 presentibus
1731 677 1836 707 inseri
1851 677 2029 712 facientes,
2050 676 2107 715 qui
2129 675 2207 706 talis
2226 679 2276 706 est
2292 684 2301 705 ι

1848 776 1974 810 Anagni,
1995 776 2026 803 15
2038 775 2134 810 juillet
2150 774 2230 802 1255.

1333 851 1346 866 a
1366 840 1405 869 In
1423 839 1557 870 nomine
1571 839 1681 869 Patris
1698 843 1728 869 et
1745 838 1823 869 Filii
1837 843 1868 869 et
1890 837 2035 877 Spiritus
2051 837 2175 872 sancti,
2193 844 2302 867 amen.

1293 903 1306 918 ι)
1331 891 1543 927 Gusslelmus,
1561 891 1777 922 miseratione
1793 891 1907 921 divina
1921 890 2028 921 sancti
2044 888 2218 920 Eustachii
2235 888 2303 919 dia-

1293 956 1306 971 »
1331 953 1433 975 conus
1450 944 1646 981 cardinalis,
1664 944 1820 975 omnibus
1838 943 1874 973 in
1890 947 2097 982 perpetuum.
2116 943 2209 973 Inter
2224 941 2303 972 Bar-

1293 1009 1305 1024 »
1331 997 1533 1028 tholomeum
1549 997 1588 1028 de
1609 998 1710 1033 Fuer,
1730 997 1837 1027 civem
1857 996 2129 1035 Lugdunensem,
2152 1004 2191 1025 ex
2209 998 2302 1034 parte

1292 1062 1305 1077 »
1330 1059 1412 1086 una,
1437 1055 1469 1081 et
1490 1051 1651 1080 discretos
1677 1050 1766 1080 viros
1790 1049 1874 1079 bone
1897 1049 2056 1079 memorie
2071 1047 2300 1086 Arnulphum,

1293 1115 1305 1130 τ)
1331 1107 1409 1133 tunc
1421 1103 1594 1139 decanum,
1606 1107 1637 1134 et
1649 1104 1825 1141 Hugonem
1833 1102 1872 1133 de
1882 1101 2047 1137 Vallibus,
2060 1104 2300 1140 precentorem‚

1292 1168 1305 1183 n
1331 1156 1583 1194 Lugdunenses,
1593 1160 1744 1186 tenentes
1753 1160 1831 1185 tunc
1841 1155 2033 1185 comitatum
2043 1153 2302 1192 Lugdunensem

1292 1220 1305 1236 n
1329 1218 1388 1247 pro
1411 1209 1517 1239 tribus
1533 1209 1684 1247 partibus
1703 1208 1810 1247 ipsius
1830 1208 2006 1238 comitatus
2029 1205 2302 1244 contingentibus

1292 1273 1305 1288 n
1331 1260 1513 1299 capitulum
1530 1261 1761 1299 Lugdunensi,
1780 1269 1817 1290 ex
1836 1259 1955 1294 altera,
1973 1263 2044 1289 orta
2065 1259 2205 1295 dudum,
2223 1258 2302 1288 dum

1293 1326 1306 1341 »
1331 1314 1438 1344 adhuc
1455 1314 1689 1351 Lugdunensis
1707 1313 1809 1344 Curia
1822 1312 1994 1348 resideret,
2007 1312 2147 1342 materia
2158 1311 2303 1350 questio-

1293 1379 1306 1394 »
1332 1367 1401 1403 nis,
1419 1376 1529 1397 coram
1551 1366 1661 1397 felicis
1676 1365 1917 1396 recordationis
1933 1364 2067 1395 domino
2083 1365 2111 1395 Ι.
2127 1372 2212 1402 papa
2233 1363 2303 1394 IIII

1293 1433 1306 1447 »
1332 1420 1366 1449 in
1386 1419 1555 1458 presentia
1572 1420 1713 1449 fratrum
1730 1418 1865 1448 libellus
1881 1421 2053 1456 porrectus
2073 1416 2182 1448 extitit
2197 1415 2304 1446 conti-

1293 1485 1306 1500 »
1332 1473 1445 1503 nentie
1461 1473 1538 1503 talis
1554 1483 1560 1502 :

1333 1537 1346 1552 »
1365 1525 1453 1555 Dicit
1469 1529 1500 1556 et
1517 1525 1671 1564 proponit
1687 1523 1941 1554 Bartholomeus
1953 1523 1993 1553 de
2008 1523 2105 1559 Fuer,
2121 1522 2204 1553 civis
2220 1523 2305 1561 Lug-

1294 1591 1307 1605 »
1332 1578 1509 1614 dunensis,
1527 1582 1641 1608 contra
1660 1601 1697 1613 ..,
1716 1577 1893 1612 decanum,
1912 1579 1944 1607 et
1963 1599 1999 1612 ..,
2018 1579 2202 1611 cantorem,
2220 1576 2305 1614 Lug-

1294 1644 1308 1659 »
1333 1631 1512 1666 dunenses,
1526 1630 1613 1670 quod
1624 1639 1699 1660 cum
1710 1629 1751 1660 ad
1762 1630 1871 1668 ipsum
1882 1628 2047 1667 pertineat
2060 1628 2115 1668 jus
2127 1627 2302 1667 quoddam,

1294 1697 1308 1711 »
1333 1684 1420 1724 quod
1443 1683 1565 1714 dicitur
1590 1682 1842 1718 senescalchia„
1858 1682 1893 1712 in
1914 1681 2047 1712 civitate
2070 1680 2303 1720 Lugdunensi,

1295 1750 1307 1765 »
1333 1746 1408 1767 cum
1424 1737 1579 1767 omnibus
1593 1736 1632 1766 ad
1644 1736 1751 1774 ipsam
1763 1734 2001 1774 spectantibus,
2014 1734 2134 1774 utjure
2147 1741 2306 1764 concessa

1294 1803 1307 1818 n
1332 1791 1418 1829 patri
1433 1799 1503 1825 suo,
1514 1790 1568 1819 cui
1581 1790 1652 1828 ipse
1666 1789 1700 1818 in
1716 1798 1754 1819 ea
1768 1787 1941 1823 successit,
1954 1796 2018 1826 qua
2031 1787 2132 1817 etiam
2145 1795 2227 1817 usus
2239 1785 2305 1816 fuit

1294 1856 1307 1870 »
1332 1847 1425 1882 pater
1441 1843 1547 1881 ipsius
1564 1846 1595 1872 et
1611 1842 1682 1880 ipse
1699 1845 1729 1871 et
1745 1841 1780 1870 in
1797 1840 1891 1879 cujus
1909 1840 2009 1870 etiam
2024 1839 2236 1878 possessione
2253 1837 2304 1869 vel

1295 1909 1307 1923 >›
1333 1896 1429 1935 quasi
1447 1896 1510 1925 fuit
1527 1899 1593 1925 tam
1605 1899 1697 1933 pater
1713 1894 1820 1932 ipsius
1836 1901 1935 1932 quam
1949 1892 2031 1930 ipse,
2046 1896 2077 1922 et
2091 1891 2220 1922 ratione
2232 1891 2304 1931 ejus

1294 1961 1307 1976 »
1332 1958 1408 1987 pars
1429 1952 1650 1986 proventuum
1672 1951 1703 1977 et
1719 1945 1957 1976 obventionum
1978 1944 2154 1974 comitatus
2170 1943 2304 1982 Lugdu-

1295 2014 1307 2028 »
1333 2001 1448 2031 nensis
1465 2004 1495 2031 et
1513 2001 1605 2039 jura,
1630 1999 1715 2029 sicut
1737 1998 1849 2028 omnia
1865 1997 2010 2027 inferius
2029 1996 2259 2034 exprimuntur
2273 1998 2305 2025 et

1294 2066 1307 2081 »
1332 2053 1557 2088 declarantur,
1576 2053 1721 2082 decanus
1737 2055 1769 2081 et
1791 2054 1905 2081 cantor
1923 2052 2037 2079 contra
2054 2048 2221 2088 justitiam
2240 2047 2305 2077 im-

1295 2119 1308 2133 »
1333 2106 1481 2145 pediunt,
1495 2105 1674 2145 quominus
1688 2104 1775 2134 idem
1791 2104 1829 2133 B.
1848 2102 1897 2132 uti
1912 2102 2018 2140 possit
2030 2101 2135 2131 libere
2151 2100 2239 2130 dicta
2252 2108 2306 2130 se-

1295 2171 1308 2186 »
1334 2159 1523 2189 nescalchia
1540 2163 1570 2189 et
1586 2158 1732 2196 predicta
1752 2156 1944 2195 percipere3
1967 2158 1997 2185 et
2014 2153 2127 2193 aliqua
2147 2153 2186 2183 de
2206 2151 2305 2182 dictis

1295 2225 1308 2239 »
1333 2211 1590 2242 obventionibus
1606 2211 1694 2241 idem
1713 2210 1858 2240 decanus
1882 2212 1913 2238 et
1938 2211 2052 2238 cantor
2073 2208 2304 2244 perceperunt.

1295 2277 1308 2292 »
1333 2266 1442 2302 Quare
1460 2265 1541 2303 petit
1560 2264 1717 2302 predictis
1730 2263 1853 2292 decano
1871 2265 1901 2291 et
1915 2260 2043 2290 cantori
2059 2257 2307 2289 sententialiter

1296 2331 1308 2345 »
1333 2317 1491 2352 inhiberi,
1503 2317 1590 2356 quod
1603 2317 1641 2346 de
1651 2320 1759 2346 cetero
1769 2323 1834 2344 non
1844 2313 2027 2352 impediant
2042 2311 2221 2351 quominus
2234 2318 2306 2348 pos-

1295 2384 1308 2398 »
1334 2371 1377 2402 sit
1393 2371 1442 2401 uti
1464 2371 1551 2400 dicta
1573 2368 1802 2400 senescalchia
1823 2377 1859 2397 ac
1878 2366 2026 2405 predicta
2046 2364 2174 2394 rat-ione
2196 2372 2307 2394 senes-

1295 2437 1308 2452 »
1334 2424 1460 2454 calchie
1476 2423 1656 2462 percipere,
1675 2431 1711 2452 ac
1732 2421 1822 2459 ipsos
1843 2418 2081 2457 condempnari
2100 2421 2132 2447 et
2153 2414 2307 2454 compelli

1296 2490 1308 2505 n
1335 2477 1374 2507 ad
1395 2477 1594 2511 cavendum,
1613 2484 1653 2505 ne
1675 2474 1857 2512 impediant
1882 2472 1917 2501 in
1939 2472 2101 2502 futurum.
2119 2469 2208 2500 Petit
2223 2477 2306 2507 quo-

1296 2543 1308 2557 »
1334 2540 1397 2569 que
1414 2530 1518 2559 dictos
1535 2529 1696 2559 decanum
1717 2531 1747 2557 et
1764 2530 1933 2556 cantorem
1951 2522 2187 2561 condempnari
2208 2521 2249 2551 ad
2269 2529 2308 2551 ea

1296 2598 1309 2613 υ
1334 2585 1407 2616 sine
1423 2593 1538 2615 earum
1553 2583 1803 2614 extimationem
1826 2589 1889 2620 que
1906 2581 2125 2618 perceperunt
2144 2580 2175 2607 et
2195 2576 2236 2606 ad
2253 2584 2308 2606 ex-

1296 2651 1309 2665 »
1334 2637 1542 2668 timationem
1557 2636 1777 2674 dampnorum
1793 2642 1856 2672 que
1873 2632 1980 2662 dictus
2000 2631 2038 2660 B.
2053 2633 2186 2668 propter
2201 2629 2308 2667 impe-

1296 2703 1309 2718 »
1333 2691 1518 2720 dimentum
1537 2697 1650 2719 eorum
1671 2687 1828 2721 incurrit,
1849 2693 1912 2724 que
1933 2683 2045 2714 omnia
2065 2682 2199 2712 extimat
2223 2681 2255 2711 M
2276 2683 2308 2711 et

1296 2756 1309 2771 n
1335 2743 1534 2782 quingentas
1545 2741 1648 2771 libras
1660 2740 1797 2770 fortium
1807 2743 1967 2768 veterum.
1984 2737 2023 2766 Et
2034 2735 2096 2765 hec
2108 2734 2202 2773 petit,
2215 2732 2307 2764 salvo

1296 2809 1309 2824 >›
1331 2797 1406 2836 jure
1426 2800 1484 2826 etc.

1336 2861 1349 2876 »
1377 2850 1423 2879 Ea
1444 2858 1521 2879 vero
1554 2856 1617 2886 que
1648 2848 1796 2885 spectant
1821 2843 1862 2874 ad
1893 2843 2015 2872 dictam
2044 2838 2308 2870 senescalchiam

1296 2914 1309 2929 ³>
1334 2906 1412 2932 sunt
1428 2902 1499 2937 hec,
1517 2900 1644 2930 scilicet
1660 2909 1666 2928 :
1680 2898 1778 2938 quod,
1798 2897 1833 2927 in
1846 2895 1957 2926 causis
1974 2902 2038 2933 que
2049 2891 2254 2923 ventilantur
2270 2890 2310 2920 in
