2498 3325
279 270 338 300 328
1007 272 1246 303 REGISTRES
1267 271 1575 302 D'ALEXANDRE
1598 273 1654 302 IV.

281 336 501 374 imponentes,
523 346 558 366 ac
584 337 779 367 mandantes
803 339 1043 369 nichilominus
1060 339 1183 373 eidem,
1204 337 1290 377 quod

282 388 342 418 tibi
367 397 466 426 snper
487 389 600 418 eodem
621 390 810 428 episcopatu
835 391 960 421 nullam
981 392 1019 421 de
1038 395 1146 421 cetero
1165 395 1290 420 secrete

280 440 332 470 vel
348 441 478 479 publice
498 446 624 471 moveat
643 442 694 471 vel
712 444 835 473 moveri
851 444 948 474 saciat
963 445 1190 483 questionem3
1208 443 1289 482 quin

280 494 397 529 immo,
424 494 592 524 civitatem
617 496 921 534 Ilei-bipollensem,
948 500 1054 526 castra
1078 501 1107 526 et
1133 496 1229 526 villas
1253 505 1290 526 ac

280 547 440 585 quiequid
458 556 516 585 per
532 556 566 577 se
582 548 631 577 vel
650 548 751 577 alium
770 553 857 579 tenet
874 550 923 579 vel
940 550 1085 588 possidet
1100 549 1186 588 quod
1201 558 1289 587 spee-

281 603 325 628 tet
349 599 389 628 ad
415 600 554 629 eundem
579 601 803 639 episcopatum
827 602 1130 640 Ilerbipollensem,
1154 602 1214 632 tibi
1238 603 1289 632 vel

280 651 409 681 nuntiis
434 653 499 681 tuis
521 653 645 692 absque
662 654 869 690 difficultate,
888 660 1049 694 quantum
1067 656 1100 685 in
1117 665 1154 685 eo
1170 656 1286 692 suerit,

279 704 438 734 deliberet
463 709 493 734 et
513 706 675 743 assignet,
703 712 733 737 et
757 708 903 737 absolvat
927 709 965 739 de
989 710 1075 738 sacto
1097 708 1235 739 clericos
1259 713 1289 739 et

278 756 381 786 laicos
412 757 619 796 episcopatus
644 760 791 798 ejusdem
820 761 860 790 ab
887 762 977 791 omni
1003 762 1192 801 juramento
1222 766 1288 791 tam

280 808 450 839 fich-litatis
465 819 563 848 qnam
579 811 643 841 alio
660 822 722 850 que
737 813 844 843 dictus
861 814 985 844 electus
999 814 1122 853 recepit
1136 815 1175 844 ab
1193 815 1252 850 eis,
1271 824 1289 845 a

280 861 402 900 quibus
419 862 482 900 ipsi
498 864 683 895 cardinales
696 874 750 895 eos
767 866 980 897 reddiderunt
993 868 1092 897 etiam
1107 867 1286 898 absolutos.

279 914 462 945 Cassarnnt
479 920 628 953 preterea
646 918 832 948 cardinales
850 919 971 957 prefati
990 929 1026 949 ac
1045 929 1175 950 cassum
1193 925 1222 950 et
1242 921 1289 950 ir-

279 968 381 997 ritum
397 969 599 999 nunciarunt
615 971 773 1009 quicquid
786 972 874 1001 idem
888 972 1012 1003 electus
1029 978 1196 1012 tamquam
1213 984 1288 1013 pro-

280 1018 372 1048 visus
389 1018 513 1049 electus
530 1030 587 1049 seu
607 1021 754 1058 prefatus
771 1023 1036 1061 Herbipollensis
1055 1024 1194 1054 ecclesie
1209 1025 1286 1062 egit.

278 1071 466 1109 obligando,
485 1073 698 1108 insendando,
719 1074 871 1110 locando,
895 1076 1046 1106 donando
1062 1077 1113 1106 vel
1129 1086 1288 1116 quocum-

278 1134 342 1164 que
363 1126 458 1155 modo
474 1126 649 1155 alienando
667 1127 704 1156 de
721 1128 987 1168 quibuscumque
1005 1130 1101 1159 bonis
1118 1131 1288 1169 episcopa-

278 1181 332 1207 tus
353 1178 507 1215 predicti,
532 1179 747 1209 decernentes
768 1180 959 1219 hujusmodi
981 1182 1216 1219 obligationes,
1235 1183 1288 1212 in-

279 1230 504 1267 feudationes,
532 1231 713 1261 locationes
739 1242 797 1261 seu
827 1233 1048 1263 alienationes
1078 1244 1287 1274 quocumque

278 1283 412 1312 nomine
430 1288 628 1313 censeantur
639 1294 750 1315 carere
764 1286 854 1315 omni
868 1287 984 1317 robore
998 1288 1177 1323 firmitatis,
1191 1294 1288 1326 prout

277 1335 312 1365 iu
332 1335 453 1365 litteris
473 1336 548 1366 inde
573 1338 732 1367 confectis
751 1339 973 1376 predictorum
995 1341 1214 1371 cardinalium
1241 1343 1287 1372 si—

277 1388 357 1426 gillo
370 1389 520 1423 munitis,
535 1399 675 1428 quarum
691 1395 837 1421 tenorem
850 1392 888 1421 de
900 1392 998 1422 verbo
1012 1393 1198 1424 adverbum
1212 1404 1287 1433 pre-

277 1441 428 1471 sentibus
445 1442 548 1471 inseri
564 1443 716 1478 fecimus,
734 1444 866 1482 plenius
878 1446 1078 1477 continetur.
1091 1448 1159 1477 Nos
1171 1448 1284 1485 igitur,

277 1494 345 1523 tuis
361 1494 660 1532 supplicationibus
679 1496 848 1532 inclinati,
867 1498 954 1536 quod
972 1508 1070 1537 super
1086 1499 1147 1530 hoc
1162 1500 1201 1530 ab
1220 1501 1286 1531 eis-

277 1546 351 1576 dem
362 1547 587 1577 cardinalilms
600 1549 722 1578 sactum
736 1554 795 1584 est,
806 1555 914 1580 ratum
925 1555 955 1581 et
965 1556 1095 1589 gratum
1111 1552 1284 1590 habentes,

276 1598 312 1628 id
328 1599 523 1629 auctoritate
535 1601 973 1639 apostolicaconfirmamus,
987 1610 1048 1634 etc.
1061 1614 1167 1644 usque
1181 1616 1186 1634 :
1201 1616 1285 1636 com-

277 1651 460 1681 munimus.
481 1653 588 1682 Tenor
609 1658 719 1684 antem
743 1654 930 1685 litterarum
952 1657 1099 1695 ipsarum
1116 1658 1192 1688 talis
1210 1663 1259 1689 est
1277 1670 1283 1688 :

454 1744 555 1777 Rome,
572 1747 660 1780 patais
676 1747 711 1774 de
727 1748 959 1785 sainte-Sabino,
976 1751 989 1777 4
1003 1752 1118 1785 janviei·
1135 1753 1211 1781 1256.

318 1806 1285 1849 «Universispresenteslitterasinspecturis,miseratione

277 1869 291 1884 »
317 1858 430 1888 divina
452 1860 554 1889 frater
578 1862 684 1899 Ilugo,
716 1862 804 1892 tituli
827 1869 939 1893 sancte
961 1865 1083 1895 Sabine
1109 1867 1282 1904 presbiter,

276 1922 289 1937 n
316 1911 498 1942 Riccardns
515 1914 620 1942 sancti
638 1915 757 1952 Angeli
774 1919 803 1944 et
824 1917 941 1945 Petrus
965 1918 1071 1947 sancti
1090 1920 1224 1957 Georgii
1244 1920 1283 1949 ad

276 1974 289 1989 »
314 1963 432 1993 Velum
455 1974 591 1994 aureum
615 1966 746 1996 diaconi
768 1969 971 2003 cardinales,
995 1970 1142 2000 Salutem
1165 1972 1199 2000 in
1218 1974 1284 2002 Do-

275 2027 288 2041 »
314 2016 414 2045 mino.
436 2017 520 2052 Quia
538 2019 673 2056 superni
687 2020 810 2058 judicis
831 2021 946 2051 oculus
965 2022 1285 2063 justitiansinspicit

271 2074 288 2094 ⁴»
313 2073 342 2098 et
360 2069 471 2099 vultus
489 2071 559 2109 ejus
579 2071 741 2101 desiderat
761 2074 952 2112 equitatem,
967 2075 1117 2114 judicum
1136 2081 1284 2108 terreno-

274 2132 287 2147 »
313 2131 386 2151 rum
414 2122 577 2153 interesse
606 2124 790 2154 dinoscitur
821 2131 854 2155 nt
881 2127 1038 2157 similiter
1059 2129 1151 2158 illam
1176 2130 1283 2169 inspi—

273 2185 286 2200 »
312 2174 401 2203 ciant
426 2174 577 2213 hancque
608 2176 797 2207 desiderent
824 2179 1046 2210 subvertendo
1071 2181 1282 2213 detestandas

273 2238 286 2252 n
312 2227 453 2265 injurias
471 2233 502 2257 et
518 2229 700 2267 unicuique
718 2231 898 2260 secundum
917 2241 1013 2262 suum
1031 2238 1079 2263 est
1092 2235 1182 2273 justo
1195 2236 1282 2274 judi-

271 2291 284 2305 »
310 2280 361 2308 cio
379 2280 564 2309 tribuendO.
582 2282 667 2311 Sane
687 2282 775 2312 inter
791 2285 1014 2315 venerabilem
1032 2291 1157 2324 patrem
1176 2289 1281 2318 domi-

270 2344 284 2358 »
310 2341 388 2361 num
406 2333 573 2369 Iringum,
598 2334 787 2373 episcopum
809 2337 1109 2375 Herbipollensem,
1131 2345 1161 2370 et
1181 2351 1280 2372 vene—

270 2397 283 2410 n
309 2385 448 2414 rabilem
466 2385 573 2415 virum
590 2387 790 2423 Hem-icum,
814 2389 1005 2426 Spircnsem
1028 2391 1186 2429 electum,
1213 2398 1278 2423 tam

270 2449 283 2463 »
310 2446 409 2475 super
426 2438 614 2476 episcopatu
630 2440 875 2478 liei-hipollfflisi
891 2451 988 2480 qnam
1003 2453 1101 2482 super
1113 2446 1276 2485 dampnis,

269 2501 282 2516 n
308 2489 443 2528 injuriis
458 2494 487 2519 et
502 2491 600 2520 rebus
614 2491 700 2527 aliis,
717 2502 826 2522 eoram
841 2496 1025 2525 venerabili
1038 2501 1130 2535 patre
1145 2498 1278 2530 domino

268 2553 282 2568 n
309 2542 354 2576 S.,
374 2542 525 2580 episcopo
544 2544 757 2580 Prenestino,
783 2556 801 2575 a
820 2547 903 2577 Sede
925 2549 1105 2586 apostolica
1127 2552 1277 2589 partibus

268 2606 282 2620 ι)
307 2594 457 2625 auditore
474 2604 641 2631 concessO,
660 2599 834 2636 questione
854 2599 1008 2637 suborta;
1027 2603 1158 2633 tandem
1175 2604 1276 2635 domi-

268 2659 281 2673 »
307 2656 369 2676 nus
387 2651 499 2677 noster
514 2648 668 2678 dominus
686 2650 736 2685 A.,
760 2660 910 2682 summus
925 2654 1089 2691 pontisex,
1107 2655 1276 2687 intellecto

266 2710 280 2725 n
305 2699 392 2737 quod
418 2700 682 2738 Hei-bipollensis
706 2702 861 2740 ecclesia,
888 2706 1061 2737 occasione
1083 2707 1275 2747 hujusmodi

265 2763 279 2777 n
304 2752 479 2787 discordie,
493 2753 724 2792 multipliciter
738 2755 771 2784 in
791 2757 1023 2794 spiritualibus
1038 2764 1067 2789 et
1084 2762 1274 2799 temporali-

267 2816 280 2830 »
306 2804 368 2834 bus
385 2804 578 2841 collabatur,
598 2806 720 2837 timens
737 2817 809 2837 eam
826 2809 866 2838 ad
879 2810 1117 2843 exinanitionis
1129 2818 1273 2845 extreme

265 2868 278 2882 n
302 2857 504 2894 profundum
523 2858 741 2890 diuturnitate
763 2860 865 2899 litigii
886 2862 1061 2900 devenire,
1085 2866 1181 2895 nobis
1198 2867 1273 2897 viva

264 2921 278 2935 n
304 2918 380 2939 voce
398 2911 589 2940 summatim
606 2912 763 2942 audiendi
779 2922 912 2944 causam
926 2915 1031 2954 ipsam
1050 2917 1227 2949 ordinandi
1241 2924 1272 2951 et

1377 349 1390 363 »
1415 337 1612 375 disponendi
1637 338 1676 368 de
1698 349 1735 369 ea
1760 339 1929 378 dampnis,
1954 339 2108 377 expensis
2129 344 2159 369 et
2182 339 2316 379 injuriis
2343 349 2380 370 ac

1376 402 1388 415 ι)
1414 390 1569 419 erunibus
1585 390 1661 421 aliis
1678 401 1810 421 causam
1828 392 1965 421 eandem
1982 392 2253 429 contingentibus
2269 397 2299 422 et
2316 401 2381 432 que

1375 455 1387 469 n
1414 443 1606 480 contingere
1623 449 1759 482 possunt
1781 444 1910 483 plenam
1932 444 2071 474 contulit
2088 449 2294 483 potestatem.
2311 446 2380 476 Nos

1375 507 1387 521 n
1413 499 1534 530 autem,
1552 496 1646 530 visis,
1664 497 1787 526 auditis
1799 501 1829 526 et
1844 496 2021 526 intellectis
2038 506 2100 535 que
2114 501 2178 526 tam
2193 497 2280 526 idem
2297 497 2380 536 epis-

1374 561 1387 575 »
1412 558 1512 587 copus
1533 558 1590 586 pro
1611 558 1645 579 se
1664 559 1762 588 qnam
1787 549 1945 585 mag-'ister
1967 549 2101 579 Diterns
2122 555 2314 588 procurator
2329 550 2380 589 ip-

1374 613 1386 627 n
1412 601 1482 630 sius
1499 600 1594 630 electi
1611 601 1681 640 ejus
1699 602 1831 631 nomine
1846 602 1880 631 in
1898 606 2009 631 nostra
2023 602 2190 640 presentia
2207 603 2380 632 constituti

1373 666 1386 680 r>
1411 663 1521 683 eoram
1538 654 1634 683 nobis
1650 663 1831 692 proponere
1851 654 2040 689 voluerunt,
2061 655 2120 684 Dei
2139 654 2270 685 nomine
2284 655 2379 686 invo-
2414 667 2417 670 ·

1374 719 1386 733 ι»
1411 710 1493 738 cato,
1503 706 1697 742 ordinando,
1712 707 1956 745 pronuntiando
1969 712 2000 737 et
2013 707 2158 737 finaliter
2169 708 2377 746 declarando,

1373 771 1386 786 n
1412 759 1640 798 adjudicamus
1671 760 1811 789 eundem
1839 761 2063 798 episcopatum
2090 760 2379 799 Ilei-bipollensem

1373 823 1386 838 ι)
1411 812 1544 841 domino
1576 813 1710 849 Iringo,
1743 813 1895 851 episcopo
1925 813 2133 851 supradicto,
2167 814 2293 852 prefato
2322 815 2377 850 Η.,

1373 877 1386 891 »
1411 864 1515 894 electo
1533 865 1694 903 Spirensi,
1713 874 1812 903 snper
1828 865 1898 904 ipso
1916 866 2104 904 episcopatu
2122 870 2316 904 perpetuum
2333 867 2380 897 si-

1373 929 1386 943 »
1410 917 1551 947 lentium
1567 918 1787 956 imponentes,
1802 923 1830 947 et
1844 918 1950 947 eidem
1967 918 2069 948 electo
2082 918 2277 950 mandantes
2293 919 2381 958 quod

1374 982 1386 996 »
1411 970 1539 1008 prefato
1567 970 1719 1008 episcopo
1747 980 1846 1008 snper
1871 970 1942 1008 ipso
1970 971 2160 1009 episcopatu
2188 971 2313 1001 nullam
2340 972 2380 1003 de

1373 1034 1386 1048 »
1411 1026 1520 1052 cetero
1541 1027 1666 1052 secrete
1688 1022 1737 1052 vel
1759 1022 1889 1061 publice
1913 1027 2041 1052 moveat
2063 1022 2114 1052 vel
2136 1023 2261 1053 moveri
2280 1024 2381 1054 saciat

1373 1088 1385 1101 »
1411 1075 1631 1114 questionem.
1651 1076 1754 1105 Immo
1766 1075 1934 1105 civitatem
1947 1075 2245 1114 IIerbipollensem,
2259 1081 2376 1114 castra,

1374 1140 1386 1154 »
1411 1127 1508 1157 villas
1525 1132 1555 1157 et
1572 1128 1730 1166 quicquid
1747 1137 1804 1166 per
1821 1138 1854 1157 se
1873 1127 1922 1157 vel
1939 1138 1996 1166 per
2013 1128 2114 1157 alium
2135 1132 2223 1158 tenet.
2240 1128 2290 1159 vel
2304 1138 2380 1167 pos-

1373 1193 1386 1207 »
1412 1181 1496 1211 sidet
1528 1181 1613 1219 quod
1644 1185 1767 1218 spectet
1796 1181 1834 1210 ad
1868 1181 2009 1211 eundem
2042 1181 2266 1220 episcopatum
2295 1183 2380 1212 Her-

1374 1247 1386 1260 »
1412 1234 1645 1272 bipollensem,
1679 1240 1858 1264 memorato
1886 1234 2038 1272 episcopo
2068 1234 2118 1264 vel
2144 1235 2277 1265 nunciis
2308 1235 2379 1266 suis

1372 1299 1386 1314 »
1412 1287 1536 1325 absque
1562 1286 1754 1316 dissicultate
1782 1291 1942 1325 quantum
1970 1287 2004 1315 in
2033 1296 2067 1316 se
2094 1287 2195 1317 suerit
2219 1287 2381 1318 deliberet

1373 1352 1386 1367 »
1412 1344 1442 1370 et
1473 1340 1636 1377 assignet,
1667 1340 1881 1378 absolvatque
1912 1340 1950 1369 de
1980 1340 2066 1369 facto
2091 1340 2228 1370 clericos
2259 1345 2290 1371 et
2316 1340 2380 1370 lai-

1372 1406 1386 1421 »
1411 1403 1466 1423 cos
1496 1393 1704 1432 episcopatus
1734 1393 1880 1431 ejusdem
1914 1393 1954 1422 ab
1981 1393 2071 1422 omni
2096 1393 2286 1432 juramento
2312 1397 2379 1423 tam

1372 1459 1384 1473 n
1412 1446 1582 1477 fidelitatis
1606 1455 1703 1484 quam
1726 1445 1801 1480 alio,
1829 1455 1892 1484 que
1918 1446 2041 1484 recepit
2066 1445 2107 1475 ab
2132 1446 2192 1481 eis,
2216 1455 2234 1475 a
2256 1445 2378 1485 quibus

1372 1512 1384 1526 »
1410 1509 1470 1529 nos
1491 1499 1590 1529 etiam
1613 1499 1703 1536 ipsos
1723 1498 1893 1527 reddimus
1916 1498 2094 1528 absolutos.
2120 1499 2286 1532 Preterea,
2305 1507 2380 1528 cas-

1371 1565 1385 1580 »
1405 1561 1542 1587 samus,
1582 1560 1713 1581 cassum
1753 1555 1782 1581 et
1820 1551 1952 1581 irritum
1989 1551 2183 1581 nuntiamus
2220 1551 2379 1590 quicquid

1371 1617 1384 1633 n
1410 1606 1497 1635 idem
1518 1605 1642 1634 electus
1667 1609 1834 1643 tamquam
1861 1604 2014 1642 provisus
2042 1603 2166 1634 electus
2189 1613 2248 1634 seu
2270 1603 2379 1642 prela-

1371 1671 1384 1686 »
1410 1662 1462 1687 tus
1488 1657 1741 1695 Herbipolensis
1766 1657 1831 1694 egit
1857 1657 2052 1694 obligando,
2081 1656 2236 1691 locando,
2267 1657 2379 1687 infeu-

1371 1723 1384 1738 »
1409 1711 1536 1745 dando,
1570 1710 1721 1739 donando
1755 1709 1804 1739 vel
1837 1718 2045 1748 quocumque
2074 1709 2169 1739 modo
2201 1709 2378 1740 alienando

1371 1776 1383 1791 »
1410 1764 1448 1793 de
1472 1763 1737 1802 quibuscumque
1762 1762 1858 1792 bonis
1882 1762 1960 1791 dieti
1984 1762 2192 1800 episcopatus
2214 1762 2377 1801 Ilei-bipo-

1371 1829 1383 1843 »
1409 1816 1523 1846 lensis.
1550 1817 1774 1845 Decernentes
1798 1815 1988 1853 hujusmodi
2012 1814 2243 1852 obligationes,
2270 1815 2376 1846 infeu-

1370 1882 1383 1896 »
1409 1870 1570 1904 dationes,
1586 1869 1766 1898 locationes
1784 1877 1842 1897 seu
1857 1868 2087 1903 alienationes,
2101 1877 2309 1907 quocumque
2321 1877 2376 1898 no-

1370 1933 1382 1948 »
1409 1922 1498 1951 mine
1517 1925 1727 1955 censeantur,
1745 1930 1856 1950 carere
1880 1920 1970 1949 omni
1993 1920 2108 1950 robore
2131 1920 2312 1950 firmitatis.
2337 1921 2376 1950 In

1369 1986 1382 2000 »
1408 1974 1631 2012 predictorum
1644 1983 1719 2002 vero
1734 1973 1959 2003 testimonium
1973 1977 2001 2002 et
2016 1972 2190 2007 cautelam,
2204 1977 2375 2010 presentes

1369 2039 1382 2053 »
1408 2026 1536 2056 litteras
1559 2026 1631 2055 lieri
1653 2030 1682 2055 et
1705 2025 1891 2062 sigillorum
1914 2029 2101 2054 nostrorum
2122 2025 2308 2055 munimine
2327 2034 2375 2054 ro·

1368 2092 1381 2106 n
1407 2080 1519 2109 borari
1536 2084 1567 2109 et
1585 2088 1641 2117 per
1658 2079 1854 2109 Riccardum
1872 2079 1910 2107 de
1928 2078 2015 2108 Pofis
2032 2077 2245 2108 scriniarium
2264 2078 2297 2107 in
2314 2087 2375 2116 pu-

1367 2144 1380 2159 »
1407 2132 1493 2162 blica
1515 2132 1620 2169 redigi
1642 2132 1782 2161 fecimus
1805 2131 2024 2160 munimenta.
2042 2131 2111 2160 Hec
2131 2129 2297 2160 ordinatio
2315 2138 2374 2159 seu

1367 2197 1379 2211 »
1406 2186 1573 2215 sententia
1589 2185 1654 2214 lata
1673 2184 1737 2214 fuit
1752 2185 1786 2213 in
1805 2183 1926 2222 11›alatio
1943 2187 2055 2212 sancte
2073 2182 2195 2213 Sabine
2215 2182 2254 2212 de
2270 2182 2372 2217 Urbe,

1367 2250 1379 2264 »
1404 2238 1616 2276 presentibus
1649 2237 1801 2275 episcopo
1833 2241 1862 2266 et
1895 2236 2053 2273 magistro
2083 2235 2197 2265 Ditero
2221 2235 2371 2273 prefatis,

1366 2302 1378 2316 n
1405 2300 1491 2320 anno
1504 2290 1629 2320 domini
1645 2290 1855 2320 M0CC01N10.
1870 2288 2080 2327 pontificatus
2092 2287 2216 2317 domini
2230 2287 2374 2317 Alexan-

1365 2354 1378 2369 »
1404 2343 1454 2371 dri
1471 2352 1552 2381 pape
1570 2344 1636 2372 IIII
1651 2351 1738 2371 anno
1753 2341 1908 2376 secundo,
1925 2350 2038 2370 mense
2053 2339 2206 2371 ‚Ianuarii
2221 2339 2274 2369 dic
2291 2340 2370 2373 1111,

1365 2408 1377 2421 n
1405 2395 1590 2425 Indictione
1606 2395 1719 2429 XIIII,
1738 2404 1847 2424 coram
1868 2394 1933 2423 biis
1951 2393 2091 2423 testibus
2108 2392 2147 2422 ad
2165 2392 2225 2422 hoe
2244 2391 2372 2430 specia-

1364 2459 1376 2474 »
1401 2447 1479 2477 liter
1499 2448 1641 2482 vocatis,
1660 2447 1813 2477 videlicet
1830 2446 1963 2475 domino
1982 2444 2127 2475 Arnoldo
2145 2444 2269 2475 decano
2287 2445 2371 2474 Her-

1363 2512 1376 2527 »
1402 2500 1578 2538 bipolensi,
1599 2500 1732 2529 domino
1753 2499 1914 2529 Riccardo
1931 2497 2209 2536 archipresbitero
2229 2497 2370 2534 Magun-

1362 2565 1375 2579 »
1402 2553 1486 2588 tino,
1504 2552 1663 2590 magistro
1682 2552 1805 2582 Gisoue
1829 2551 1988 2581 canonico
2004 2549 2216 2588 Maguntino,
2235 2549 2369 2578 domino

1361 2617 1374 2632 n
1400 2605 1568 2643 Stephano
1584 2605 1670 2635 dicto
1687 2605 1804 2639 Surdo,
1817 2604 1950 2633 domino
1968 2603 2135 2641 Stephano
2151 2601 2319 2636 Anibaldi,
2337 2606 2369 2632 et.

1360 2669 1374 2684 »
1399 2657 1552 2696 pluribus
1573 2657 1661 2687 aliis.
1680 2658 1718 2686 Et
1735 2666 1794 2693 ego
1811 2656 1992 2686 Riccardus
2011 2655 2049 2684 de
2067 2654 2154 2685 Pofis
2171 2658 2283 2684 sancte
2300 2654 2367 2684 Ro-

1360 2722 1373 2737 »
1398 2719 1495 2740 mane
1515 2710 1662 2740 Ecclesie
1684 2710 1881 2739 scriniarius
1898 2708 2054 2747 predictis
2071 2707 2209 2737 interfui
2227 2711 2256 2737 et
2274 2716 2311 2737 ea
2327 2706 2366 2736 de

1359 2774 1372 2789 »
1398 2762 1552 2792 mandato
1573 2762 1735 2791 dictorum
1757 2762 1964 2791 dominorum
1989 2759 2210 2790 cardinalium
2233 2758 2364 2797 scripsi,

1358 2827 1372 2842 n
1398 2815 1570 2853 complevi,
1589 2819 1619 2845 et
1637 2816 1669 2844 in
1688 2814 1853 2853 publicam
1871 2815 2010 2844 sormam
2026 2812 2150 2850 redegi.
2171 2824 2183 2838 n

1394 2868 1488 2898 Nulli
1510 2872 1571 2898 etc.
1597 2873 1707 2898 nostre
1730 2867 1992 2898 confirmationis
2015 2870 2076 2896 etc.
2099 2866 2171 2895 Dat.
2196 2863 2363 2899 Laterani,

1354 2921 1384 2951 X
1400 2921 1560 2951 kalendas
1576 2921 1750 2953 februarii.
1769 2930 1855 2951 anno
1874 2919 2027 2950 secundo.
2050 2930 2062 2945 n
