2498 3325
1009 221 1232 258 PREMIERE
1254 222 1414 257 ANNEE.
2203 227 2258 256 249

163 297 234 328 sius
251 297 429 326 cardinalis
446 295 635 334 patentibus
645 295 766 325 litteris
777 295 854 324 inde
867 293 1025 323 confectis
1039 292 1170 330 plenius

165 350 364 384 continetur,
383 358 523 388 quarum
543 353 636 379 tenor
653 348 728 378 talis
745 352 793 377 est
811 357 817 376 :

697 441 834 474 Pei-nuso,
852 440 885 467 ‘20
903 440 1004 465 fevrier
1023 437 1099 464 1253.

208 516 220 531 «
240 504 391 541 Egidius,
411 504 525 534 divina
541 503 701 542 patientia
717 507 906 532 sanctorum
924 501 1040 531 Cosme
1061 503 1091 528 et
1106 500 1172 528 Da-

167 568 180 582 »
206 557 310 585 miani
326 556 483 586 diaconus
498 555 676 586 cardinalis
691 579 696 591 ,
714 555 833 584 dilecto
852 553 971 583 clerico
987 561 1045 582 suo
1062 552 1172 580 Marco

170 620 183 634 »
208 609 385 644 Dominici,
405 609 560 647 alumpno
576 608 713 638 ecclesie
730 606 964 645 Legionensis,
983 605 1124 635 salutem
1143 607 1171 632 et

170 671 183 685 »
209 659 360 696 gratiam.
379 660 461 690 Cum
475 668 534 689 nos
552 668 569 688 a
585 659 718 688 domino
734 667 816 696 papa
833 656 1021 695 specialiter
1044 663 1173 692 accepe-

172 723 184 737 »
210 712 315 741 11111115
331 712 365 740 111
383 712 558 747 mandatis,
579 716 613 741 ut
631 711 691 740 tibi
711 710 961 749 provideremus
979 709 1017 739 de
1035 707 1175 737 canonia

171 776 184 790 ›>
209 774 283 793 cum
299 765 465 802 prebenda
481 769 512 794 et
529 765 618 794 omni
642 763 849 802 plenitudine
862 762 948 801 juris
965 760 1115 791 canonici
1139 760 1172 788 in

169 828 182 842 >1
209 817 333 851 eadem,
352 821 382 846 et
395 826 453 846 nos
466 817 589 846 dudum
603 817 638 845 111
651 816 810 854 jamdicta
822 815 962 844 ecclesia
979 814 1107 852 aliquas
1120 822 1173 842 ca—

169 881 182 896 »
208 870 326 899 nonias
343 869 513 899 donationi
529 873 640 899 nostre
662 868 856 897 auctoritate
878 867 1057 905 apostolica
1073 866 1174 895 duxe-

169 933 182 948 »
208 922 313 951 rimus
328 921 561 956 reservandas,
590 921 795 950 decernendo
816 920 948 949 irritum
972 923 1002 949 et
1025 919 1124 948 inane
1145 918 1174 947 si

169 986 182 1001 n
208 979 321 1004 contra
336 975 467 1005 easdem
485 975 727 1004 reservationes
750 973 878 1012 aliquid
903 973 1109 1009 contingeret
1126 976 1174 1001 at-

169 1039 183 1053 »
209 1027 373 1065 temptari,
400 1027 567 1057 intellecto
590 1027 627 1056 de
652 1030 756 1056 morte
780 1025 920 1064 Aprilis,
949 1024 1174 1054 archidiaconi

169 1091 182 1106 >³
208 1081 426 1118 Legionensis
457 1080 492 1109 in
517 1080 621 1118 Ceya,
649 1079 822 1109 canoniam
851 1088 925 1108 01110
952 1077 1119 1116 prebenda
1144 1082 1174 1107 et

170 1145 183 1159 1)
208 1133 298 1162 011101
320 1133 527 1171 plenitudine
554 1133 640 1171 juris
664 1132 816 1162 canonici
844 1140 942 1170 quam
967 1131 1053 1160 idem
1081 1130 1173 1168 Apri-

170 1197 183 1212 »
207 1186 249 1215 lis
266 1186 300 1214 in
317 1185 518 1223 Legionensi
542 1185 681 1215 ecclesia
703 1184 883 1219 obtinebat,
908 1184 1102 1214 auctoritate
1119 1184 1176 1213 do-

170 1250 183 1265 n
209 1239 292 1267 mini
308 1247 389 1276 pape
411 1237 600 1276 specialiter
616 1237 711 1267 nobis
731 1237 923 1267 commissa.
945 1237 1005 1266 tibi
1029 1237 1176 1274 presenti

170 1303 184 1318 n
209 1291 411 1321 conferimus
430 1295 460 1320 et
478 1295 506 1320 te
522 1299 580 1328 per
601 1294 750 1320 nostrum
770 1289 906 1320 anulum
923 1290 1121 1319 investimus
1139 1290 1176 1319 de

171 1356 185 1370 „
211 1344 335 1374 eadem.
367 1345 589 1373 Det-eruentes
620 1343 732 1373 eadem
760 1343 955 1372 auctoritate
983 1343 1116 1371 irritum
1147 1346 1177 1371 et

173 1408 186 1423 r>
211 1397 323 1431 inane,
344 1397 371 1425 si
388 1396 467 1435 quid
484 1396 522 1425 de
539 1396 611 1434 ipsa
630 1396 770 1425 canonia
788 1405 846 1433 per
864 1404 1105 1433 quemcumque
1123 1404 1177 1424 ex-

172 1461 185 1475 »
211 1449 277 1478 titit
293 1449 344 1479 vel
360 1449 505 1479 extiterit
520 1452 760 1486 attemptatum,
775 1457 810 1477 ac
822 1448 856 1476 10
875 1447 1132 1477 contradictores
1147 1452 1177 1477 01

171 1514 184 1528 »
210 1502 350 1531 rebelles
380 1501 732 1531 excommunicationis
760 1501 960 1530 sententiam
989 1500 1177 1537 promulga-

172 1567 184 1581 n
210 1564 295 1584 mus.
311 1556 384 1584 Dat.
401 1554 544 1590 Perusii,
559 1555 590 1583 X
601 1554 760 1584 kalendas
773 1554 896 1588 martii,
911 1562 996 1583 anno
1013 1553 1177 1582 dominice

171 1620 184 1634 »
210 1607 403 1637 Nativitatis
426 1607 629 1642 M⁰CCLIII⁰,
648 1607 859 1645 pontificatus
876 1606 1002 1635 domini
1020 1608 1178 1636 Innocen-

172 1672 184 1686 »
212 1661 249 1689 tii
266 1669 346 1698 pape
364 1661 432 1690 IIII
449 1668 535 1689 anno
552 1659 690 1689 decimo.
711 1671 723 1685 n

209 1713 354 1743 Tandem
377 1713 540 1742 Martinus
564 1712 745 1746 Johannis,
770 1711 1056 1749 Compostellanus
1080 1720 1178 1740 cano-

168 1766 275 1795 nicus.
294 1774 383 1794 nunc
401 1764 654 1794 archidiaconus
671 1764 890 1801 Legionensis
906 1764 940 1793 in
960 1764 1061 1802 Ceya,
1079 1764 1179 1793 colla-

169 1818 253 1848 tioni
270 1817 460 1856 hujusmodi
483 1825 517 1846 50
540 1825 728 1855 opponens,
750 1817 833 1846 bone
858 1817 1016 1846 memorie
1098 1818 1178 1847 Por-

169 1875 321 1901 tuensem
358 1870 568 1912 episcopum,
605 1873 636 1899 et
672 1870 831 1908 quosdam
867 1869 949 1900 alios
977 1879 1013 1899 30
1046 1870 1177 1899 1100111111

169 1923 350 1958 Andream,
369 1926 536 1952 cantorem
556 1922 853 1957 Saresbiriensem,
877 1922 1084 1960 capellanum
1102 1932 1178 1952 005-

168 1981 266 2006 11001.
283 1976 347 2005 sibi
366 1976 437 2005 dari
453 1975 597 2004 obtinuit
613 1975 807 2009 auditorem,
825 1975 881 2013 qui
898 1976 1108 2004 diffinitivam
1121 1985 1177 2013 pro

169 2030 282 2060 eodem
302 2029 446 2058 Martino
467 2032 580 2057 contra
601 2028 766 2065 prefatum
788 2028 934 2057 Marcum
960 2038 1058 2066 super
1081 2029 1177 2058 dictis

169 2081 309 2111 canonia
326 2085 355 2110 et
375 2079 541 2118 prebenda
557 2079 758 2109 sententiam
777 2079 1010 2117 promulgavit.
1028 2081 1177 2119 Cumque

167 2135 254 2164 idem
274 2133 429 2163 Marchus
446 2133 486 2162 ab
500 2132 613 2162 eadem
631 2133 795 2162 sententia
813 2133 853 2161 ad
873 2138 1018 2163 nostram
1040 2134 1178 2164 111111100-

169 2188 247 2217 tiam
268 2186 482 2224 appellasset.
501 2194 560 2215 nos
578 2185 769 2223 hujusmodi
791 2186 1023 2224 appellationis
1044 2197 1177 2217 causam

168 2239 351 2269 venerabili
370 2238 462 2267 fratri
479 2242 590 2267 nostro
607 2261 639 2273 ..,
653 2239 850 2268 Prenestino
865 2239 1028 2278 episcopo,
1046 2241 1178 2269 conimi-

170 2292 274 2322 simns
297 2290 540 2321 terminandam
563 2300 568 2318 :
596 2291 664 2329 qui,
686 2291 808 2321 auditis
831 2292 974 2329 partium
994 2293 1178 2323 ratiouiljnus

169 2344 301 2383 plenius
318 2347 347 2373 ct
362 2342 534 2377 discussis,
552 2343 692 2380 predicti
709 2343 870 2381 capellani
888 2346 1087 2375 sententiam
1105 2356 1177 2377 cou-

169 2395 324 2425 firmavit.
342 2396 449 2431 Quare
467 2395 654 2432 sepedictus
669 2396 799 2425 Marcus
811 2397 984 2428 humiliter
1000 2399 1176 2437 postulavit

170 2458 188 2478 a
205 2449 311 2483 nobis,
329 2452 364 2477 ut
381 2447 552 2485 providere
570 2447 632 2477 sibi
654 2457 752 2486 super
772 2449 833 2478 hoc
854 2454 991 2487 paterna
1015 2452 1177 2482 sollicitu-

170 2501 246 2531 dine
271 2509 475 2530 curaremus.
501 2501 568 2530 Nos
591 2500 704 2538 igitur,
727 2510 791 2530 0011
817 2507 881 2531 tam
905 2508 1053 2533 nostrum
1079 2515 1177 2544 quam

170 2553 414 2592 predecessoris
432 2553 537 2582 nostri
559 2553 683 2582 sactum
704 2556 857 2594 prosequi
881 2557 1109 2587 favorabiliter
1125 2560 1177 2588 in-

170 2607 354 2641 tendentes,
373 2615 412 2635 ue
430 2606 578 2643 prefatus
595 2607 725 2636 Marcus
743 2608 921 2638 frustretur
935 2611 1040 2646 gratia
1054 2612 1177 2641 dudum

171 2659 234 2689 sibi
253 2660 348 2694 sacta,
368 2658 563 2687 mandamus
583 2659 740 2697 quatinus
758 2661 862 2691 eidem
881 2663 990 2693 Marco
1007 2674 1064 2702 per
1082 2669 1109 2694 10
1127 2665 1177 2695 vel

168 2720 227 2750 per
237 2711 339 2741 alium
356 2710 550 2740 auctoritate
562 2715 674 2740 nostra
687 2713 860 2749 provideas
873 2714 910 2743 111·
924 2717 1119 2747 canonicatu
1132 2718 1177 2756 ip-

170 2764 240 2794 sius
249 2763 387 2793 ecclesie
399 2763 695 2799 Legionensiscnm
707 2764 1003 2806 plenitudinejuris
1014 2771 1176 2807 canonici,

170 2816 371 2852 assignando
388 2816 452 2845 sibi
469 2815 669 2853 prebendam
687 2817 714 2846 si
731 2827 795 2856 qua
810 2824 901 2849 vacat
919 2821 958 2849 ad
975 2831 1111 2859 presens
1127 2825 1179 2854 vel

170 2868 415 2908 quamprimum
433 2868 472 2897 ad
491 2868 524 2897 id
544 2868 700 2898 obtulerit
723 2879 757 2899 se
779 2871 937 2908 facultas,
963 2884 1105 2914 eumque
1128 2878 1178 2906 vel

291 2932 514 2958 ALEXANDRE
532 2933 580 2962 IV,
598 2936 616 2958 t.
636 2934 656 2958 1.

1253 292 1412 321 nuncium
1429 302 1487 321 seu
1503 297 1747 330 procuratorem
1767 300 1863 321 suum
1880 291 1950 330 ejus
1967 291 2099 320 nomine
2118 291 2151 319 111
2168 291 2257 329 ipso—

1252 352 1326 372 rum
1338 344 1539 381 corporalem
1556 344 1798 382 possessionem
1816 343 1953 372 inducas
1968 347 1997 372 et
2011 343 2134 373 tuearis·
2146 343 2257 372 induc-

1253 399 1332 424 tum.
1354 395 1619 426 Contradictores
1640 400 1700 425 etc.
1724 397 1797 425 Non
1815 395 1965 425 obstante
1983 400 2070 425 certo
2084 395 2189 433 ipsius
2207 404 2259 425 ec-

1254 447 1353 476 clesie
1365 447 1597 479 canonicorum
1612 456 1759 481 numero,
1773 447 2069 477 consuetudinibus
2083 448 2260 477 contrariis

1254 499 1459 537 quibuslibet
1478 504 1507 528 et
1525 500 1670 529 statutis.
1685 500 1884 538 juramento,
1903 499 2151 529 confirmatione
2165 500 2260 529 Sedis

1255 551 1433 589 apostolice
1449 551 1500 580 vel
1517 551 1632 589 quavis
1650 551 1713 580 alia
1733 551 1888 580 firmitate
1910 551 2057 582 vallatis,
2081 561 2139 581 seu
2155 552 2183 581 si
2202 561 2259 590 pro

1255 603 1330 633 aliis
1347 603 1468 641 scripta
1485 608 1595 632 nostra
1615 603 1795 632 direximus
1815 603 1935 640 quibus
1953 603 2105 633 nolumus
2123 608 2182 633 etc.
2204 614 2261 633 us-

1257 665 1319 694 que
1339 666 1344 684 :
1359 656 1522 693 generari,
1542 655 1593 685 vel
1607 655 1693 693 quod
1705 655 1792 684 idem
1804 655 1934 684 Marcus
1949 655 2029 684 alias
2046 656 2261 685 beneficiatus

1256 708 1378 741 existit,
1400 708 1469 738 sive
1489 708 1517 737 51
1534 707 1717 737 venerabili
1740 707 1832 736 fratri
1854 711 1964 736 nostro
1990 731 2021 742 ..,
2044 708 2212 746 episcopo,
2232 713 2261 738 et

1257 761 1386 790 dilectis
1413 760 1556 798 capitulo
1583 759 1848 797 Legionensibns
1879 768 1897 788 a
1922 759 2004 789 Sede
2027 760 2067 789 sit
2096 760 2263 789 indultum

1257 814 1382 848 eadem,
1401 814 1488 852 quod
1501 813 1541 843 ad
1553 813 1775 851 provisionem
1794 812 1934 850 alicujus
1949 813 2099 850 compelli
2111 814 2263 852 quodque

1256 866 1423 901 interdici,
1442 866 1599 904 suspendi
1620 865 1671 895 vel
1689 865 1979 899 excomn‘iunicari,
1998 874 2055 894 seu
2073 865 2110 894 de
2128 866 2264 902 preben-

1257 919 1307 949 dis
1333 919 1479 958 ejusdem
1503 919 1641 948 ecclesie
1668 927 1724 956 per
1750 918 1851 947 alium
1878 917 1977 947 alicui
2004 918 2169 956 provideri
2200 928 2265 947 non

1255 972 1361 1010 possit
1376 980 1434 1010 per
1449 971 1577 1001 litteras
1601 971 1798 1009 apostolicas
1820 979 1883 1000 non
1906 971 2066 1000 facientes
2088 970 2216 1008 plenam
2235 976 2265 1000 et

1258 1033 1447 1062 expressam
1465 1024 1503 1053 de
1521 1023 1648 1053 indulto
1665 1023 1854 1062 hujusmodi
1872 1023 2084 1057 mentionem,
2106 1023 2174 1052 sive
2188 1032 2264 1061 qua-

1258 1086 1398 1115 cumque
1415 1077 1479 1119 alia
1498 1076 1705 1114 indulgentia
1724 1076 1772 1105 015
1790 1086 1807 1105 a
1826 1076 1912 1105 dicta
1929 1076 2011 1106 Sede
2025 1085 2192 1109 concessa,
2208 1086 2266 1114 per

1258 1139 1357 1168 quam
1386 1129 1598 1167 presentibus
1623 1138 1687 1158 non
1714 1129 1873 1158 insertam
1897 1128 2003 1166 ipsius
2033 1128 2136 1157 Marci
2161 1128 2265 1165 gratia

1258 1182 1412 1220 impediri
1430 1182 1537 1212 valeat
1552 1182 1604 1211 vel
1624 1182 1762 1211 differri.
1780 1182 1847 1211 Nos
1862 1181 1950 1210 enim
1967 1181 2176 1211 decernimus
2193 1181 2266 1209 irri—

1259 1240 1327 1265 tum
1344 1240 1375 1265 et
1391 1235 1501 1270 inane,
1521 1235 1549 1264 si
1565 1244 1660 1264 500115
1681 1235 1719 1264 de
1741 1235 1811 1272 ipsa
1830 1235 1969 1263 canonia
1987 1238 2015 1263 et
2035 1234 2199 1271 prebenda
2217 1238 2266 1263 at-

1258 1289 1413 1326 temptari
1429 1288 1635 1325 contingeret
1653 1297 1669 1317 a
1689 1296 1907 1326 quocumque.
1928 1288 2001 1316 Dat.
2019 1287 2184 1324 Anagnie,
2207 1286 2266 1315 ka-

1257 1340 1366 1370 lendis
1382 1341 1536 1375 octobris,
1552 1349 1638 1369 auno
1655 1340 1771 1378 primo.
1793 1352 1804 1365 n

1330 1546 1417 1575 82ss

1296 1608 1451 1640 Lndovico,
1471 1609 1529 1642 regi
1547 1608 1690 1638 Franciae,
1710 1608 1848 1640 indulget,
1868 1612 1906 1635 ut,
1924 1608 1947 1633 si
1964 1615 2028 1632 eum
2046 1607 2077 1631 ad
2096 1608 2155 1632 loca
2173 1607 2265 1632 cccle-

1746 1546 1869 1578 Anagni,
1887 1544 1919 1571 30
1937 1545 2098 1578 septembre
2118 1545 2192 1570 1255.

1260 1658 1378 1684 siastico
1393 1658 1542 1692 supposita
1556 1657 1708 1683 interdicto
1720 1657 1861 1682 dccliii-are
1874 1656 2036 1689 contigerit,
2053 1660 2143 1689 possit
2162 1656 2266 1682 ibidem

1260 1707 1367 1733 clausis
1383 1707 1488 1741 januis,
1506 1709 1561 1732 etc.
1579 1706 1677 1732 audire
1693 1706 1798 1732 divina.
1816 1705 1899 1738 (Rau.
1916 1705 1961 1735 Ἡ,
1980 1712 2004 1730 c.
2022 1704 2082 1734 65⁴3,
2101 1705 2115 1730 f.
2136 1705 2191 1736 08.)

1303 1835 1315 1848 «
1345 1822 1510 1851 Carissimo
1538 1823 1569 1850 in
1597 1820 1715 1850 Christo
1742 1821 1822 1857 filio,
1849 1820 2010 1854 Ludat-ico,
2046 1820 2109 1856 rcyi
2139 1820 2269 1847 Francia*

1262 1876 1389 1904 illustri.
1408 1875 1520 1904 Pietas
1540 1873 1628 1911 regis
1645 1873 1737 1902 illius
1758 1872 1811 1901 cui
1828 1872 1952 1901 servire
1970 1880 2107 1908 regnare
2125 1876 2184 1905 est,
2204 1880 2268 1900 11011

1261 1927 1369 1957 solum
1390 1931 1419 1956 10
1445 1927 1534 1964 regie
1554 1925 1726 1963 dignitatis
1748 1925 1923 1961 insignivit
1946 1924 2053 1953 titulis
2077 1929 2107 1954 et
2133 1924 2212 1953 fecit
2234 1924 2269 1953 111

1261 1981 1410 2011 claritate
1427 1979 1573 2009 nominis
1586 1978 1835 2017 prepollentem,
1852 1978 1909 2007 sed
1922 1977 2021 2007 etiam
2038 1977 2075 2007 de
2091 1986 2192 2014 regno
2207 1981 2268 2006 ter-

1260 2043 1340 2064 reno
1359 2033 1491 2062 celestis
1511 2031 1606 2069 regni
1623 2031 1778 2061 efficiaris
1798 2039 1980 2068 possessor,
1999 2030 2123 2059 sanctis
2139 2029 2269 2059 deside-

1260 2087 1332 2121 riis,
1351 2086 1450 2115 rectis
1468 2084 1618 2114 consiliis
1638 2088 1668 2114 et
1681 2084 1782 2122 justis
1801 2083 1955 2121 operibus
1976 2082 2117 2111 reddidit
2133 2086 2163 2112 te
2184 2082 2270 2111 1051-

1262 2148 1376 2177 gnem,
1399 2138 1471 2176 pios
1495 2138 1631 2167 affectus
1662 2136 1751 2166 cordi
1779 2140 1834 2165 tuo
1864 2145 1921 2173 per
1946 2135 2015 2164 dies
2044 2134 2194 2172 singulos
2221 2135 2269 2164 sic

1261 2192 1447 2230 inspirans,
1470 2195 1505 2220 ut
1531 2190 1592 2219 tibi
1615 2190 1761 2219 votivum
1789 2189 1907 2218 existat
1930 2188 1986 2217 illa
2013 2196 2142 2225 semper
2172 2196 2269 2225 agere

1261 2254 1324 2284 que
1344 2244 1409 2274 sibi
1425 2243 1638 2281 complacent.
1660 2247 1690 2272 et
1708 2242 1742 2270 in
1760 2240 1961 2279 exequendis
1974 2249 2036 2279 que
2051 2240 2091 2269 ad
2110 2240 2269 2270 bonorem

1262 2298 1407 2328 Ecclesie
1425 2297 1591 2335 pertinent
1607 2295 1790 2325 delecteris.
1816 2295 1860 2323 Ex
1880 2293 1940 2323 hoc
1960 2294 2063 2331 igitur
2080 2293 2178 2330 digne
2194 2302 2270 2331 pro-

1261 2351 1351 2381 venit
1378 2355 1414 2379 ut
1438 2349 1550 2387 aliqua
1575 2347 1776 2386 supplicanti
1801 2346 1944 2383 benigne
1968 2345 2146 2384 apostolica
2168 2346 2268 2375 Sedes

1262 2403 1418 2434 concedat
1437 2411 1500 2441 11110
1517 2402 1592 2431 aliis
1611 2401 1709 2431 etiam
1731 2400 1910 2429 concedere
1927 2399 2064 2429 minime
2084 2399 2266 2429 consuevit.

1261 2458 1348 2487 Hinc
1365 2461 1413 2486 est
1432 2456 1518 2494 1111011
1535 2464 1606 2490 005,
1627 2455 1694 2484 tuis
1719 2453 2017 2492 supplicationibus
2040 2452 2269 2482 favorabiliter

1262 2513 1458 2544 annuentes,
1473 2517 1611 2546 persone
1624 2512 1677 2537 1110
1691 2506 1885 2536 auctoritate
1899 2505 2103 2543 presentium
2116 2505 2269 2542 indulge—

1261 2571 1346 2596 mus,
1361 2565 1407 2596 ut,
1427 2561 1455 2590 si
1472 2565 1501 2591 te
1519 2560 1559 2590 ad
1574 2560 1645 2589 loca
1664 2559 1888 2589 ecclesiastico
1908 2558 2075 2596 supposita
2094 2558 2269 2587 interdicto

1261 2614 1427 2644 declinare
1447 2613 1638 2649 coi‘itigerit,
1657 2612 1715 2641 tibi
1732 2611 1829 2641 liceat
1846 2610 1984 2645 ibidem,
2003 2610 2125 2639 clausis
2141 2610 2266 2648 jannis,

1262 2677 1326 2697 000
1350 2667 1489 2705 pulsatis
1510 2666 1698 2704 campanis,
1719 2664 1906 2694 interdictis
1927 2668 1958 2693 01
1975 2663 2269 2693 excommnnicatis

1262 2720 1419 2755 exclusis,
1443 2719 1558 2748 audire
1585 2718 1713 2753 diviua,
1742 2717 1840 2747 etiam
1864 2717 1892 2746 si
1920 2716 2128 2745 celebrentur
2155 2715 2267 2744 cadem

1262 2773 1327 2803 alta
1346 2781 1438 2807 voce,
1457 2771 1632 2801 dummodo
1653 2780 1691 2801 ea
1714 2770 1828 2799 audire
1849 2768 2017 2798 interdicti
2034 2772 2064 2797 et
2081 2776 2268 2797 ext-‹uiumi-

1262 2825 1364 2855 nicati
1383 2833 1447 2854 uon
1464 2824 1595 2854 valeant
1614 2823 1806 2861 supradicti,
1826 2826 1926 2860 tuque
1943 2829 2075 2850 cansam
2094 2829 2156 2849 non
2175 2819 2268 2849 ‹lede-

1261 2879 1308 2909 ris
1324 2877 1500 2908 interdicto
1517 2886 1576 2906 1100
1589 2876 1622 2905 id
1639 2876 1698 2905 tibi
1713 2875 1882 2912 contingat
1897 2873 2084 2912 specialiter
2101 2872 2266 2902 interdici.

2116 2938 2144 2961 32
