2498 3325
163 1617 185 2845 υυυυυεδευυυυυυευδυυευυῧυ

172 2883 186 2897 8

991 208 1221 246 DEUXIEME
1243 206 1400 244 ANNEE.

193 286 339 324 predicto
356 285 486 323 negotio
506 284 557 314 vel
573 284 659 314 circa
675 284 858 322 predictum
876 283 1044 321 negotium
1064 281 1160 311 nobis

193 338 381 377 etpartibus
393 338 581 367 videremus
595 337 757 374 expedire,
773 336 1016 374 procurationis
1030 344 1160 374 quoque

194 391 341 429 ejusdem
359 390 526 429 Symonis,
545 390 735 419 mandatum
749 389 890 428 speciale
908 389 947 418 ad
962 397 1160 426 componen-

194 443 271 473 dum
296 452 353 473 seu
380 443 569 473 faciendum
598 443 806 472 concordiam
835 451 899 471 non
928 441 1093 473 habentis,
1124 450 1160 470 ac

194 505 324 526 omnem
342 496 444 525 alium
464 496 639 530 desectum,
658 500 723 525 tam
745 504 802 533 pro
818 495 970 525 Johanne
988 503 1085 533 quam
1105 494 1161 524 de-

195 557 275 578 cano
298 549 472 587 predictis.
492 548 682 586 supplendi,
702 558 758 586 per
775 557 872 586 quem
892 551 1040 577 nostrum
1058 547 1162 585 possit

195 601 388 635 arbitrium,
407 601 571 631 ordinatio
593 601 662 631 sive
682 601 867 630 amicabilis
889 600 1082 638 compositio
1098 600 1162 629 im-

195 654 318 692 pediri,
342 663 398 692 pro
426 654 510 683 bono
531 654 621 692 pacis
645 658 675 683 et
700 653 844 683 utilitate
866 653 1040 691 utriusque
1058 653 1161 691 partis

195 707 444 745 compositionis
465 716 501 737 ac
522 707 695 736 concordie
720 707 808 736 inter
828 707 991 745 predictos
1010 706 1160 740 sovende,

196 760 391 789 auctoritate
415 769 451 789 ac
472 760 625 789 mandato
643 760 738 789 nobis
755 760 788 788 in
811 759 870 789 hac
888 764 978 797 parte
996 769 1013 789 a
1031 759 1163 788 domino

195 821 277 851 papa
299 813 477 846 concessis,
500 812 743 850 procurationis
760 812 923 841 desectum
941 811 1164 849 procuratoris

197 865 316 903 prefati
334 874 369 894 30
387 866 485 894 011331
504 865 689 894 111101311131
709 865 749 893 3(1
766 868 932 893 cantorem
950 864 1164 894 Cameracen-

198 927 267 948 sem
285 918 493 947 obtentarum
520 926 619 955 super
638 917 827 955 provisione
849 917 996 947 Johanni
1018 917 1164 955 predicto

196 971 359 1005 facienda,
385 980 444 1000 nec
468 980 531 999 non
557 970 758 1008 provisionis
780 970 864 1000 facte
889 970 995 1000 eidem
1017 970 1165 1001 ,10113331

196 1023 231 1052 in
255 1023 393 1053 ecclesia
414 1027 592 1053 memorata
612 1032 669 1060 per
689 1022 888 1057 Arnoldum,
910 1027 987 1053 tunc
1004 1023 1165 1053 decanum

198 1076 456 1106 christianitatis
473 1076 510 1105 de
530 1075 640 1109 Alost,
660 1075 712 1105 cui
733 1075 840 1105 dictus
858 1080 972 1105 0311101·
990 1076 1165 1106 commise-

198 1133 248 1159 rat
266 1129 355 1158 vices
373 1138 461 1163 suas,
481 1137 516 1158 ac
533 1137 664 1158 omnem
681 1128 783 1158 alium
800 1129 974 1164 (1010011131,
994 1138 1051 1167 1101
1067 1138 1166 1167 quem

198 1186 348 1212 nostrum
371 1181 473 1220 possit
493 1181 679 1212 arbitrium.
705 1181 870 1211 ordinatio
895 1191 952 1211 seu
979 1182 1166 1213 amicabilis

199 1235 392 1273 compositio
406 1234 572 1272 impediri,
593 1234 784 1273 supplentes
798 1235 993 1265 auctoritate
1007 1236 1165 1274 predicta,

200 1288 418 1321 arbitramus,
437 1287 707 1326 pronuntiamus,
727 1287 904 1317 statuimus
924 1292 954 1317 et
973 1288 1166 1318 ordinamus

200 1350 236 1371 30
264 1350 322 1379 per
347 1340 557 1370 amicabilem
583 1340 856 1378 compositionem
878 1341 1102 1379 disponimus,
1131 1346 1167 1371 ut

200 1394 451 1432 prenominatus
468 1393 639 1424 Johannes
658 1393 778 1423 habeat
795 1399 825 1423 et
840 1393 998 1429 obtineat,
1017 1394 1167 1424 obtinere

201 1456 238 1476 ac
262 1446 398 1484 pacifice
420 1446 589 1484 possidere
615 1445 731 1476 debeat
756 1447 791 1475 in
814 1446 954 1476 ecclesia
979 1447 1169 1485 supradicta

201 1499 413 1538 prebendam.
428 1508 527 1538 quam
539 1499 646 1528 dictus
661 1500 700 1528 R.
719 1499 757 1529 de
773 1499 897 1529 Thenis
911 1499 1054 1530 obtinuit
1071 1501 1105 1529 in
1118 1510 1167 1531 03-

201 1553 294 1587 (1013,
323 1552 430 1582 eidem
459 1552 607 1582 ,Iohanni
639 1552 867 1591 adjudicantes
898 1557 928 1582 01
958 1553 1168 1591 assignantes

202 1605 352 1639 eandem,
379 1614 478 1643 quam
501 1605 650 1642 prefatus
675 1604 820 1634 decanus
844 1605 908 1635 sibi
933 1605 1099 1635 dimittere
1120 1610 1168 1635 te-

202 1662 329 1693 neatur,
351 1661 381 1688 et
398 1657 470 1687 sine
490 1657 601 1695 aliqua
617 1657 809 1687 difficultate
828 1658 973 1687 dimittat
990 1658 1095 1697 ipsius
1113 1659 1169 1689 (10-

203 1711 277 1741 0331
294 1711 566 1745 contradictione,
583 1710 635 1740 cui
654 1720 753 1748 super
766 1711 853 1740 dicta
869 1711 1037 1749 prebenda
1054 1722 1170 1751 perpe-

204 1769 296 1794 tuum
318 1763 489 1794 silentium
515 1763 729 1801 imponimuS,
760 1768 815 1793 aut
836 1763 974 1793 alterius
992 1765 1171 1803 cujuslibet

203 1826 268 1847 non
286 1817 448 1850 obstante,
470 1826 506 1846 30
525 1816 624 1846 011331
642 1825 707 1846 303
725 1816 875 1847 obstante
892 1817 979 1856 quod
995 1818 1170 1848 rectoriam

203 1870 341 1901 ecclesie
367 1869 405 1899 de
428 1869 565 1905 Maude,
590 1869 842 1899 Cameracensis
867 1860 1023 1901 diocesis.
1048 1871 1086 1901 (10
1106 1881 1172 1910 qua

203 1923 237 1952 in
255 1922 414 1960 rescripto
432 1921 611 1960 apostolico
628 1931 727 1960 super
747 1923 833 1952 dicta
854 1923 1021 1961 prebenda
1037 1924 1172 1954 obtenta

205 1984 393 2013 expressam
413 1983 478 2004 non
497 1974 613 2004 fecerit
626 1975 841 2010 mentionem,
858 1980 1002 2014 tempore
1018 1977 1171 2015 impetra-

205 2028 306 2058 tionis
318 2027 424 2065 ipsius
440 2027 599 2057 habuisse
616 2027 755 2057 dicatur.
771 2029 911 2058 Fructus
923 2038 1053 2068 quoque
1066 2030 1171 2068 ipsius

202 2080 384 2119 prebende,
417 2088 435 2108 a
461 2084 607 2118 tempore
638 2081 820 2111 vacationis
850 2081 956 2120 ipsius
988 2087 1170 2121 perceptos,

204 2133 352 2164 Johanni
380 2132 608 2171 adjudicantes
635 2133 761 2169 eidem,
789 2134 829 2164 ab
857 2135 1010 2173 expensis
1041 2144 1103 2173 que
1133 2136 1172 2165 ab

204 2189 345 2224 utraque
378 2189 468 2223 parte
498 2185 583 2215 facte
616 2185 651 2214 in
682 2185 740 2216 lite
772 2187 1008 2222 dinoscuntur,
1041 2188 1173 2218 eosdem

205 2238 351 2268 invicem
376 2237 544 2267 reddimus
567 2237 746 2268 absolutos.
772 2240 816 2269 Ut
835 2244 944 2269 autem
967 2240 1055 2269 idem
1078 2241 1174 2270 deca-

206 2300 269 2321 nus
290 2290 328 2320 de
349 2290 587 2328 compositione
613 2289 804 2329 hujusmodi
821 2296 851 2322 et
872 2292 1081 2323 ordinatione
1097 2302 1174 2323 nos-

204 2348 255 2374 tra
276 2344 465 2382 experiatur
487 2343 551 2372 sibi
572 2343 719 2373 fructum
741 2344 858 2374 utilem
879 2346 1070 2383 provenire,
1096 2355 1172 2382 nos,

206 2396 346 2436 predicti
368 2395 493 2425 domini
513 2396 708 2427 auctoritate
725 2401 755 2427 et
771 2397 936 2433 mandato,
952 2399 1172 2435 decernimus,

208 2449 360 2479 volumus
378 2453 409 2479 et
426 2449 633 2484 mandamus,
652 2454 687 2479 ut
703 2454 734 2480 et
750 2450 821 2488 ipse
837 2450 993 2487 decanus,
1012 2452 1065 2482 cui
1081 2461 1175 2483 cano-

209 2502 357 2532 nicatum
376 2502 482 2540 ipsius
506 2502 645 2532 ecclesie
661 2503 927 2542 Autwerpiensis
947 2505 1175 2544 adjudicamus

208 2559 239 2585 et
263 2555 492 2592 assignamus,
511 2564 584 2584 cum
603 2555 811 2593 plenitudine
825 2557 910 2596 juris
930 2559 1082 2589 canonici
1103 2569 1109 2587 :
1137 2559 1175 2589 (10

208 2616 272 2646 quo
289 2607 389 2637 etiam
409 2607 593 2645 predictum
611 2608 805 2646 symonem,
825 2615 1070 2647 procuratorem
1087 2611 1176 2651 ejus-

208 2660 281 2690 dem
298 2663 495 2698 presentem,
515 2668 589 2689 cum
604 2664 715 2690 nostro
732 2661 830 2691 anulo
845 2663 1176 2701 corporaliterinvcs-

209 2713 321 2749 timus,
343 2716 373 2742 et
393 2716 428 2741 ut
445 2712 625 2742 canonicus
649 2713 796 2752 ejusdem
814 2715 953 2746 ecclesie
969 2716 1003 2745 in
1022 2716 1177 2747 omnibus

210 2770 241 2796 et
258 2775 315 2804 per
327 2765 438 2795 omnia
450 2770 636 2802 censeatur,
653 2770 682 2796 et
696 2767 819 2797 ibidem
837 2768 970 2798 stallum
987 2769 1020 2798 in
1035 2769 1133 2799 choro
1147 2774 1178 2799 et

209 2818 317 2848 locum
339 2818 373 2847 in
399 2818 543 2856 capitulo
569 2824 766 2858 assequatur
790 2825 819 2850 et
841 2821 881 2850 ad
903 2821 1037 2860 plenum
1057 2831 1177 2853 nomen

211 2870 375 2907 canonici,
389 2871 475 2901 sicut
489 2880 575 2901 113115
588 2880 625 2901 ex
636 2871 722 2909 aliis,
739 2873 907 2909 sortiatur,
919 2884 993 2903 01131
1005 2874 1075 2913 ipse
1086 2875 1128 2904 sit
1142 2875 1176 2904 in

1245 293 1257 306 ³)

1245 346 1257 359 ))

1245 398 1258 413 )>

1246 451 1258 464 ὶ)

1246 504 1258 518 ))

1247 558 1259 571 »

1247 611 1259 624 ))

1248 664 1259 677 ))

1247 717 1259 729 ))

1248 769 1260 782 ))

1249 821 1260 834 )Ὶ

1249 874 1261 886 Ἰ)

1250 926 1261 939 ›>

1250 978 1262 992 ))

1251 1031 1262 1044 )Ἰ

2191 216 2246 246 483

1283 281 1465 310 sacerdotio
1483 282 1697 315 constitutus,
1716 281 1899 311 cotidianas
1915 281 2167 311 distributiones
2185 291 2247 320 que

1283 333 1349 362 hiis
1364 334 1515 363 canonici
1529 334 1695 371 assignari
1708 338 1948 363 consueverunt
1960 334 1996 362 vin
2012 334 2082 371 ipsa
2095 333 2245 368 00010513,

1284 386 1341 425 (1111
1360 386 1450 416 horis
1466 387 1643 421 intersunt,
1662 396 1735 415 cum
1758 391 1788 415 et
1807 386 1876 424 ipse
1898 386 1988 415 horis
2004 386 2154 416 intererit
2176 390 2248 415 tan-

1283 448 1381 477 quam
1402 439 1597 474 canonieus,
1620 439 1777 477 percipiet
1795 439 1827 467 in
1847 439 1974 473 eadem,
1995 448 2033 468 ne
2052 442 2160 468 autem
2178 439 2247 477 ipse

1283 492 1427 521 decanus
1440 501 1551 522 carere
1564 492 1727 530 prebenda
1740 491 1866 521 diutius
1878 491 2038 525 1111031111,
2055 491 2249 530 511115111113

1285 545 1319 574 in
1335 546 1406 583 ipsa
1419 545 1557 575 ecclesia
1570 549 1673 580 vacat,
1690 545 1892 574 conserimus
1904 554 1909 572 :
1922 545 1973 573 sin
1987 549 2095 574 autem
2109 545 2248 583 primam

1285 599 1485 637 prebendam
1506 599 1539 627 in
1566 599 1636 636 ipsa
1657 598 1794 627 ecclesia
1819 602 2026 632 vacaturam,
2052 607 2113 636 que
2140 601 2247 627 tamen

1286 660 1349 680 non
1374 651 1413 680 511
1439 651 1594 688 dignitati
1617 651 1665 679 vel
1690 651 1881 688 personatui
1909 660 2051 684 31111013,
2080 650 2249 679 donationi

1286 703 1463 742 apostolice
1488 713 1523 732 30
1544 707 1653 732 nostre
1675 703 1714 732 ad
1737 712 1817 741 opus
1839 703 1954 732 decani
1976 703 2122 741 ejusdem
2144 707 2174 732 et
2192 712 2249 740 pro

1285 756 1436 785 facienda
1453 755 1628 784 collatione
1645 755 1682 784 (10
1701 755 1770 792 11153
1789 755 1906 787 eidem,
1928 755 2121 784 auctoritate
2139 754 2250 793 liujus<

1286 808 1385 843 modi,
1399 817 1619 837 reservamus.
1631 807 1843 845 Indulgentia
1858 807 2089 837 Cameracensi
2101 807 2252 845 episcopo

1287 865 1317 890 et
1335 860 1437 889 electo
1454 860 1600 898 ejusdem
1618 860 1763 888 civitatis
1780 864 1808 888 et
1827 859 1968 888 (11000515
1984 859 2034 888 vel
2052 859 2252 897 quibuscun-

1287 923 1349 952 quc
1367 912 1442 941 aliis
1459 912 1610 950 personis
1631 920 1785 941 concessa
1807 920 1870 941 non
1890 911 2056 944 obstante,
2075 911 2253 949 cujuscun-

1288 975 1350 1004 que
1384 965 1584 995 conditionis
1614 964 1774 999 existant,
1802 968 1832 993 et
1862 963 2098 993 constitutione
2129 963 2254 992 domini

1289 1018 1393 1047 nostri
1414 1017 1609 1051 Alexandri,
1630 1026 1692 1055 que
1711 1017 1749 1046 de
1773 1020 1913 1055 quatuor
1934 1015 2090 1054 loquitur,
2114 1025 2178 1045 non
2197 1016 2255 1045 ol)-

1289 1075 1397 1101 stante
1416 1080 1421 1098 :
1440 1070 1631 1099 inhibentes
1650 1078 1689 1099 ne
1705 1073 1818 1099 contra
1841 1069 2084 1097 ordinationem
2102 1072 2132 1097 et
2148 1077 2256 1098 reser-

1289 1124 1453 1153 vationem
1471 1122 1672 1161 hujusmodi,
1687 1131 1704 1151 a
1721 1121 1864 1160 capitulo
1878 1121 1984 1159 ipsius
1999 1121 2137 1151 ecclesie
2151 1120 2202 1150 vel
2216 1121 2255 1150 ab

1290 1177 1365 1207 aliis
1383 1176 1637 1215 quibuscunque
1655 1175 1805 1213 personis
1825 1175 1857 1203 in
1878 1175 2025 1213 ipsorum
2041 1174 2205 1204 Johannis
2226 1178 2257 1203 et

1291 1230 1406 1260 decani
1424 1229 1562 1268 predicti
1585 1228 1804 1267 prejudicium
1831 1227 1958 1266 aliquid
1979 1231 2201 1265 attemptetur,
2221 1236 2257 1257 30

1290 1284 1506 1313 decernentes
1530 1281 1662 1310 irritum
1690 1285 1721 1310 et
1741 1281 1852 1315 inane,
1880 1280 1907 1309 si
1929 1280 2007 1318 quid
2028 1279 2062 1308 in
2084 1279 2257 1317 premissis

1292 1336 1341 1366 vel
1358 1336 1445 1365 circa
1461 1334 1624 1372 premissa
1638 1342 1654 1362 a
1670 1333 1826 1371 predictis
1843 1332 1894 1361 vel
1911 1331 1986 1361 aliis
2004 1331 2258 1370 quilssmscunque

1292 1392 1405 1418 contra
1424 1385 1667 1416 ordinationem
1689 1389 1835 1414 nostram
1858 1393 1916 1413 seu
1938 1383 2162 1421 provisionem
2184 1393 2259 1421 pre-

1292 1441 1413 1470 dictam
1438 1439 1615 1475 contigerit
1641 1437 1841 1475 attemptari.
1865 1437 1903 1466 In
1923 1436 2017 1475 cujus
2041 1435 2089 1466 rei
2116 1436 2259 1466 testimo—

1292 1493 1403 1528 nium,
1439 1495 1627 1530 presentem
1657 1490 1900 1519 ordinationem
1926 1498 1984 1527 per
2008 1489 2260 1527 infrascriptum

1293 1546 1459 1576 notarium
1486 1548 1637 1573 nostrum
1664 1542 1766 1572 scribi
1794 1542 1934 1571 fecimus
1966 1546 1996 1571 et
2024 1541 2127 1579 sigilli
2156 1541 2261 1571 nostri

1293 1598 1494 1638 appensione
1512 1596 1648 1626 muniri.
1668 1598 1787 1626 Actum
1804 1595 1966 1632 Anagnie,
1987 1595 2020 1623 in
2038 1594 2260 1634 hospitiojam

1293 1653 1373 1682 dicti
1390 1651 1516 1681 domini
1539 1649 1732 1684 cardinalis,
1751 1648 1811 1678 sub
1830 1657 1916 1678 anno
1935 1648 2069 1677 Domini
2087 1647 2260 1682 MCCLVI,

1294 1705 1476 1735 indictione
1510 1704 1631 1738 XIIII,
1673 1710 1787 1732 mense
1826 1701 1990 1736 octobris,
2029 1701 2081 1731 die
2118 1700 2264 1730 secunda

1295 1762 1450 1792 exeunte,
1470 1755 1682 1795 presentibus
1704 1755 1862 1792 magistro
1881 1754 2038 1783 Gualtero
2055 1753 2141 1783 (11010
2157 1753 2260 1789 01131,

1294 1810 1452 1841 Fumensi
1469 1809 1639 1843 canonico,
1658 1807 1848 1842 Gottffrido,
1867 1807 1986 1837 clerico
2003 1806 2096 1835 ducis
2114 1806 2264 1835 Braban-

1297 1865 1351 1899 tie,
1370 1863 1529 1894 canonico
1552 1861 1768 1896 Maelinensi,
1794 1860 1952 1898 magistro
1968 1859 2106 1889 Nicolao
2124 1859 2162 1889 de
2182 1860 2265 1889 Fur-

1296 1926 1366 1952 nes,
1384 1919 1595 1955 procuratore
1612 1914 1781 1944 comitisse
1799 1913 1964 1947 Flandrie,
1989 1912 2149 1949 magistro
2164 1912 2265 1942 Nico-

1295 1971 1347 2000 130
1389 1970 1426 1999 (10
1469 1968 1637 1998 Montibus
1655 1991 1660 2002 ,
1700 1970 1912 2005 procuratore
1954 1965 2080 1995 domini
2119 1965 2265 2003 episcopi

1298 2022 1561 2056 Cameracensis,
1583 2024 1614 2050 01
1635 2020 1768 2049 (10111130
1784 2018 2003 2053 Theoderico,
2025 2018 2209 2056 presbitero
2227 2017 2266 2047 de

1298 2075 1521 2109 Nordethuie,
1546 2079 1576 2104 et
1595 2073 1766 2108 Golxvino,
1788 2072 1908 2102 clerico
1926 2072 1964 2101 de
1984 2071 2097 2107 Sicha,
2124 2071 2265 2101 testibus

1298 2130 1337 2160 ad
1354 2130 1414 2159 1100
1432 2128 1568 2158 vocatis.
1588 2128 1654 2165 Ego
1669 2126 1883 2156 Zambrosius
1900 2125 1938 2155 de
1955 2126 2081 2162 Burgo,
2100 2124 2267 2163 imperiali

1297 2182 1492 2213 auctoritate
1510 2180 1671 2214 notarius,
1691 2178 1956 2218 pronuntiationi
1974 2178 2197 2216 suprascripte
2213 2186 2267 2207 or-

1298 2235 1481 2265 dinationis
1507 2233 1664 2268 interfui,
1692 2237 1722 2262 et
1748 2241 1819 2262 eam
1843 2231 1881 2261 de
1905 2231 2060 2273 mandato
2083 2230 2266 2269 supradicti

1299 2289 1425 2318 domini
1455 2286 1634 2317 cardinalis
1662 2285 1782 2324 scripsi
1808 2284 1951 2314 fideliter
1978 2287 2009 2313 et
2036 2283 2070 2312 in
2100 2283 2267 2322 publicam

1298 2343 1438 2373 formam
1455 2340 1579 2378 redegi.
1599 2351 1612 2366 n

1302 2409 1314 2423 »
1332 2395 1425 2426 Nulli
1443 2399 1504 2425 etc.
1523 2397 1635 2423 nostre
1652 2391 1915 2422 confirmationis
1932 2394 1992 2420 etc.
2011 2391 2084 2419 Dat.
2097 2389 2265 2424 Laterani,

1259 2451 1309 2480 ΙΙΙ
1326 2449 1400 2479 idus
1417 2446 1613 2481 decembris,
1633 2454 1719 2475 anno
1735 2444 1891 2475 secundo.
1913 2455 1926 2470 n

1334 2668 1452 2697 1563
1767 2662 1880 2695 Lati-an,
1900 2662 1930 2688 1⁶2
1947 2660 2098 2687 decembre
2117 2659 2195 2686 1256.

1296 2729 1417 2758 Officiati
1435 2727 1635 2755 cameracensi
1651 2733 1767 2752 causam
1785 2725 1859 2751 inter
1874 2723 2036 2749 «Iohannem
2053 2721 2087 2747 de
2105 2720 2223 2747 Malines
2240 2723 2268 2746 et

1262 2780 1418 2806 Hem-icum
1433 2799 1439 2810 ,
1465 2777 1605 2803 decanum
1634 2774 1853 2801 christianitatis
1875 2771 1987 2797 Watiae
2013 2770 2164 2803 agitatam,
2188 2768 2265 2794 arbi-

1262 2832 1494 2860 tramentumque
1523 2824 1579 2854 O.,
1610 2823 1732 2850 Sanctae
1758 2821 1863 2847 Mariae
1894 2821 1920 2846 iu
1950 2819 2002 2845 Via
2031 2819 2085 2844 lata
2115 2816 2269 2843 cardinatis

1263 2877 1421 2911 (1582),
1448 2874 1615 2903 notificans,
1643 2871 1756 2898 mandat
1781 2869 1918 2904 quatinus
1941 2867 2148 2893 ordinationem
2175 2865 2268 2899 ipsam
