2498 3325
994 253 1218 291 PREMIERE
1239 254 1400 290 ANNEE.
2186 261 2242 292 273

148 334 225 371 lippi
248 338 274 362 et
296 332 398 362 Jacobi
420 331 582 364 Fanensis,
605 330 724 359 ordinis
745 329 845 359 sancti
866 328 1024 357 Damiani.
1048 326 1155 356 Justis

147 384 330 423 petentium
358 387 419 412 etc.
445 391 552 420 usque
580 391 587 410 t
612 381 776 420 complere
795 398 843 409 --.
874 381 948 409 Dat.
981 378 1154 413 Laterani,

149 437 200 467 III
216 436 291 465 idus
307 434 504 470 decembris,
521 443 608 464 anno
622 433 741 472 primo.
762 445 776 460 n

222 646 311 674 920

188 708 304 734 Decano
318 711 346 734 et
361 707 485 742 capitulo
502 707 700 733 Abulensibus
716 706 866 733 confirmat
884 704 1063 730 medietatem
1080 702 1158 729 deci-

153 765 263 783 marum
285 757 425 782 ecclesiae
445 756 479 782 de
503 756 653 782 petraficta
670 755 699 781 in
718 755 796 781 Valle
821 754 855 779 de
878 752 1013 784 Coi-noia,
1035 752 1159 777 diocesis

154 805 324 836 Abulensis,
341 814 355 831 3
372 805 418 837 R,
433 805 563 839 ejusdem
581 804 706 830 diocesis
722 803 869 838 episcopo,
886 802 969 828 tertio
987 800 1159 834 nonasjunii

152 853 281 880 MCCLV
295 862 464 881 concessam
476 875 482 884 ,
501 855 609 879 litteras
626 853 659 879 B.
677 853 806 887 episcopi
828 850 993 877 inserendo.
1011 849 1092 876 (Rae.
1109 850 1158 882 ³24,

152 911 178 931 0.
195 903 256 932 74‘2,
274 903 293 929 f.
312 903 393 934 107'.)

658 644 772 675 Latran,
794 644 822 670 16
838 642 990 669 decembre
1008 641 1085 667 1255.

194 1028 206 1043 α
230 1039 261 1051 ..,
280 1017 402 1050 decano,
419 1021 444 1045 et
460 1016 594 1053 capitulo
611 1015 820 1044 Abulensibus.
838 1013 968 1044 Meritis
984 1017 1092 1043 vestre
1108 1012 1160 1043 de-

153 1068 296 1098 votionis
320 1068 525 1103 inducimur,
554 1071 589 1097 ut
608 1066 826 1105 petitionibus
842 1065 979 1096 vestris.
1000 1069 1161 1104 quantum

154 1129 228 1150 cum
244 1122 313 1151 Deo
328 1130 516 1159 possumus,
535 1119 763 1150 favorabiliter
780 1128 978 1148 annuamus.
999 1118 1082 1149 Cum
1098 1118 1162 1148 ita-

153 1182 228 1212 que,
242 1173 328 1203 sicut
340 1173 425 1203 lecta
441 1173 536 1203 nobis
550 1177 660 1203 vestra
674 1172 790 1210 petitio
807 1171 1008 1207 continebat,
1024 1180 1163 1201 venera-

154 1225 232 1255 bilis
248 1226 351 1256 frater
365 1230 477 1256 noster
493 1249 525 1261 ..,
543 1225 724 1255 Abulensis
742 1225 933 1263 episcopus,
951 1224 1163 1254 medietatem

155 1278 359 1308 decimarum
373 1278 511 1309 ecclesie
525 1279 563 1308 de
580 1278 766 1312 Petraficta,
781 1286 839 1307 sue
853 1277 1006 1312 diocesis,
1022 1277 1062 1306 ad
1075 1286 1163 1307 men-

158 1339 228 1361 sam
249 1340 343 1360 suam
359 1331 595 1369 spectantium,
614 1340 688 1360 cum
704 1330 858 1360 omnibus
875 1329 960 1359 dicte
976 1329 1164 1359 medietatis

157 1383 306 1422 ejusdem
336 1384 436 1413 tercie
463 1383 595 1422 juribus
626 1383 719 1412 vobis
752 1382 881 1412 duxerit
912 1381 1163 1415 conferendam,

157 1441 253 1474 prout
276 1436 310 1465 in
326 1436 433 1474 ipsius
457 1437 601 1475 episcopi
618 1436 740 1466 litteris
762 1435 839 1465 inde
862 1435 1021 1465 confectis
1042 1444 1101 1465 suo
1120 1435 1166 1464 si-

159 1488 237 1526 gillo
254 1489 393 1518 munitis
407 1489 539 1527 plenius
556 1489 755 1523 continetur,
774 1497 845 1523 nos,
863 1489 983 1518 vestris
1001 1488 1166 1526 supplica-

157 1541 305 1571 tionibus
324 1542 495 1577 inclinati,
514 1542 600 1580 quod
616 1550 715 1580 super
730 1541 791 1571 hoc
815 1541 854 1570 ab
880 1541 994 1571 eodem
1015 1541 1167 1579 episcopo

156 1594 292 1632 provide
309 1595 433 1624 factum
449 1598 508 1629 est,
528 1599 636 1624 ratum
655 1598 686 1624 et
703 1599 831 1631 gratum
849 1593 1021 1628 habentes,
1039 1593 1073 1622 id
1089 1602 1167 1623 auc-

158 1647 290 1677 toritate
307 1647 487 1685 apostolica
503 1647 736 1677 confirmamus
756 1650 814 1676 etc.
834 1656 939 1684 usque
958 1656 964 1674 t
983 1646 1167 1675 communi·
1207 1679 1209 1688 Ι

158 1708 243 1729 mus.
261 1700 421 1729 Tenorem
438 1700 625 1729 litterarum
642 1699 790 1737 ipsarum
807 1699 845 1728 de
862 1699 961 1728 verbo
977 1699 1017 1728 ad
1030 1698 1168 1735 verbum

157 1752 369 1790 presentibus
386 1752 490 1782 inseri
506 1752 680 1786 facientes,
700 1751 754 1790 qni
776 1751 850 1781 talis
867 1755 916 1780 est
934 1761 939 1780 :

908 1845 921 1871 3
934 1845 997 1878 juin
1017 1845 1094 1872 12:35.

201 1920 213 1933 ιι
225 1907 385 1937 Noverint
398 1907 547 1937 universi
557 1907 865 1945 presenteslitteras
875 1907 1069 1945 inspecturi.
1082 1909 1169 1947 quod

198 1969 257 1989 nos
275 1961 325 1995 R,
344 1960 404 1990 Dei
422 1960 528 1997 gratia
545 1960 719 1998 episcopus
737 1960 928 1995 Abulensis,
948 1961 985 1990 de
1001 1961 1168 1990 communi
1208 1955 1211 1981 ¹*

196 2013 297 2042 totius
329 2013 465 2051 capituli
489 2013 637 2052 ejusdem
661 2012 800 2042 ecclesie
828 2012 1036 2051 beneplacito
1060 2019 1091 2043 ct
1116 2023 1169 2044 as-

197 2074 308 2101 sensu,
327 2066 443 2095 damus
456 2070 483 2095 et
498 2065 709 2095 concedimus
722 2065 785 2103 ipsi
801 2065 943 2103 capitulo
957 2066 1168 2096 medietatem

198 2171 285 2206 neia,
296 2171 437 2201 diocesis
452 2171 643 2203 Abulensis,
659 2171 699 2200 ad
713 2180 862 2201 mensam
875 2176 1077 2209 spectantem
1093 2182 1170 2202 nos-

199 2227 294 2259 tram,
319 2229 476 2262 perpetuo
497 2234 513 2253 a
538 2225 624 2254 dicto
645 2224 789 2262 capitulo
813 2234 887 2254 cum
907 2225 1061 2255 omnibus
1085 2226 1170 2256 dicte
1209 2207 1212 2245 f

199 2329 353 2359 videlicet
372 2329 497 2368 adjecto
514 2333 626 2359 tenore
647 2330 733 2368 quod
755 2330 903 2359 redditus
924 2330 975 2360 vel
992 2336 1172 2369 proventus

200 2382 388 2412 medietatis
417 2383 544 2420 prefate
570 2383 658 2412 inter
684 2383 861 2412 canonicos
890 2384 1112 2422 portionarios
1141 2389 1172 2415 et

201 2435 374 2473 alumpnos
392 2435 429 2465 de
453 2435 552 2465 choro
574 2435 692 2474 majori
716 2439 744 2465 et
764 2435 917 2465 mediano
941 2436 1079 2467 ecclesie
1101 2447 1171 2468 me-

200 2493 336 2521 morate,
355 2488 411 2527 qui
430 2488 469 2517 ad
486 2497 641 2526 vesperas
656 2488 776 2518 cotidie
790 2489 944 2518 venerint
962 2493 992 2519 et
1008 2499 1114 2529 usque
1132 2491 1171 2521 ad

202 2542 302 2571 finem
320 2542 355 2570 in
378 2541 477 2570 choro
493 2540 674 2570 eorundem
690 2541 843 2571 steterint
863 2551 1076 2580 vesperorum
1093 2553 1171 2573 can-

164 2607 177 2621 »
204 2598 310 2624 tantes
341 2593 569 2632 sollempniter
596 2601 670 2623 cum
698 2593 847 2623 oratione
874 2594 985 2625 debita
1013 2597 1171 2627 continuo

164 2659 177 2674 n
201 2650 275 2685 post
301 2647 391 2685 ipsos
416 2654 569 2684 vesperos
599 2645 781 2675 celebratos
807 2648 1056 2684 responsorium
1085 2650 1172 2688 quod

165 2711 178 2726 ι)
201 2708 260 2738 pro
269 2699 435 2728 defunctis
447 2702 609 2734 cantatur,
623 2699 914 2736 proportionaliter
928 2700 1044 2731 diebus
1059 2702 1170 2740 singu-

164 2764 177 2779 n
201 2752 244 2782 lis
265 2752 466 2787 dividantur,
490 2751 604 2781 statim
621 2755 693 2789 post
716 2751 804 2781 idem
829 2761 902 2781 cum
928 2754 1077 2785 oratione
1096 2765 1171 2793 pre-

165 2818 178 2832 »
202 2805 305 2835 missa
321 2805 569 2843 responsorium
591 2804 813 2833 decantatum.
837 2806 874 2835 In
897 2807 991 2845 cujus
1012 2808 1060 2837 rei
1077 2809 1171 2839 testi-

165 2871 178 2886 »
203 2859 351 2889 monium
367 2859 595 2897 dictorumque
609 2858 816 2895 presentium
833 2859 1034 2895 firmitatem,
1049 2862 1171 2900 sigillis

165 2923 179 2939 ιι
204 2911 308 2941 nostri
325 2915 355 2941 et
372 2910 507 2949 capituli
525 2910 706 2948 supradicti
720 2915 906 2948 presentem
925 2913 1066 2944 fecimus
1084 2916 1171 2953 pagi.

288 2977 509 3001 ALExANnRE
528 2976 579 3007 IV,
598 2979 617 3000 t,
637 2976 656 3000 1.

159 1972 172 1986 D

158 2025 171 2039 J)

158 2078 171 2092 Ἰ)

159 2130 171 2144 n

159 2183 172 2197 D

161 2236 174 2250 1>

161 2288 174 2303 r>
199 2276 387 2306 medietatis
406 2277 554 2315 ejusdem
575 2277 675 2307 tercie
695 2277 828 2316 juribus
849 2277 1094 2316 possidendam,
1113 2279 1171 2308 tali

161 2341 174 2356 Ἰ)

162 2395 175 2409 h

162 2448 175 2462 7>

163 2501 175 2515 7)

164 2554 177 2568 7>

1241 337 1253 351 »
1279 334 1355 355 nam
1374 327 1577 364 consignari.
1596 328 1715 357 Actum
1737 331 1786 357 est
1809 327 1871 357 hoc
1895 327 1992 357 tertio
2015 336 2119 357 nonas
2138 327 2245 367 junii,

1240 389 1254 404 »
1280 386 1366 407 anno
1382 379 1517 408 Domini
1534 380 1691 410 MCCLV.
1712 392 1724 406 »

1279 430 1373 460 Nulli
1396 434 1456 460 etc.
1475 435 1586 461 nostre
1613 431 1875 462 confirmationis
1898 436 1959 462 etc.
1982 433 2056 462 Dat.
2074 432 2247 469 Laterani,

1239 483 1335 513 XVII
1352 482 1511 513 kalendas
1525 484 1683 522 januarii,
1702 493 1788 513 anno
1804 484 1921 522 primo.
1944 497 1956 510 n

1312 661 1396 688 921

1277 722 1408 756 Capitulo
1422 722 1562 749 ecclesiae
1575 722 1745 749 Vicentinae
1757 723 1882 755 mandat,
1896 726 1927 749 ut
1940 723 1986 756 B„
1999 727 2067 750 tunc
2080 725 2251 759 episcopum

1242 770 1473 804 Nimociensem,
1490 771 1523 797 ad
1545 771 1696 797 ecclesiam
1714 770 1899 797 Vicentinam
1915 771 1950 797 de
1966 772 2141 806 apostolicae
2162 773 2253 806 pleni-

1242 819 1342 846 tudine
1364 820 1515 854 potestatis
1534 820 1715 849 translatum.
1737 820 1922 846 admittentes
1942 820 2070 846 hilariter
2090 823 2118 846 et
2139 821 2251 852 devote,

1243 868 1298 902 ipsi
1316 871 1451 902 tanquam
1469 868 1576 902 pastori
1593 867 1716 894 debitam
1737 868 1929 894 obedientiam
1947 872 1975 894 et
1994 869 2181 894 reverentiam
2199 869 2253 895 im-

1244 915 1379 950 pendant.
1396 916 1479 950 (Rno.
1496 916 1540 948 24,
1562 924 1588 942 c.
1606 916 1666 948 743,
1684 916 1703 942 f.
1722 916 1807 947 tow.)

1750 661 1865 691 Lati-an,
1884 662 1915 687 18
1931 662 2082 688 decembre
2100 663 2178 689 1255.

1288 1029 1300 1043 «
1315 1018 1454 1055 Capitulo
1468 1019 1586 1047 ecclesie
1600 1018 1764 1047 Vieencine.
1778 1017 1898 1046 Divine
1913 1017 2076 1055 sapientie
2089 1017 2255 1047 inscruta-

1244 1069 1322 1100 bilis
1350 1087 1398 1098 ——.
1423 1070 1497 1099 Dat.
1520 1070 1695 1105 Laterani,
1719 1069 1781 1099 XV
1802 1069 1962 1099 kalendas
1982 1069 2150 1108 januarii,
2168 1078 2255 1100 anno

1243 1122 1362 1160 primo.
1383 1135 1395 1149 ³)

1280 1241 1313 1268 In
1335 1250 1360 1269 e.
1386 1250 1422 1268 m.
1446 1242 1522 1268 clero
1546 1241 1672 1267 civitatis
1697 1245 1725 1267 et
1747 1241 1873 1267 diocesis
1900 1240 2137 1273 Vicentinarum,
2161 1241 2256 1267 verbis

1245 1293 1443 1324 competenter
1459 1291 1587 1316 mutatis.

1283 1338 1315 1364 In
1333 1347 1357 1364 e.
1371 1347 1410 1366 m.
1426 1339 1532 1372 populo
1549 1337 1712 1369 Vlcentino,
1726 1346 1820 1371 usque
1835 1338 1991 1371 :quatinus
2007 1337 2129 1363 eundem
2142 1339 2258 1371 episco-

1249 1395 1315 1422 pum
1338 1387 1511 1420 recipientes
1527 1387 1662 1421 hylariter
1681 1390 1709 1412 et
1725 1386 1845 1412 honeste
1862 1388 2029 1418 tractantes,
2048 1386 2103 1419 ipsi
2120 1388 2256 1419 tanquam

1248 1435 1320 1470 patri
1337 1439 1363 1461 et
1380 1435 1487 1469 pastori
1501 1435 1661 1461 animarum
1680 1438 1840 1460 vestrarum
1858 1434 1941 1469 plene
1957 1442 1990 1460 30
2007 1434 2258 1460 humiliterinten-

1247 1484 1322 1510 datis
1342 1488 1370 1509 et
1390 1484 1551 1510 exhibeatis
1571 1483 1819 1509 honorificentiam
1840 1482 1963 1509 debitam
1984 1486 2013 1508 et
2028 1482 2177 1516 devotam,
2194 1483 2258 1516 ejus

1248 1532 1373 1558 salubria
1394 1532 1502 1557 monita
1522 1534 1550 1557 et
1571 1530 1703 1556 mandata
1724 1530 1911 1565 suscipiendo
1932 1531 2034 1556 devote
2054 1539 2086 1557 ac
2107 1530 2258 1556 inviolabi-

1248 1580 1311 1606 liter
1327 1580 1523 1610 observando,
1543 1580 1580 1605 ita
1597 1580 1671 1613 quod
1696 1580 1758 1613 ipse
1780 1579 1807 1605 in
1831 1579 1912 1605 vobis
1932 1579 2094 1605 devotionis
2113 1579 2186 1604 tilios
2202 1582 2257 1605 etc.

1250 1636 1342 1662 usque
1362 1639 1366 1653 :
1384 1628 1543 1662 gaudeatis.
1563 1627 1627 1654 Dat.
1646 1631 1675 1653 ut
1692 1636 1790 1662 supra.

1319 1809 1409 1836 922

1286 1871 1332 1903 B.,
1356 1873 1446 1897 famae
1468 1872 1601 1902 celebris,
1627 1872 1782 1897 eminentis
1806 1871 1955 1901 scientiae,
1981 1871 2037 1896 vita
2060 1875 2086 1895 et
2112 1869 2261 1895 honestate

1759 1808 1871 1838 Lati-an,
1894 1808 1924 1833 18
1940 1807 2093 1833 decembre
2111 1807 2188 1833 1255.

1250 1921 1385 1947 decorum
1408 1926 1434 1947 et
1458 1921 1570 1947 consilii
1592 1921 1754 1946 maturitate
1776 1920 1968 1953 praeclarum,
1984 1928 1998 1944 a
2015 1919 2129 1945 vinculo
2146 1927 2202 1952 quo
2219 1922 2262 1944 te-

1251 1970 1372 1996 nebatur
1386 1970 1523 1995 astrictus
1535 1969 1674 1995 ecelesiae
1687 1968 1865 1994 Nimooiensi
1877 1968 2032 1994 absolvens
2046 1971 2073 1993 et
2089 1967 2123 1992 de
2141 1974 2262 2001 persona

1251 2018 1343 2052 ipsius
1359 2018 1498 2043 ecelesiae
1517 2010 1686 2043 Vicentinae
1705 2017 1872 2050 providens,
1893 2017 1946 2051 ipsi
1968 2016 2097 2048 mandat,
2118 2019 2147 2041 ut
2162 2024 2261 2041 curam

1210 2090 1211 2093 ,
1252 2071 1279 2092 et
1312 2066 1589 2092 aslministrationein
1625 2066 1764 2091 eeclesiae
1796 2064 1966 2091 Vieentinae
2001 2072 2100 2098 gerere
2135 2064 2259 2090 studeat.

197 2118 398 2148 decimarum
423 2119 561 2148 ecclesie
586 2118 623 2147 de
650 2119 825 2148 Petraficta
848 2119 881 2147 in
905 2119 999 2149 Valle
1025 2119 1063 2149 de
1089 2120 1169 2150 Cor·
1210 2130 1212 2136 ’

1251 2114 1662 2148 (RAE0.24,0.74ae,f.1os)

1294 2229 1305 2243 ι(
1329 2218 1373 2251 B„
1398 2218 1532 2254 episcopo
1555 2216 1708 2253 quondam
1736 2216 1929 2244 Ntvzotiensi.
1952 2214 2071 2243 Divine
2099 2212 2261 2251 sapientie

1253 2274 1313 2300 etc.
1332 2278 1435 2307 usque
1455 2279 1460 2298 :
1479 2269 1637 2299 destituta
1650 2286 1699 2296 —.
1715 2269 1788 2297 Dat.
1807 2271 1842 2297 ut
1861 2276 1971 2305 supra.
1993 2279 2004 2292 >a

1323 2455 1411 2482 923

1288 2516 1458 2548 Guillelmo,
1476 2516 1616 2542 canonico
1632 2516 1773 2542 ecclesiae
1789 2524 1813 2541 s.
1832 2513 1970 2541 Antonini
1990 2512 2163 2542 Placentini,
2182 2511 2264 2537 Guil-

1252 2566 1328 2592 lelmi
1353 2565 1597 2600 archipresbyteri
1626 2565 1660 2591 de
1685 2564 1852 2598 Cusignano
1879 2563 1990 2597 nepoti,
2015 2561 2127 2588 tertiam
2154 2563 2263 2594 partem

1253 2614 1431 2650 praebendae
1447 2615 1473 2640 in
1491 2614 1613 2640 ecclesia
1629 2622 1653 2640 s.
1672 2613 1812 2640 Antonini
1828 2612 1987 2642 confirmat,
2006 2610 2212 2637 constitutione
2228 2609 2263 2635 de

1253 2664 1434 2698 quaternario
1464 2663 1669 2689 canonicorum
1702 2652 1820 2688 numero
1850 2669 1906 2686 non
1936 2660 2080 2686 obstante.
2107 2658 2190 2691 (Rea.
2219 2657 2261 2688 24,

1253 2711 1486 2744 c.744,s.1080

1764 2453 1876 2486 Latran,
1896 2452 1927 2478 1‘2
1944 2451 2097 2478 decembre
2112 2450 2190 2476 1255.

1295 2826 1307 2839 ι(
1327 2813 1504 2848 Guillelmo,
1527 2813 1675 2842 canonico
1694 2813 1812 2841 ecclesie
1836 2811 1936 2840 sancti
1961 2809 2113 2838 Antonini
2134 2808 2260 2836 Placen-

1255 2868 1326 2896 cine.
1348 2865 1564 2895 Devotionem
1583 2865 1694 2894 dilecti
1712 2864 1772 2893 filii
1789 2862 1960 2893 Guillelmi
1979 2859 2261 2898 archipresbyteri

1255 2919 1292 2949 de
1311 2918 1517 2955 Cusignano,
1541 2916 1703 2955 capellani
1728 2915 1839 2946 dilecti
1860 2915 1921 2944 filii
1941 2937 1972 2947 ..,
1992 2913 2085 2943 electi
2105 2913 2264 2942 Parmen—

2111 2977 2141 3001 35
