2498 3325
1000 207 1225 243 PREMIERE
1245 208 1405 245 ΑΝΝΕΕ.

227 279 315 307 898

192 340 353 367 Castellano
367 340 482 367 Roccae
499 340 732 375 Aquaeputridae
745 341 868 372 mandat,
883 345 913 367 ut
923 341 1040 367 eosdem
1056 341 1164 367 nobiles

155 387 380 414 Terracinenses
405 388 448 413 vel
473 392 686 423 procuratorem
717 390 847 424 ipsorum
872 397 971 415 eorum
997 390 1111 415 nomine
1135 389 1162 414 in

156 436 365 471 praedictarum
379 439 518 463 terrarum
533 438 748 471 possessionem
761 437 886 475 inducat.
900 437 983 469 (Rae.
995 437 1038 471 24,
1051 445 1076 463 c.
1090 437 1163 470 723²,

660 280 773 311 Latran,
792 280 824 307 30
842 279 997 306 novembre
1017 280 1092 306 1255.

198 597 210 612 «
229 608 262 620 ..‚
280 587 443 615 castellano
458 588 546 616 Rocce
560 588 776 625 Aqueputride.
797 587 879 618 Cum
897 587 1065 617 nobilibus
1081 587 1163 617 viris

155 654 204 666 —.
223 638 296 667 Dat.
313 642 350 668 ut
367 648 477 676 supra.
497 651 510 665 n

224 815 311 844 8⁹9

190 876 338 903 Prioribus
359 877 556 905 cartusiensis
581 878 690 904 ordinis
713 878 847 905 concedit
871 879 1034 905 facultatem
1059 883 1105 911 ut,
1127 880 1162 905 de

151 926 273 951 consilio
294 926 414 952 fratrum
436 927 626 953 litteratorum
653 928 797 961 cujusque
822 932 997 960 conventus,
1022 928 1162 962 impertiri

151 974 264 1000 valeant
283 974 474 1002 absolutionis
497 976 670 1002 beneficium
694 976 832 1002 fratribus
851 977 901 1009 qui
926 977 1162 1003 excommunica-

152 1023 240 1049 tionis
256 1024 428 1050 sententiam
446 1027 474 1050 et
491 1027 586 1050 notam
603 1024 821 1058 irregularitatis
837 1025 999 1051 incurrunt.
1016 1024 1098 1057 (Rau.
1115 1025 1160 1059 24,

151 1078 178 1097 c.
196 1071 261 1102 724,
278 1072 297 1098 f.
317 1072 390 1105 105.)

741 817 865 850 Anagni,
883 817 917 843 ‘20
929 818 992 851 juin
1014 818 1089 844 1255.

194 1185 206 1199 «
227 1195 262 1205 ..,
281 1174 418 1203 Careusie
431 1179 457 1203 et
469 1175 624 1203 universis
636 1175 793 1212 prioribus
809 1175 1014 1204 Cartusiensis
1030 1176 1159 1205 ordinis.

152 1225 243 1255 Licet
258 1225 298 1255 ad
308 1225 368 1256 hoc
382 1227 523 1256 fratrum
535 1227 638 1257 vestri
651 1227 779 1256 ordinis
790 1227 844 1265 pia
856 1227 993 1257 desudet
1006 1228 1159 1263 intentio,

151 1283 187 1308 ut
207 1278 246 1307 ab
264 1279 311 1308 eis
329 1279 364 1308 in
382 1279 450 1308 hiis
467 1289 530 1318 que
550 1280 675 1310 faciunt
694 1281 874 1318 prudenter
890 1284 921 1310 et.
937 1281 1072 1319 provide
1091 1291 1161 1320 pro-

153 1330 288 1360 cedatur
311 1332 493 1362 secundum
518 1333 623 1362 Deum
648 1336 679 1362 et
701 1333 828 1363 ordinis
852 1333 1077 1369 honestatem,
1100 1334 1162 1363 ali-

153 1384 284 1422 quando
307 1388 417 1414 tamen
439 1394 477 1414 ex
501 1385 701 1415 conditionis
718 1385 862 1415 humane
884 1386 1064 1424 fragilitate
1084 1396 1162 1416 con-

152 1436 266 1474 tingit,
294 1437 382 1476 quod
402 1438 537 1476 quidam
564 1447 601 1467 ex
624 1438 706 1476 ipsis
728 1439 889 1468 excedunt
911 1439 945 1468 in
970 1440 1102 1469 casibus
1126 1441 1161 1469 in

152 1489 275 1528 quibus
302 1490 656 1520 excommunicationis
678 1491 878 1521 sententiam
901 1496 931 1521 et
951 1497 1061 1521 notam
1078 1493 1162 1523 irre-

150 1541 339 1579 gularitatis
374 1542 562 1572 incurrunt.
600 1543 707 1579 Quare
739 1553 756 1573 a
792 1544 887 1574 nobis
920 1545 1160 1582 supplicatione

150 1593 271 1623 humili
294 1595 506 1633 postulastis,
524 1600 577 1630 ut,
597 1605 670 1625 cum
690 1596 753 1625 viri
771 1597 1042 1635 contemplationi
1059 1598 1161 1628 dediti

151 1647 218 1677 sint
241 1647 276 1676 in
296 1647 470 1686 religionis
494 1648 640 1678 favorem
663 1657 681 1678 a
701 1649 908 1679 discursibus
931 1650 1108 1680 cohibendi
1125 1660 1161 1681 ac

149 1704 282 1738 propter
299 1700 429 1730 viarum
452 1700 600 1738 pericula
626 1701 750 1730 eisdem
771 1702 931 1731 fratribus
952 1703 992 1732 ad
1013 1707 1161 1733 nostram

149 1753 353 1791 presentiam
374 1753 574 1791 impediatur
597 1762 766 1789 accessus,
785 1764 884 1793 super
905 1755 966 1785 hoc
986 1756 1160 1794 providere

149 1805 187 1835 de
203 1805 409 1844 benignitate
427 1806 523 1836 solita
539 1815 743 1836 curaremus.
757 1808 825 1837 Nos
839 1807 962 1846 itaque,
980 1808 1033 1846 pie
1051 1809 1158 1839 volen-

147 1862 196 1888 tes
219 1858 306 1897 quod
331 1864 439 1889 vestra
463 1859 603 1895 devotio,
622 1859 657 1888 in
677 1859 745 1890 hiis
765 1870 827 1899 que
845 1861 943 1899 digne
968 1871 1156 1899 possumus,

149 1911 267 1941 Sedem
289 1911 503 1949 apostolicam
526 1912 712 1950 repperisse
735 1913 875 1950 gaudeat
899 1914 1095 1951 gratiosam,
1123 1919 1159 1944 ut

146 1964 272 2002 singuli
291 1968 456 1999 vestrum,
480 1964 515 1993 in
537 1964 756 1994 conventibus
780 1965 844 1995 sibi
862 1967 1064 2002 commissis,
1083 1976 1158 2005 pre-

147 2017 244 2047 dictis=
266 2017 427 2046 fratribus
449 2017 639 2047 constitutis
660 2017 784 2047 ibidem
807 2018 1016 2049 absolutione
1033 2020 1073 2049 ad
1089 2020 1157 2050 dis—

144 2069 375 2107 pensationem
391 2069 619 2107 indigentibus
639 2069 708 2099 sive
724 2069 921 2108 priusquam
938 2071 1089 2101 ordinem
1104 2073 1157 2102 in-

146 2123 307 2152 traverint
321 2122 390 2152 sive
407 2126 519 2159 postea
533 2122 567 2151 in
580 2122 713 2152 casibus
730 2123 934 2152 excesserint
951 2125 1154 2161 memoratis,

144 2175 183 2205 de
200 2174 339 2204 consilio
357 2174 575 2204 discretorum
586 2175 728 2204 fratrum
743 2178 928 2205 vestrorum
945 2177 1002 2214 qui
1018 2177 1157 2208 litterati

145 2228 188 2257 sit
214 2232 245 2258 et
265 2228 371 2258 Deum
396 2227 563 2263 timentes,
585 2227 750 2265 impertiri
769 2228 909 2258 valeatis
936 2229 1156 2261 absolutionis

144 2280 345 2311 beneficium
370 2285 401 2310 et
424 2280 617 2318 dispensare
640 2289 714 2310 cum
742 2281 806 2316 eis,
836 2281 930 2311 vobis
961 2284 1156 2314 auctoritate

143 2333 351 2372 presentium
368 2333 578 2363 concedimus
599 2333 809 2369 facultatem,
834 2334 901 2363 nisi
925 2335 1005 2365 adeo
1022 2337 1156 2373 gravius

144 2386 247 2416 fuerit
264 2391 295 2416 et
311 2386 456 2416 enormis
473 2394 637 2421 excessus,
658 2386 745 2424 quod
763 2387 881 2416 merito
898 2387 964 2417 sint
981 2388 1022 2417 ad
1038 2389 1156 2419 Scdem

145 2439 358 2477 apostolicam
366 2438 567 2469 destinandi.
576 2438 731 2469 Ceterum
741 2439 812 2475 tibi,
823 2439 882 2475 fili,
892 2440 981 2478 prior
990 2441 1154 2475 Cartusie,

145 2492 264 2522 ceteris
275 2491 443 2530 prioribus
457 2491 584 2520 ordinis
597 2491 645 2520 tui
656 2500 692 2520 ac
706 2492 764 2520 uni
777 2500 889 2521 corum
903 2502 1001 2531 quem
1015 2494 1155 2529 eleueris

143 2544 205 2574 tibi
222 2554 321 2583 super
335 2544 509 2583 premissis
526 2544 619 2582 juxta
635 2544 774 2573 formam
792 2545 929 2575 eandem
948 2545 1046 2585 hujus
1064 2547 1156 2577 abso-

142 2597 282 2627 lutionis
310 2601 341 2626 et
366 2596 626 2634 dispensationis
651 2596 851 2626 beneficium
877 2598 1101 2635 impendendi,
1127 2600 1155 2629 si

144 2660 280 2681 necesse
298 2650 411 2685 fuerit,
435 2650 646 2687 indulgemus
663 2650 859 2679 auctoritate
876 2652 1081 2688 presentium
1098 2662 1156 2691 po-

143 2707 307 2733 testatem.
327 2704 449 2733 Verum
462 2712 503 2732 ne
515 2702 618 2738 vobis,
635 2702 708 2737 filii,
724 2703 862 2740 priores,
877 2712 913 2733 ex
930 2704 1041 2743 aliqua
1056 2715 1156 2735 (niusa

143 2756 248 2795 possit
275 2755 409 2794 aliquod
434 2764 523 2784 more
554 2759 583 2784 et
607 2755 811 2785 difficultatis
834 2755 1011 2787 imminere
1036 2758 1155 2787 discri-

144 2818 231 2843 men,
251 2808 392 2846 singulis
408 2808 593 2837 dicct-sanis
608 2808 727 2837 vestris
742 2808 1001 2846 dispensationis
1017 2814 1047 2839 ct
1062 2811 1153 2840 abso—

142 2861 283 2891 lutionis
300 2860 489 2900 hujusmodi
507 2860 718 2890 concedimus
735 2861 929 2891 auctoritate
948 2863 1153 2900 presentium

2196 223 2254 253 267

1247 279 1379 317 plenam
1392 281 1595 319 facultatem,
1614 288 1649 313 ut
1665 284 1705 313 ab
1722 284 1781 320 eis,
1798 294 1872 314 cum
1889 285 1981 316 vobis
1997 286 2049 316 vel
2063 287 2164 317 alicui
2180 297 2256 319 ves-

1246 335 1334 362 trum
1361 334 1462 364 fuerit
1491 339 1700 373 oportunum,
1726 337 1858 367 valeant
1885 338 2040 368 obtineri.
2069 340 2162 370 Nulli
2190 345 2251 371 etc.

1247 389 1358 415 nostre
1382 388 1607 418 concessionis
1631 392 1692 418 etc.
1720 390 1793 419 Dat.
1821 390 1984 428 Anagnie,
2007 392 2072 422 XII
2094 393 2255 424 kalendas

1243 437 1332 475 julii,
1351 447 1437 468 anno
1452 440 1570 477 primo.
1590 452 1602 466 ))

1317 613 1407 642 900
1831 618 1957 651 Anagni,
1974 619 2007 646 ‘20
2022 621 2085 654 juin
2105 621 2182 649 1255.

1282 674 1398 700 Eisdem
1414 675 1558 709 indulget,
1577 679 1608 702 ut
1623 677 1772 703 absolvere
1789 678 1901 705 valeant
1921 688 2097 715 suspensos,
2115 683 2254 710 interdic-

1246 725 1291 748 tos
1309 724 1350 749 vel
1367 724 1634 751 excommunicatos
1650 725 1836 752 Cisterciensi
1852 729 2004 762 aggregari
2020 731 2140 765 collegio
2157 733 2256 758 volen-

1246 773 1300 797 tes.
1317 771 1401 804 (Rae.
1416 772 1461 803 24,
1478 780 1504 798 c.
1519 773 1593 805 724²,
1608 773 1627 799 f.
1646 774 1732 805 105'.)

1292 885 1304 899 «
1334 875 1464 904 Eisdem.
1493 875 1635 906 Celestis
1662 885 1753 906 amor
1775 877 1880 915 patrie
1904 883 2031 909 mentes
2056 885 2182 911 vestras
2208 883 2255 912 sic

1245 927 1387 958 alexisse
1403 928 1614 966 perspicitur,
1632 933 1668 958 ut
1686 930 1783 968 quasi
1798 929 1860 959 hoc
1877 931 1982 960 solum
2002 932 2255 964 delectationem

1245 980 1338 1010 vobis
1356 980 1490 1015 tribuat,
1509 981 1596 1019 quod
1612 981 1723 1011 divine
1740 982 1902 1012 voluntati
1919 984 1962 1013 sit
1979 984 2136 1022 placitum
2154 990 2185 1016 et
2202 996 2256 1017 sa-

1244 1033 1347 1063 lutem
1368 1033 1513 1071 proferat
1536 1034 1734 1064 animarum.
1756 1036 1907 1065 Procedit
1929 1045 1966 1066 ex
1991 1037 2052 1067 boc
2073 1039 2160 1076 quod
2182 1048 2252 1074 nos,

1243 1086 1365 1116 vestris
1383 1086 1448 1124 piis
1465 1086 1683 1124 petitionibus
1699 1087 1846 1118 favorem
1862 1088 1978 1126 largiri
1992 1090 2183 1121 benivolum
2199 1092 2256 1123 de-

1244 1138 1421 1173 lectantes,
1452 1139 1594 1169 maxime
1620 1148 1694 1168 cum
1718 1149 1754 1170 ex
1782 1141 1954 1178 apostolici
1980 1151 2058 1172 cura
2084 1147 2257 1174 teneamur

1244 1194 1361 1229 officii,
1387 1194 1475 1223 circa
1494 1194 1668 1231 religionis
1697 1200 1911 1233 augmentum
1936 1198 2054 1227 attenti
2081 1203 2111 1228 et
2136 1199 2255 1236 vigiles-

1244 1247 1407 1282 inveniri,
1426 1247 1519 1276 vobis
1537 1248 1732 1277 auctoritate
1748 1249 1954 1286 presentium
1970 1250 2200 1288 indulgemus,
2220 1256 2255 1281 ut

1244 1299 1432 1329 volentibus
1448 1303 1557 1329 vestro
1581 1301 1754 1338 aggregari
1775 1301 1928 1339 collegio,
1948 1303 2005 1341 qui
2024 1304 2255 1341 suspensionis

1244 1357 1299 1381 ant
1326 1352 1496 1381 interdicti
1522 1352 1573 1382 vel
1597 1354 1949 1384 excommunicationis
1976 1357 2151 1386 sententiis
2177 1362 2255 1387 sunt

1243 1404 1353 1441 ligati,
1379 1404 1599 1434 absolutionis
1622 1405 1821 1435 beneficium
1839 1407 1931 1445 juxta
1948 1408 2087 1437 formam
2108 1409 2254 1439 Ecclesie

1242 1457 1406 1495 impertiri
1430 1461 1461 1486 et
1482 1457 1572 1495 ipsos
1592 1458 1627 1487 in
1647 1459 1767 1489 fratres
1789 1460 1947 1498 recipere,
1973 1470 2009 1490 ac
2028 1471 2082 1491 eos
2104 1463 2160 1500 qui
2180 1467 2254 1501 post

1242 1506 1449 1548 assumptum
1472 1510 1624 1540 habitum
1650 1511 1851 1542 recoluerint
1880 1522 1914 1543 se
1937 1514 2058 1544 talibus
2080 1516 2114 1544 in
2142 1516 2253 1545 seculo

1242 1563 1347 1592 fuisse
1368 1563 1545 1593 sententiis
1568 1563 1744 1594 innodatos
1771 1566 1952 1595 secundum
1977 1567 2117 1597 formam
2144 1568 2250 1606 ipsam

1243 1615 1413 1645 absolvere
1435 1615 1574 1646 valeatis
1602 1626 1608 1645 z
1634 1617 1681 1646 ita
1701 1621 1811 1647 tamen
1838 1619 1934 1656 quod,
1954 1619 1982 1648 si
2006 1619 2109 1658 aliqui
2126 1620 2251 1650 eisdem

1241 1667 1433 1706 hujusmodi
1448 1668 1624 1698 sententiis
1638 1673 1770 1707 propter
1784 1670 1932 1699 debitum
1946 1675 2023 1700 sunt
2034 1671 2140 1709 ligati,
2159 1673 2253 1702 satis-

1240 1719 1366 1749 faciant
1383 1724 1418 1749 ut
1434 1724 1601 1750 tenentur.
1622 1721 1777 1751 Ceterum
1793 1722 1865 1757 tibi,
1886 1722 1950 1751 tili.
1968 1724 2068 1761 prior,
2087 1729 2148 1754 etc.
2166 1730 2201 1754 ut
2217 1725 2252 1754 in

1241 1772 1307 1802 alia
1322 1781 1428 1811 usque
1443 1773 1479 1802 in
1496 1773 1613 1808 finem,
1633 1777 1663 1803 et
1681 1773 1741 1803 sub
1761 1775 1875 1804 eadem
1892 1775 1977 1805 data.
1999 1788 2011 1802 η

1310 1958 1394 1986 901

1275 2020 1381 2046 Abbati
1398 2024 1426 2047 et
1441 2020 1596 2046 conventui
1617 2023 1782 2048 monasterii
1799 2022 1834 2048 de
1853 2022 2047 2057 Kyrkestede‚
2068 2023 2252 2051 Lincolnien-

1239 2069 1280 2095 sis
1296 2068 1431 2102 diocesis,
1449 2069 1582 2096 concedit
1598 2070 1626 2096 in
1647 2078 1718 2096 usus
1734 2072 1866 2106 proprios
1882 2075 1910 2098 et
1925 2073 1953 2098 in
1970 2073 2174 2107 hospitalitatis
2189 2075 2251 2100 offi-

1238 2117 1275 2143 cii
1291 2117 1453 2144 subsidium
1470 2118 1622 2144 ecelesiam
1639 2118 1674 2144 de
1689 2119 1837 2155 Tymelby,
1856 2120 1985 2155 ejusdem
2002 2121 2137 2156 diocesis,
2150 2123 2178 2149 in
2195 2131 2251 2157 qua

1235 2166 1285 2200 jus
1302 2169 1470 2200 patronatus
1489 2166 1594 2193 habent
1609 2168 1753 2201 cujusque
1778 2172 1935 2202 proventus
1955 2178 2079 2196 annuam
2097 2170 2157 2196 XX
2174 2179 2250 2197 mar-

1238 2222 1335 2240 carum
1353 2215 1556 2249 sterlingorum
1574 2216 1725 2242 valentiam
1742 2217 1788 2242 vix
1805 2217 1959 2244 excedunt.
1972 2218 2056 2251 (Rso.
2073 2219 2123 2250 ⁶24,
2141 2227 2167 2246 e.
2186 2220 2248 2251 7⁶25,

1237 2262 1256 2290 f.
1279 2263 1360 2294 1Οἴ1ν.)

1741 1959 1854 1993 Latran,
1871 1961 1904 1987 <28
1922 1962 2076 1988 novembre
2100 1963 2178 1989 1255.

1281 2377 1292 2390 «
1321 2387 1355 2399 ..‚
1385 2366 1494 2400 abbaci,
1525 2370 1551 2394 et
1581 2367 1745 2395 conventui
1772 2369 1952 2396 incrtaslerii
1980 2369 2013 2397 de
2035 2369 2247 2406 lx'yrltestemle,

1239 2418 1446 2447 Cislercicnsis
1462 2418 1598 2454 ordinis,
1618 2420 1842 2448 Lineolniensis
1858 2421 1992 2449 diocesis.
2016 2421 2196 2451 Caritatem
2214 2422 2249 2451 in

1239 2471 1330 2499 vobis
1347 2488 1395 2499 —.
1411 2471 1484 2500 Dat.
1503 2471 1669 2507 Laterani,
1688 2473 1757 2502 IIII
1772 2472 1932 2503 kalendas
1949 2474 2143 2509 decembris,
2163 2483 2249 2504 anno

1237 2532 1354 2561 prllllO.
1375 2535 1388 2549 »

1308 2708 1394 2736 902

1275 2771 1364 2804 Lupo,
1383 2770 1519 2804 episcopo
1538 2770 1759 2803 Man-ochitano,
1776 2773 1950 2806 apostolicae
1966 2772 2050 2799 Sedis
2062 2773 2163 2805 legato,
2178 2781 2249 2799 con-

1236 2820 1312 2846 cedit
1330 2820 1492 2846 facultatem
1510 2820 1690 2852 instituendi,
1704 2820 1738 2846 de
1750 2821 1870 2847 consilio
1881 2821 2092 2855 archiepiscopi
2107 2821 2248 2855 Compos-

1238 2868 1343 2898 tcllani,
1368 2868 1474 2901 primos
1498 2868 1652 2902 episcopos
1676 2871 1734 2895 tam
1757 2869 1785 2895 in
1807 2869 1973 2895 diocesibus
1994 2869 2144 2903 acquisitis
2161 2878 2246 2903 quam

1740 2709 1854 2741 Lan-an,
1872 2710 1904 2736 ”27
1923 2711 2077 2737 novembre
2098 2711 2176 2738 1255.
