2498 3325
0 652 7 736 Ἦν*
0 580 3 629 ἡ-

980 253 1210 292 DEUXIEME
1233 250 1390 288 ANNEE.
2180 258 2238 288 355

142 353 158 369 aa
182 343 331 372 Romane
357 337 504 368 Ecclesie
530 335 700 365 fidelitatis
726 337 757 363 ct
784 332 858 370 ligii
884 329 1031 367 homagii
1055 329 1148 368 jura-

144 405 158 420 »
182 398 312 422 menta:
327 401 344 421 a
361 390 482 429 quibus
494 397 551 426 pro
564 391 655 425 parte
667 386 747 415 dicti
764 383 948 415 communis
965 381 1147 415 fidelitatis,

144 457 159 472 n
182 445 256 483 ligii
268 443 415 481 homagii
432 446 462 471 et
479 438 737 470 assecurationis
754 436 1148 475 recepimusjuramenta.

186 510 199 524 »
223 496 440 527 Attendentes
456 495 568 532 itaque
584 492 664 522 dicti
681 490 866 521 communis
878 498 993 527 puram
1010 488 1107 517 fidem
1120 491 1150 516 et

145 562 159 577 ι)
185 549 394 580 devotionem
410 552 441 577 et
459 546 546 585 (111011
562 544 742 575 voluntarii
764 547 795 573 et
815 541 1001 580 111-0111115111
1018 550 1053 570 50
1072 540 1151 570 sub-

146 614 160 629 »
187 605 357 631 traxerunt
388 610 405 629 a
433 598 579 628 dominio
605 597 744 636 predicti
772 595 898 625 domini
928 594 1094 624 Manl'redi
1121 597 1152 623 et

147 667 161 682 1)
185 654 272 694 quod
285 654 474 693 juramenta
490 651 597 681 eidem
612 650 751 689 prestita
764 649 980 687 foi-jurarunt,
1001 647 1087 686 quod
1104 656 1152 677 sa-

147 720 161 734 »
186 711 338 737 crosante
354 707 502 735 Romane
518 703 665 734 Ecclesie
685 703 766 732 satis
783 707 912 740 gratum
929 701 1034 731 extitit
1052 705 1083 731 et
1099 709 1152 730 ac-

147 772 162 787 »
187 763 329 798 ceptum.
347 757 564 787 Attendeutes
581 756 681 786 etiam
697 760 790 793 grata
813 759 844 785 et
865 759 997 792 accepta
1017 753 1154 784 servitia

148 824 162 839 ι)
188 822 251 851 que
279 811 403 840 dictum
431 818 603 839 commune
632 808 914 846 Monopolitanum
945 811 1154 837 sacrosancte

148 877 163 892 »
188 867 336 896 Romane
353 863 499 893 Ecclesie
523 863 641 892 offerre
664 866 791 900 poterat
809 862 844 890 in
863 862 1023 895 futurum,
1043 864 1155 890 aucto-

149 931 162 946 »
188 919 285 948 ritate
303 917 398 947 nobis
420 926 438 946 a
459 916 605 954 predicto
621 915 728 952 legato
749 924 904 944 concessa
925 918 955 943 et
979 914 1017 943 de
1041 914 1156 942 innata

149 983 164 998 n
189 971 284 1002 Sedis
301 969 478 1008 apostolice
497 968 696 998 liberalitate
713 968 924 997 concedimus
939 972 968 997 et
986 968 1156 997 contii-ma-

150 1035 164 1050 »
188 1032 262 1052 mus
279 1023 364 1052 dicto
379 1021 545 1051 comnnmi
560 1020 806 1058 Monopolitano
823 1020 1008 1058 0111110010,
1022 1029 1157 1049 conces-

150 1088 164 1103 »
190 1076 313 1110 siones,
335 1074 565 1104 immunitates.
591 1077 619 1103 et
641 1073 811 1103 libertates=
828 1082 952 1108 omnes,
971 1073 1049 1102 olim
1069 1081 1157 1102 com-

151 1141 166 1156 »
191 1128 285 1158 muni
315 1127 461 1166 predicto
489 1126 635 1155 indultas
661 1136 679 1155 a
703 1126 858 1163 regibus,
888 1125 1155 1164 imperatoribus,

152 1194 166 1209 »
191 1181 368 1212 comitibus
397 1184 427 1209 et
458 1179 601 1210 dominis
627 1179 905 1218 quilniscumque.
937 1179 1158 1209 Concedimus

151 1247 165 1262 »
191 1234 291 1265 etiam
315 1237 345 1263 et
370 1233 604 1262 confirmamus
624 1232 710 1261 dieto
734 1231 901 1261 comnnmi
921 1240 1034 1261 onmes
1056 1231 1158 1261 bonos

152 1300 166 1314 >›
190 1296 272 1317 usus
299 1291 329 1316 et
355 1286 612 1316 consuetudines
636 1285 758 1323 1111111115
780 1285 833 1313 1151
854 1288 931 1313 511111
958 1285 1159 1323 temporibus

152 1353 166 1367 11
191 1341 375 1375 retroactis,
403 1339 633 1377 promittentes
659 1338 765 1368 eidem
791 1338 958 1367 communi
982 1338 1069 1376 (111011
1091 1338 1160 1367 dic—

153 1405 167 1420 »
192 1394 280 1431 ta(m)
300 1393 505 1430 Romanatm)
532 1391 734 1429 Ecclesiatjm)
757 1391 875 1420 dictam
901 1391 1069 1420 civitatem
1090 1392 1160 1420 Mo-

153 1459 168 1473 »
193 1446 419 1484 nopolitanam
436 1445 555 1475 habeat
575 1449 605 1474 et
623 1449 731 1474 teneat
748 1444 937 1474 immediate
955 1445 988 1473 in
1008 1445 1161 1474 demanio

154 1512 168 1526 »
194 1508 253 1529 suo
275 1503 305 1529 et
325 1498 409 1528 nulli
432 1498 488 1527 alii
506 1508 578 1527 eam
597 1497 764 1529 concedat,
784 1502 814 1527 et
831 1497 916 1535 (111011
936 1497 1022 1526 dicta
1044 1497 1161 1527 civitas

155 1565 168 1579 »
194 1552 441 1590 Monopolitana
467 1560 596 1588 semper
618 1554 812 1588 potestatem
833 1556 1023 1580 extraneam
1042 1550 1162 1580 babeat

155 1617 169 1632 1)
195 1609 226 1635 et
242 1613 427 1634 commune.
450 1603 670 1634 Concedimus
695 1603 794 1632 etiam
814 1607 844 1631 et
863 1603 1097 1632 confirmamus
1115 1604 1163 1633 ei-

155 1669 170 1684 »
194 1657 269 1687 dem
277 1656 444 1686 communi
456 1655 700 1693 Monopolitano
711 1655 940 1694 quodcumque
950 1657 1163 1694 privilegium

155 1723 170 1738 n
195 1710 302 1740 eidem
330 1709 456 1739 civitati
484 1709 684 1746 generaliter
710 1709 761 1738 rel
783 1709 883 1738 alicui
906 1709 1052 1748 0105110111
1078 1714 1162 1740 terre

156 1776 170 1791 »
196 1764 260 1793 civi
282 1763 472 1801 specialiter
496 1762 670 1792 retroactis
693 1762 896 1800 temporibus
921 1763 960 1792 ab
985 1763 1096 1802 aliquo
1121 1764 1163 1793 sit

156 1829 170 1844 n
195 1816 362 1846 indultum
385 1826 391 1844 ι
419 1820 448 1846 01
474 1816 619 1853 predicta
648 1816 843 1845 auctoritate
867 1816 963 1845 nobis
988 1826 1159 1852 concessa,

157 1882 171 1897 »
197 1869 409 1900 concedimus
426 1869 533 1899 eidem
550 1869 718 1898 communi
734 1878 848 1898 omnes
867 1869 1038 1899 libertates
1055 1874 1085 1899 et
1100 1870 1163 1908 pri-

157 1935 171 1950 »
197 1923 317 1960 vilegia
334 1931 397 1960 que
416 1926 626 1951 sacrosancta
644 1922 794 1951 Romana
807 1921 956 1952 Ecclesia
972 1923 1164 1953 civitatibus

157 1988 172 2004 »
196 1975 430 2014 Neapolitane,
456 1975 583 2013 Calido,
610 1975 794 2004 Brundusii
816 1979 846 2005 et
871 1975 947 2005 aliis
972 1976 1164 2006 civitatibus

197 2028 317 2067 Apulie
334 2027 473 2057 contulit
491 2031 522 2057 et
543 2027 693 2057 decetero
713 2027 843 2057 duxerit
861 2028 1110 2062 conserendum,
1131 2034 1166 2059 ut

197 2081 284 2111 dicto
312 2081 479 2110 communi
506 2080 752 2118 Monopolitano
778 2081 896 2110 collata
922 2081 1164 2120 intelligantur.

201 2135 241 2165 Et
266 2134 364 2164 liceat
390 2134 497 2163 eidem
525 2134 692 2163 communi
718 2134 876 2172 predictis
901 2135 1113 2165 libertatibus
1136 2141 1167 2166 et

198 2186 386 2226 privilegiis
407 2186 455 2215 uti
477 2196 513 2215 ac
543 2186 569 2215 51
599 2186 704 2216 01110111
729 2187 896 2217 communi
919 2187 1036 2217 collata
1059 2190 1168 2219 forent

200 2239 325 2271 eisdem
352 2240 386 2268 in
416 2238 574 2268 fidelitate
602 2244 811 2269 sacrosancte
841 2241 989 2271 Romane
1022 2242 1168 2273 Ecclesie

200 2291 470 2331 persistentibus.
488 2291 537 2320 Ad
554 2291 744 2330 hujusmodi
762 2297 871 2322 autem
883 2293 930 2323 rei
943 2298 1033 2331 geste
1049 2304 1168 2324 memo-

200 2345 285 2375 riam
303 2349 333 2375 et
348 2345 427 2374 dicti
451 2344 636 2374 communis
655 2350 846 2383 perpetuam
862 2346 1054 2377 firmitatem
1071 2352 1169 2386 atque

202 2397 376 2431 cautelam,
387 2406 524 2435 presens
539 2397 568 2426 ei
584 2397 796 2435 privilegium
809 2398 882 2428 fieri
894 2399 1046 2434 fecimus,
1060 2400 1169 2438 ipsum

203 2450 314 2489 sigillo
328 2455 440 2480 nostro
457 2450 614 2488 pendenti
633 2458 727 2480 cereo
744 2451 946 2482 munientes.
965 2453 1038 2482 Dat.
1057 2454 1116 2483 Tra
1125 2453 1167 2489 ni,

203 2504 264 2534 sub
281 2512 368 2533 anno
384 2503 518 2533 Domini
534 2503 713 2539 MCCLVQ
732 2509 891 2541 regnante
907 2505 1040 2536 domino
1060 2511 1171 2538 nostro

203 2557 390 2587 Alexandro
414 2565 495 2594 papa
518 2557 596 2591 1111,
616 2565 702 2586 anno
721 2557 828 2595 ipsius
848 2558 966 2596 primo,
989 2559 1172 2590 indictione

204 2611 301 2643 XIII,
320 2609 371 2639 die
389 2609 518 2639 sabbati
535 2610 566 2638 II
580 2609 739 2639 kalendas
759 2611 902 2647 augusti.
924 2623 936 2638 n

206 2675 220 2689 r>
252 2662 345 2693 Nulli
369 2666 430 2692 etc.
456 2666 566 2691 nostre
593 2662 855 2693 confirmationis
880 2668 938 2694 ete.
959 2664 994 2694 Si
1017 2665 1169 2703 111115010.

162 2716 237 2746 Dat.
257 2715 430 2752 Laterani,
448 2715 531 2745 XIII
549 2715 707 2745 kalendas
728 2717 856 2752 martii,
878 2726 965 2747 anno
982 2718 1137 2747 secundo.
1159 2730 1171 2743 »

164 2622 178 2637 ἕ
163 2569 178 2585 ³
163 2516 177 2532 δ
161 2463 177 2479 δ
161 2410 176 2426 ὅ
163 2358 177 2373 5
161 2305 176 2320 ὅ
160 2252 175 2268 ὅ
159 2200 174 2215 5
160 2147 175 2162 υ
159 2094 173 2109 ὅ
157 2041 173 2056 ὅ

238 2867 258 2894 Ι
270 2867 354 2895 Ιθῖ
724 2866 837 2898 Latran,
855 2866 884 2894 ‘2¹
903 2868 1008 2894 sevrier
1024 2868 1103 2896 1256.

196 2927 399 2962 Infrascriptis
426 2932 519 2954 uariat
543 2928 706 2962 quomodo,
734 2928 870 2956 Bernardi
894 2930 1038 2964 quondam
1063 2930 1176 2957 abbatis

1232 325 1397 350 monasterii
1421 324 1594 350 (111-1155011515
1617 325 1651 350 ab
1673 324 1774 350 abbate
1793 323 1881 349 Vallis
1897 332 2016 358 magnae
2033 328 2061 350 et
2081 323 2238 351 Carcasso-

1231 373 1311 398 nensi
1331 377 1359 398 et
1377 372 1533 399 Biterrensi
1549 373 1696 406 episcopis
1713 372 1908 405 resignatione
1925 377 2056 406 recepta,
2077 377 2240 398 conventus

1231 421 1396 447 monasterii
1414 422 1582 447 successive
1598 421 1728 446 diversos
1743 421 1893 453 clegerunt
1910 420 1934 446 in
1953 421 2096 453 abbatem,
2113 420 2238 454 denique

1232 470 1439 502 Bet-engai'ium
1462 470 1495 495 de
1517 469 1619 499 Gravn,
1642 470 1830 495 camerarium
1856 470 2038 500 monasterii;
2064 470 2107 495 eis
2125 468 2240 495 mandat

1231 518 1369 552 quatinus
1394 526 1500 544 {nunus
1530 517 1741 543 benedictionis
1768 516 1942 550 Berengario
1969 517 2095 551 impendi
2124 518 2239 543 saciant.

1235 565 1413 598 1111111211.
1436 566 1505 598 tlTV,
1523 574 1590 591 aun.
1607 564 1644 598 ΙΙ,
1662 573 1687 591 c.
1710 565 1779 596 1:35.)

1277 707 1288 721 11
1310 717 1342 728 ..,
1360 695 1493 732 episcopo
1513 693 1694 730 Ayatlzenszg
1713 698 1738 720 et
1811 693 1911 720 abbati
1932 693 2003 721 I'ille
2020 694 2113 730 Lauyc
2131 694 2243 722 Cister-

1236 749 1340 778 stensis
1355 748 1486 779 ordinis,
1513 746 1760 776 Carcassonensis
1781 745 1916 773 dioensis.
1942 745 2038 774 Lecta
2057 754 2166 774 coram
2183 754 2242 774 no-

1235 802 1287 832 bis
1304 801 1497 830 dilectorum
1516 799 1658 828 filiorum
1676 803 1858 827 conventus
1875 798 2069 827 monasterii
2084 799 2242 827 Grassen-

1237 856 1299 889 515,
1320 852 1597 885 Carcassonensis
1616 851 1775 885 diocesis,
1798 851 1837 879 ad
1856 852 2038 880 Romanam
2062 851 2243 881 Ecclesiam

1237 913 1272 938 ut
1289 907 1410 936 dicitur
1427 906 1517 935 1111110
1536 905 1643 934 11101110
1662 904 1876 942 pertinentis.v
1902 903 2016 941 petitio
2040 903 2242 938 continebat,

1238 960 1325 999 quod
1342 968 1400 989 nos
1421 958 1500 988 olim
1521 956 1769 987 venerabilibus
1790 956 1951 985 fratribus
1972 956 2094 985 nostris
2114 979 2145 990 ..‚
2164 956 2245 986 Car-

1238 1012 1432 1043 cassonensi
1449 1015 1479 1041 et
1497 1034 1530 1046 ..,
1550 1009 1734 1039 Biterrensi
1751 1009 1925 1047 episcopis,
1945 1013 1975 1038 et
1991 1008 2110 1037 dilecto
2129 1008 2194 1038 tilio
2211 1031 2243 1043 ..,

1239 1066 1349 1096 abbati
1370 1064 1608 1101 Vallismagne,
1627 1062 1856 1093 Cistcrtiensis
1881 1061 2019 1095 ordinis,
2044 1061 2246 1099 Agathensis

1239 1118 1396 1151 diocesis,
1422 1117 1544 1146 nostris
1569 1116 1629 1145 sub
1651 1120 1739 1145 certa
1764 1116 1869 1144 [orma
1892 1114 2042 1144 dedimus
2065 1114 2186 1144 litteris
2211 1115 2245 1143 in

1240 1171 1420 1205 mandatis,
1446 1174 1492 1204 ut,
1512 1169 1680 1198 Bernardo
1702 1168 1866 1206 111111111111111
1884 1167 2000 1196 abbate
2020 1167 2158 1205 predicti
2177 1176 2246 1197 mo-

1240 1224 1380 1254 nasterii
1407 1223 1604 1260 recipientes
1629 1221 1700 1250 vice
1732 1225 1841 1250 nostra
1872 1220 1909 1249 110
1936 1220 2066 1249 abbatia
2099 1220 2247 1258 ejusdem

1242 1277 1435 1308 monasterii
1462 1275 1600 1305 liberam
1626 1275 1827 1308 cessionem,
1859 1274 2072 1312 injungerent
2102 1273 2247 1311 predicto

1241 1330 1430 1364 conventui,
1449 1334 1483 1358 ut
1504 1329 1592 1357 int'ra
1611 1327 1801 1366 quindecim
1820 1327 1889 1355 [lies
1908 1331 1977 1364 post
1995 1327 2178 1355 cessionem
2198 1327 2247 1364 ip-

1243 1385 1312 1414 sius
1327 1385 1378 1414 ss.,
1396 1383 1434 1412 (le
1448 1382 1616 1411 voluntate
1631 1385 1661 1410 01
1674 1388 1811 1410 assensu
1826 1380 2005 1409 eorundem
2020 1380 2248 1416 episcoporum

1243 1442 1273 1467 et
1292 1436 1421 1466 abbatis
1445 1435 1685 1471 Vallismagne⁷
1711 1433 1872 1470 elegerint
1893 1432 1957 1461 sibi
1982 1441 2156 1470 personam
2178 1432 2248 1461 ido-

1244 1500 1339 1520 neam
1356 1490 1390 1518 in
1408 1488 1569 1518 abbatem.
1587 1487 1747 1525 Alioquin
1767 1490 1885 1515 extunc
1902 1485 2041 1523 predicti
2060 1485 2204 1522 episcopi
2219 1489 2250 1514 et

1245 1544 1346 1574 abbas
1362 1542 1588 1578 Vallismagne
1612 1540 1661 1570 vel
1688 1540 1750 1569 duo
1773 1549 1809 1569 ex
1834 1539 1881 1568 eis
1903 1539 2073 1568 studerent
2095 1538 2158 1575 ipsi
2180 1546 2250 1566 1110-

1245 1596 1391 1626 nasterio
1410 1595 1447 1624 de
1464 1602 1605 1632 persona
1622 1593 1739 1622 idonea
1763 1592 1950 1630 providere,
1975 1591 2141 1629 iidemque
2162 1591 2250 1628 epis-

1245 1649 1317 1687 copi
1334 1649 1363 1678 ei
1380 1656 1501 1677 munus
1518 1645 1761 1675 benedictionis
1778 1644 2005 1682 impenderent
2023 1647 2051 1672 et
2070 1652 2087 1672 a
2107 1642 2250 1672 subditis

1245 1703 1352 1740 ipsius
1369 1700 1562 1730 monasterii
1579 1700 1725 1728 facerent
1742 1697 1963 1727 obedientiam
1982 1701 2010 1726 et
2032 1695 2252 1726 reverentiam

1245 1756 1390 1786 debitam
1407 1753 1568 1784 exbiberi.
1587 1752 1853 1783 Contrznlictorcs
1871 1756 1930 1779 etc.

1289 1822 1300 1835 »
1323 1807 1495 1838 Memorati
1514 1807 1626 1844 itaque
1648 1805 1792 1842 episcopi
1815 1809 1842 1833 et
1865 1804 1966 1832 abbas
1987 1803 2213 1839 Yallismagne
2235 1811 2253 1831 a

1243 1863 1400 1903 jamdicto
1430 1862 1481 1895 13„
1509 1859 1672 1898 (11111111111111
1703 1858 1819 1887 abbate
1847 1857 1951 1895 ipsius
1972 1856 2183 1885 monasterii.
2214 1855 2252 1885 de

1247 1916 1379 1947 abbatia
1409 1913 1557 1953 ejusdem
1592 1911 1817 1949 resignatione
1850 1914 1999 1947 recepta,
2037 1910 2253 1948 injunxerunt.

1247 1968 1443 1999 auctoritate
1479 1966 1665 1995 litterarum
1701 1963 1891 2002 hujusmodi
1926 1962 2102 1991 conventui
2137 1970 2253 1999 supra-

1247 2023 1351 2056 dicto,
1371 2025 1405 2050 ut
1422 2024 1539 2049 extunc
1557 2017 1747 2056 quindecim
1764 2015 1892 2045 dierum
1912 2015 2059 2053 spacium
2077 2014 2115 2043 de
2137 2014 2254 2043 abbate

1248 2076 1377 2115 ydoneo
1401 2073 1465 2111 ipsi
1491 2070 1693 2100 monasterio
1719 2069 1876 2099 canonice
1901 2068 2124 2106 providerent.
2150 2066 2254 2096 Iidem

1249 2138 1326 2159 vero
1355 2129 1549 2159 conventus,
1579 2124 1617 2153 (le
1656 2122 1823 2151 voluntate
1860 2126 1890 2150 et
1925 2120 2061 2149 licentia
2094 2119 2258 2148 dictorum

1250 2182 1478 2220 episcoporum
1509 2181 1539 2207 ct
1574 2175 1703 2205 abbatis
1738 2174 1985 2211 Vallismagne,
2022 2173 2056 2201 in
2091 2172 2256 2210 prefatum

1250 2236 1288 2265 R.
1308 2233 1473 2272 quondam
1492 2230 1643 2260 abbatem
1664 2232 1695 2257 et
1718 2228 1754 2257 G.
1778 2227 1816 2256 de
1839 2227 1976 2256 Navano
1997 2224 2204 2255 Rundaczari
2228 2228 2259 2253 et

1252 2287 1408 2318 Pontium
1435 2284 1472 2314 de
1502 2281 1650 2313 Massilia
1677 2279 1888 2310 claustralem
1912 2278 2055 2317 priorem
2079 2276 2259 2307 monachos

1251 2341 1358 2379 ipsius
1374 2336 1580 2370 monasterii,
1607 2333 1849 2364 transtulerunt
1867 2331 2070 2361 unanimiter
2092 2334 2166 2359 vota
2187 2338 2257 2364 sua,

1253 2393 1470 2424 concedentes
1492 2389 1616 2419 eisdem
1643 2387 1748 2416 tribus
1772 2385 1916 2423 eligendi
1945 2383 2097 2413 abbatem
2121 2382 2260 2411 liberam

1253 2449 1465 2486 potestatem⁷
1491 2451 1527 2471 ae
1554 2440 1784 2479 promittentes
1811 2437 1906 2466 illum
1931 2437 1965 2465 in
1996 2436 2148 2465 abbatem
2176 2434 2261 2465 reci-

1253 2508 1341 2538 pere,
1360 2505 1457 2536 quem
1474 2495 1537 2533 ipsi
1556 2499 1621 2523 tres
1639 2492 1688 2522 vel
1706 2492 1769 2521 duo
1786 2500 1823 2520 ex
1840 2490 1923 2528 ipsis
1941 2488 2146 2519 concorditer
2162 2487 2262 2517 ‹luce-

1253 2556 1327 2582 rent-
1350 2549 1549 2587 eligei‘idum.
1576 2547 1725 2584 Cumque
1745 2545 1808 2582 ipsi
1829 2543 1941 2581 plures
1958 2542 1998 2571 ad
2016 2541 2165 2578 regimen
2182 2539 2262 2569 dicti

1254 2602 1450 2635 monasterii
1476 2600 1705 2630 nominassent
1727 2605 1903 2636 personas,
1929 2599 1960 2625 et
1985 2594 2086 2623 iidem
2117 2592 2261 2631 episcopi

1256 2663 1287 2688 et
1314 2656 1415 2687 abbas
1442 2654 1668 2689 Vallismagne
1696 2660 1793 2680 suum
1824 2649 1872 2679 eis
1900 2647 2087 2678 noluissent
2116 2650 2262 2684 prestare

1256 2718 1467 2742 consensum,
1497 2707 1629 2737 denum]
1661 2705 1693 2733 in
1722 2703 1878 2733 dilectum
1904 2701 2009 2730 tilium
2040 2700 2076 2730 G.
2111 2699 2261 2729 abbatem

1257 2763 1370 2795 Sancti
1395 2761 1531 2794 Hilarii‚
1550 2756 1828 2790 Carcassonensis
1850 2755 2008 2788 diocesis,
2027 2752 2262 2783 couvenientes

1256 2818 1291 2847 in
1312 2825 1425 2851 unum,
1445 2811 1707 2844 assentientibus
1729 2810 1768 2839 ad
1793 2809 1826 2838 id
1849 2813 1879 2838 et
1902 2806 2089 2837 volentibus
2106 2803 2264 2843 predictis

1257 2869 1420 2908 episcopis
1433 2871 1464 2897 et
1475 2867 1591 2896 abbate
1600 2864 1838 2900 Vallisinagne,
1853 2861 1887 2890 in
1901 2869 2014 2890 eorum
2027 2858 2177 2888 abbatem
2190 2865 2264 2886 con-

1258 2923 1400 2953 corditer
1416 2920 1634 2960 postularunt.
1658 2917 1721 2947 Sed
1738 2916 1816 2955 quia
1832 2915 1939 2944 dictus
1957 2914 2012 2947 (1.,
2032 2912 2132 2941 abbas
2152 2910 2265 2940 Sancti
