2498 3325
239 249 290 279 186
959 244 1199 276 REGISTRES
1221 243 1528 275 D'ALEXANDRE
1551 246 1607 275 IV.

233 315 367 352 Halleya,
382 314 584 343 Norwicensis
599 313 734 342 diocesis.
750 312 821 343 Etsi
834 316 966 351 propter
979 311 1178 341 ambitiones
1189 327 1238 339 —.
1280 311 1284 327 ²

234 367 276 396 Ut
292 366 327 395 in
345 365 411 395 alia
426 374 532 404 usque
548 365 583 394 in
600 364 676 395 fine.
696 376 709 392 »

268 612 385 639 Modum
416 621 572 647 processus
603 613 747 647 generalis
771 613 888 647 capituli
913 612 1023 639 ordinis
1046 611 1242 638 Can-tusiensis

233 663 358 689 restituit
374 663 400 688 in
419 663 574 696 integrum.
591 662 674 694 (Rau.
692 662 737 694 rii,
754 670 780 689 c.
797 661 859 693 504,
877 662 896 690 f.
913 662 983 695 73v.)

789 550 915 585 Anagni,
936 550 966 577 15
978 550 1074 585 Juillet
1091 549 1169 576 1255.

274 776 286 790 ι(
316 786 349 797 ..,
380 763 504 792 sacriste
538 763 746 800 Luydunensi.
772 762 892 793 Dilecti
916 762 982 798 fili,
1013 762 1242 793 universitatis

232 815 377 854 priorum
408 815 535 844 ordinis
565 815 793 846 Cartusiensis
827 815 943 854 petitio
970 815 1066 846 nohis
1094 815 1243 850 exhibita

232 868 432 902 continebat,
449 868 546 906 quod,
563 878 636 897 cum
653 868 732 898 olim
750 869 837 898 circav
854 868 984 898 modum
1003 878 1177 907 processus
1191 877 1243 907 ge-

233 920 356 950 neralis
373 920 508 959 capituli
526 921 604 950 dicti
622 921 761 951 ordinis.
780 921 920 960 quedam
940 921 978 951 de
995 921 1131 960 speciali
1148 930 1242 951 man-

232 973 306 1002 dato
322 977 352 1002 et
372 973 566 1002 auctoritate
590 973 698 1003 felicis
715 974 955 1004 recordationis
971 983 1052 1012 pape
1069 974 1242 1012 predeces-

232 1025 316 1056 soris
334 1025 438 1055 nostri
459 1026 623 1055 ordinatio
639 1027 726 1056 facta
740 1027 859 1062 fuerit,
878 1035 941 1065 que
962 1027 1170 1065 postmodum
1185 1036 1243 1065 per

233 1078 497 1116 predecessorem
515 1078 656 1108 eundem
673 1088 709 1109 ae
731 1079 862 1109 demum
882 1089 939 1117 per
962 1088 1021 1109 nos
1038 1079 1146 1109 extitit
1164 1088 1242 1109 con-

233 1130 380 1165 firmata;
413 1130 543 1160 tandem
567 1140 665 1169 super
691 1131 899 1161 ordinatione
925 1132 997 1170 ipsa
1024 1132 1112 1162 inter
1137 1132 1241 1162 relictos

232 1183 358 1221 priores
375 1192 411 1212 ex
430 1188 522 1221 parte
543 1193 609 1212 nna
625 1188 656 1214 et
675 1207 706 1219 ..,
725 1185 869 1222 priorem
893 1189 924 1214 et
947 1189 1145 1215 conventum
1161 1185 1242 1216 Car-

232 1237 398 1267 tusienses
417 1246 454 1266 ex
472 1237 575 1266 altera
592 1242 780 1275 emergente
792 1238 932 1268 materia
946 1238 1074 1276 quavis,
1090 1248 1241 1277 procura-

232 1293 281 1318 tor
297 1289 458 1318 dictorum
476 1289 622 1326 priorum
639 1289 812 1319 occasione
829 1290 934 1327 ipsius
949 1299 1046 1320 cause
1064 1290 1103 1319 ad
1124 1291 1241 1321 Sedem

232 1340 444 1379 apostolicam
461 1341 657 1376 destinatus.r
676 1341 856 1371 limitatum
873 1342 913 1371 ab
931 1342 978 1372 eis
992 1342 1094 1373 babes
1109 1343 1242 1373 manda-

233 1398 316 1429 tum,
336 1393 513 1432 quamdam
529 1403 602 1423 cum
618 1394 727 1431 priore
745 1398 775 1424 et
792 1399 958 1424 conventu
978 1395 1135 1433 predictis
1152 1404 1241 1426 00111-

232 1446 428 1484 positionem
449 1446 511 1485 (sie)
532 1446 735 1477 ordinationi
751 1448 877 1485 prefate
895 1447 1106 1485 derogantem
1124 1458 1241 1487 quam-

232 1499 410 1537 plurimum
425 1499 459 1528 in
475 1508 572 1537 grave
591 1499 670 1529 dicti
688 1500 853 1537 generalis
871 1500 1008 1538 capituli
1024 1501 1240 1539 prejuditium

232 1556 261 1581 et
275 1551 422 1590 ejusdem
436 1551 563 1581 ordinis
577 1552 788 1582 observantie
803 1552 1014 1591 dispendium
1033 1557 1063 1582 et
1080 1553 1240 1583 lesionem

232 1605 379 1634 enormia
396 1604 488 1640 iniit,
508 1614 606 1642 super
624 1614 689 1643 quo
709 1610 901 1643 procurator
916 1605 1004 1635 idem
1021 1614 1057 1635 ex
1077 1606 1106 1635 vi
1123 1615 1241 1644 procu-

232 1658 370 1687 rationis
384 1657 490 1695 ipsius
506 1662 701 1696 potestatem
721 1658 867 1697 aliquam
884 1668 948 1688 non
965 1659 1119 1689 habebat.
1132 1660 1240 1695 Quare

232 1720 288 1749 pro
311 1714 402 1748 parte
426 1711 655 1741 universitatis
681 1711 843 1741 dictorum
869 1712 1031 1749 priorum,
1057 1712 1119 1741 suit
1146 1712 1240 1742 nobis

232 1762 403 1793 humiliter
430 1763 662 1801 supplicatum,
689 1768 725 1793 ut
749 1764 797 1793 eis
823 1774 921 1802 super
944 1764 1004 1794 boc
1027 1764 1241 1801 dignaremur

232 1824 289 1853 per
304 1815 502 1845 beneficium
519 1816 742 1846 restitutionis
761 1817 795 1845 in
813 1817 979 1855 integrum
995 1822 1131 1855 paterna
1149 1818 1241 1848 solli-

232 1868 379 1897 citudine
402 1869 597 1904 subvenire,
619 1878 810 1909 verumque·
827 1870 922 1900 nobis
946 1880 1011 1900 non
1035 1871 1183 1901 constitit
1202 1872 1241 1901 de

232 1922 415 1959 premissis,
431 1922 627 1952 mandamus
642 1923 811 1960 quatinus,
831 1924 956 1953 vocatis
970 1928 1031 1953 etc.
1045 1934 1149 1963 usque
1167 1935 1172 1953 :
1187 1924 1240 1953 ob-

232 1974 367 2003 servari.
387 1975 501 2004 Testes
520 1979 630 2004 autem
653 1979 714 2005 etc.
735 1976 807 2005 Dat.
828 1976 1000 2014 Anagnie,
1023 1977 1134 2007 idibus
1150 1977 1238 2016 julii,

231 2035 317 2056 anno
335 2027 450 2064 primo.
471 2039 484 2053 »

303 2211 392 2240 (3¹2

267 2272 411 2307 Episcopo
426 2273 594 2300 liexoviensi
611 2274 745 2308 declarat,
758 2274 834 2309 quod
849 2275 997 2302 Romanus
1010 2276 1146 2310 pontifex,
1161 2286 1240 2304 man-

232 2321 303 2347 dans
324 2322 408 2347 alicui
429 2322 532 2348 elerico
554 2322 588 2348 de
609 2322 748 2349 beneficio
769 2323 892 2357 alicujus
913 2325 1099 2351 ecelesiarum
1116 2326 1240 2360 alicujus

792 2213 917 2248 Anagni,
934 2213 965 2239 ’14
982 2214 1074 2248 juillet
1092 2215 1168 2242 1255.

232 2370 357 2396 civitatis
379 2371 420 2395 vol
443 2371 567 2397 diocesis
589 2371 746 2405 provideri,
765 2372 798 2397 ad
816 2373 1006 2399 cathedralem
1028 2375 1178 2401 ecclesiam
1200 2375 1239 2401 in-

233 2419 389 2444 tentionem
412 2428 493 2445 suam
512 2428 565 2445 non
583 2420 719 2445 extendit.
741 2420 822 2452 (Rea.
840 2421 883 2451 Ἡ,
901 2430 925 2447 c.
944 2422 1005 2452 505,
1023 2423 1040 2448 f.
1059 2423 1127 2455 73v.)

275 2532 286 2545 (ι
309 2542 340 2553 ..,
364 2521 498 2557 episcopo
517 2520 702 2549 Lea-ostensi.
728 2521 942 2551 Fratri-nitati
961 2527 1015 2552 tue
1035 2525 1241 2561 presentium

235 2575 345 2601 tenore
362 2571 516 2601 duximus
532 2571 778 2609 declarandum,
792 2574 890 2612 quod,
908 2584 981 2604 cum
994 2584 1150 2607 romanus
1164 2586 1241 2615 pon-

234 2625 311 2654 tifex
326 2624 460 2653 mandat
481 2623 581 2653 alicui
598 2624 717 2655 clerieo
739 2626 777 2655 de
798 2628 995 2665 competenti
1017 2628 1242 2660 eeclesiastico

233 2677 394 2707 beneficio
410 2676 602 2715 prebendali
622 2678 672 2707 vel
692 2678 756 2707 alio
773 2678 806 2708 in
825 2679 937 2717 aliqua
953 2680 1168 2711 ecclesiarum
1186 2682 1242 2712 ali-

233 2731 327 2769 cujiis
352 2730 497 2759 civitatis
517 2729 568 2759 vel
592 2730 733 2761 diocesis
754 2732 930 2771 provideri⁷
957 2734 997 2762 ad
1020 2734 1242 2765 cathedralem

233 2782 406 2812 ecclesiam
423 2782 461 2811 de
479 2792 543 2820 qua
561 2792 754 2820 expressum
776 2793 840 2814 non
859 2785 960 2815 suerit
981 2795 1015 2815 se
1038 2787 1242 2818 mandatoris

233 2835 374 2865 intentio
393 2843 457 2863 non
471 2834 628 2865 extendit.
645 2837 717 2865 Dat.
736 2837 899 2873 Α4111ιὲ11110,
918 2839 949 2867 ΙΙ
964 2838 1038 2868 idus
1051 2839 1139 2877 julii⁷
1155 2849 1242 2870 anno

233 2888 350 2925 primo.
371 2899 383 2913 η

1279 331 1284 396 ἰ

1395 310 1486 339 813
1884 311 2009 346 Anagni,
2029 311 2058 338 14
2071 311 2167 346 juillet
2183 311 2261 339 1255.

1360 370 1513 398 Rectorem
1522 373 1773 408 infrascriptumin
1783 381 1869 400 suum
1885 373 1986 408 recipit
1998 371 2330 408 capetianumffRzoei.

1323 428 1348 446 c.
1367 420 1428 454 506,
1445 421 1465 448 r.
1482 420 1551 454 73¹.)

1366 534 1379 548 α
1397 523 1541 559 Magistro
1555 523 1686 552 Henrico
1701 524 1736 553 de
1747 523 1892 558 Summa,
1913 524 2070 562 capellano
2086 529 2204 559 nostro,
2223 524 2335 553 rectori

1323 575 1442 604 ecclesie
1454 576 1555 604 sancti
1566 576 1718 605 Johannis
1731 576 1764 605 de
1777 576 1937 611 Berewike,
1952 577 2186 606 Saresbiriensis
2197 576 2332 606 diocesis.

1323 626 1542 657 Attendentes
1558 631 1613 658 tue
1629 628 1748 658 merita
1763 628 1938 667 probitatis
1955 633 1986 659 et
2002 638 2060 667 per
2072 628 2133 659 hoe
2144 628 2292 660 volentes
2303 632 2334 659 te

1323 679 1480 718 prosequi
1492 681 1700 718 prerogativa
1714 681 1839 711 favoris
1856 685 1887 711 et
1903 681 2008 719 gratie
2020 681 2187 720 specialis,
2202 689 2335 720 presen-

1324 731 1409 761 tium
1424 736 1537 762 tenore
1554 733 1588 762 in
1605 737 1756 763 nostrum
1768 733 1954 772 recepimus
1967 733 2186 772 capellanum,
2201 733 2262 764 has
2272 733 2335 764 tibi

1325 794 1424 823 super
1450 785 1512 815 hoc
1532 785 1662 816 litteras
1685 786 1720 816 in
1743 786 1973 817 testimonium
1999 787 2229 818 concedentes.
2259 787 2331 818 Dat.

1325 838 1488 876 Anagnie,
1507 839 1539 869 II
1555 838 1630 869 idus
1642 839 1731 878 julii,
1753 848 1840 870 anno
1852 840 1971 878 primo.
1991 852 2004 867 n

1360 943 1392 970 In
1410 951 1435 970 e.
1453 952 1491 970 m.
1509 952 1560 979 pro
1580 943 1719 979 Magistro
1738 944 1865 972 Johanni
1885 945 1921 972 de
1942 945 2086 979 But-tone,
2103 946 2250 982 capellano
2266 953 2336 974 nos·

1323 995 1378 1025 tro,
1395 992 1497 1019 rectori
1513 993 1635 1020 ecclesie
1651 993 1686 1020 dc
1699 992 1889 1028 Hakeburne,
1906 993 2132 1022 Saresbiriensis
2147 994 2286 1022 diocesis.

1396 1159 1486 1189 614
1896 1161 2022 1195 Magni,
2038 1162 2053 1189 3
2070 1161 2166 1196 Juillet
2184 1161 2260 1189 1255.

1359 1221 1502 1257 Episcopo
1519 1221 1651 1248 Maltensi
1667 1222 1792 1253 mandat,
1809 1222 1957 1257 quatinus,
1971 1226 2066 1249 amoto
2080 1222 2210 1250 Mattiaeo
2225 1222 2260 1250 de
2277 1221 2329 1249 Pa-

1324 1278 1439 1301 normo,
1457 1270 1640 1305 Syracusano
1657 1271 1806 1301 canonico,
1823 1270 1967 1298 Frederiei
1984 1272 2104 1302 fautore,
2122 1272 2151 1298 in
2167 1271 2333 1306 possessio-

1324 1327 1388 1346 nem
1406 1319 1585 1354 praebendae
1599 1318 1762 1345 «Iohannem
1777 1319 1886 1346 dietum
1903 1318 2026 1346 Saccum
2042 1319 2168 1347 inducat.
2186 1320 2268 1354 (Rzu.
2285 1320 2330 1352 2⁴,

1324 1376 1349 1394 c.
1366 1367 1427 1398 507,
1446 1368 1464 1394 s.
1482 1367 1550 1400 73¹¹.)

1366 1481 1379 1496 (ι
1397 1493 1432 1505 ..,
1448 1471 1581 1507 episcopo
1603 1470 1753 1498 Maltensi.
1777 1469 1859 1500 Cum
1883 1469 2023 1500 dilectus
2047 1470 2153 1506 filius,
2175 1470 2335 1508 Magister

1322 1522 1494 1553 Johannes
1511 1524 1627 1560 spata,
1647 1521 1870 1552 subdiaconus
1888 1526 1919 1552 et
1940 1522 2132 1560 capellanus
2153 1526 2276 1558 noster,
2293 1522 2332 1553 de

1324 1575 1461 1613 speciali
1478 1575 1632 1604 mandato
1651 1578 1681 1604 et
1698 1575 1892 1605 auctoritate
1916 1575 2025 1605 felicis
2044 1575 2286 1605 recordationis
2303 1575 2331 1605 Ι.

1324 1637 1405 1667 pape
1421 1627 1665 1666 predecessoris
1683 1627 1804 1663 nostri,
1825 1628 1961 1666 privans
1977 1627 2222 1658 sententialiter
2237 1635 2334 1666 para-

1323 1686 1393 1711 tum
1406 1681 1579 1717 dignitate,
1592 1680 1771 1718 prebendis
1783 1684 1813 1710 et
1827 1680 2064 1711 ecclesiasticis
2077 1680 2250 1711 beneficiis
2261 1680 2334 1710 uni-

1322 1734 1428 1764 versis
1447 1733 1641 1769 Magistrum
1659 1733 1830 1763 Matheum
1844 1733 1883 1763 de
1901 1734 2075 1768 Panormo⁷
2095 1733 2333 1763 Sir-acusanum

1323 1787 1530 1820 canonicum,
1550 1795 1606 1824 pro
1621 1794 1658 1816 eo
1675 1786 1761 1824 quod
1776 1785 1833 1816 ille
1850 1794 1884 1815 se
1901 1786 2076 1824 indignum
2093 1786 2275 1816 reddiderit
2285 1786 2334 1816 in-

1323 1839 1470 1870 sistendo
1485 1839 1632 1869 servitiis
1644 1838 1810 1876 qnondam
1826 1839 1879 1868 Fr.
1894 1838 1974 1868 olim
1990 1838 2214 1876 imperatoris,
2233 1838 2334 1868 etiam

1322 1896 1394 1931 post
1411 1891 1652 1930 depositionem
1668 1891 1785 1929 ipsius,
1801 1900 1840 1921 ea
1855 1891 1978 1927 omnia,
1993 1892 2107 1922 eadem
2124 1891 2331 1926 auctoritate,

1322 1945 1361 1975 de
1379 1944 1514 1982 speciali
1532 1944 1638 1980 gratia
1655 1948 1685 1974 et
1708 1944 1863 1974 mandato
1881 1944 1988 1982 ipsius
2006 1944 2262 1982 predecessoris,
2281 1944 2332 1974 di-

1321 1997 1405 2028 lecto
1422 1997 1490 2027 filio
1503 1997 1650 2027 Johanni
1664 1997 1751 2026 dicto
1768 1997 1887 2032 Sacco,
1907 1997 2067 2027 canonico
2083 1997 2331 2032 Panormitano,

1323 2051 1473 2080 conferre
1502 2050 1626 2079 curarit
1651 2053 1682 2079 et
1706 2049 1794 2079 idem
1819 2049 2033 2087 predecessor
2058 2049 2122 2079 sibi
2152 2058 2190 2080 ea
2221 2049 2334 2080 omnia

1323 2103 1538 2138 confirmarit,
1554 2111 1679 2141 nosque
1694 2102 1912 2140 postmodnm,
1929 2102 2015 2141 quod
2029 2102 2070 2132 ab
2084 2102 2210 2133 eisdem
2223 2102 2332 2141 capel-

1322 2157 1398 2187 lano
1415 2161 1445 2187 et
1468 2156 1699 2194 predecessore
1722 2156 1847 2185 sactum
1869 2155 1977 2185 extitit
2000 2155 2036 2184 in
2059 2155 2121 2185 hae
2143 2159 2251 2194 parte,
2274 2164 2333 2194 per

1323 2215 1453 2240 nostras
1469 2209 1661 2239 duxerimus
1678 2208 1805 2238 litteras
1824 2208 2104 2244 confirinandum3
2123 2217 2188 2238 non
2201 2207 2332 2238 obstan-

1323 2263 1411 2293 tibus
1431 2262 1599 2301 aliquibus
1616 2261 1860 2295 collationibus,
1879 2260 2188 2290 confirmationibus
2201 2264 2233 2291 et
2246 2259 2332 2291 litte-

1322 2316 1368 2345 ris
1386 2326 1403 2345 a
1420 2315 1502 2345 svde
1521 2313 1700 2353 apostoliea
1717 2313 1769 2343 vel
1785 2313 1903 2351 legatis
1920 2313 2026 2351 ipsius
2045 2313 2106 2343 sub
2123 2321 2332 2352 quacumque

1321 2369 1427 2398 forma
1455 2368 1487 2397 in
1513 2368 1584 2405 ejus
1610 2366 1792 2404 prejudicio
1814 2363 2023 2403 postmodum
2046 2365 2252 2404 impetratis,
2280 2364 2332 2395 vel

1324 2421 1424 2451 etiam
1446 2421 1480 2449 in
1507 2424 1674 2458 posterum
1700 2418 1917 2457 impetrandis
1941 2429 1946 2447 :
1970 2418 2171 2448 fraternitati
2199 2422 2265 2454 tue,
2292 2417 2334 2448 ad

1323 2474 1430 2504 instar
1448 2473 1567 2511 prefati
1581 2472 1824 2511 predecessoris
1840 2481 1933 2510 pape,
1950 2471 2129 2509 apostolica
2143 2470 2226 2501 Sede
2241 2479 2332 2500 man-

1324 2527 1452 2561 damus,
1471 2529 1578 2555 amoto
1594 2525 1665 2563 ipso
1682 2525 1813 2554 Matheo
1830 2528 1860 2554 et
1875 2524 2044 2553 detentore
2057 2522 2332 2562 quolibetillicito

1324 2579 1364 2609 ab
1381 2579 1535 2609 omnibus
1555 2578 1766 2616 supradictis.
1785 2577 1884 2607 etiam
1901 2577 1930 2606 si
1946 2586 2003 2615 per
2017 2577 2070 2606 Fr.
2087 2577 2264 2614 prefatum,
2277 2584 2332 2606 na-

1324 2636 1373 2661 tos
1391 2635 1446 2660 aut
1464 2630 1621 2661 officiales
1641 2640 1699 2660 seu
1717 2631 1864 2659 fautores
1884 2638 1997 2659 eorum
2019 2629 2094 2658 aliis
2117 2632 2194 2659 sunt
2214 2627 2332 2658 collata

1324 2684 1375 2714 vel
1394 2688 1570 2714 teneantur
1585 2684 1731 2722 predicta
1750 2683 1878 2718 onmia,
1896 2686 1949 2712 aut
1969 2690 2082 2711 eorum
2105 2681 2217 2720 aliquo
2235 2689 2332 2711 occu-

1324 2740 1415 2775 pata,
1436 2736 1560 2766 dictum
1583 2736 1770 2767 Jobannem
1793 2735 1845 2766 vel
1870 2738 2116 2774 procuratorem
2141 2742 2239 2764 suum
2259 2733 2331 2772 ejus

1326 2789 1459 2819 nomine
1496 2789 1530 2818 in
1568 2789 1791 2827 predictorum
1824 2787 2068 2827 possessionem
2105 2786 2244 2816 inducas
2279 2785 2331 2817 vel

1324 2842 1437 2871 induci
1459 2842 1562 2871 facias
1586 2841 1790 2880 corporalem
1809 2845 1841 2871 et
1860 2840 1983 2870 tuearis
2004 2839 2187 2874 inductum,
2210 2838 2275 2868 sibi
2291 2838 2330 2868 de

1324 2894 1489 2924 fructibus
1512 2894 1702 2924 eorumdem
1719 2904 1736 2924 a
1755 2899 1899 2933 tempore
1923 2892 2110 2923 collationis
2134 2891 2255 2930 prefati
2275 2900 2330 2921 ca-

2488 887 2498 1215 u—*A-*..A
