2456 3585
261 350 294 379 18
982 346 1222 377 REGISTRES
1243 346 1550 379 D'ALEXANDRE
1574 350 1629 380 IV.

258 415 294 440 sit
313 414 346 440 de
367 414 452 440 latere
476 416 573 439 nostro
594 412 702 439 missus
725 412 874 446 delegatus
895 412 939 438 vel
962 412 1086 439 nuncius
1105 415 1154 439 aut
1176 412 1260 439 etiam

256 462 350 495 quivis
366 464 512 492 executor,
532 469 582 495 pcr
598 460 707 486 litteras
723 461 889 495 impetratas
904 468 938 486 ex
955 460 1061 495 quibus
1079 470 1132 486 non
1149 461 1187 487 sit
1202 461 1262 496 ple-

259 519 325 537 num
345 511 395 544 jus
416 510 500 536 alicui
523 509 695 543 acquisitum
719 510 761 535 vel
783 509 976 543 impetrandas
996 514 1262 544 quantumcumque

255 559 383 585 efficaces
399 566 486 592 snper
504 557 718 592 provisionibus
730 557 889 591 aliquorum
902 558 1070 584 auctoritate
1082 558 1166 585 Sedis
1177 566 1262 593 apos-

255 608 348 639 tolice,
368 607 478 633 valeant
493 606 528 632 de
550 606 762 641 personatibus,
780 606 969 639 dignitatibus
986 607 1028 632 vel
1045 607 1198 641 prebendis
1212 612 1261 635 aut

254 656 317 682 aliis
333 655 539 681 ecclesiasticis
555 655 702 681 beneficiis
717 655 750 681 ad
767 655 946 681 collationem
963 659 1039 681 tuam
1061 656 1260 690 spectantibus

255 704 404 739 providere
419 712 470 730 scu
488 707 515 730 te
530 703 563 729 ad
588 703 793 738 providendum
815 703 850 729 dc
871 704 927 730 biis
949 704 1181 739 quibuscumque
1198 713 1260 740 per-

254 752 334 778 sonis
354 760 477 778 censura
498 752 694 778 ecclesiastica
713 755 841 777 coartare
857 752 966 786 absque
988 753 1105 787 speciali
1129 753 1260 780 mandato

254 800 338 827 Sedis
354 801 484 834 ejusdem
502 801 622 827 faciente
641 820 658 827 ..
675 800 710 826 de
727 801 779 826 bac
791 800 968 835 indulgentia
987 821 1003 827 ..
1021 809 1054 827 00
1072 800 1260 828 Duuelmcnsi

253 850 374 877 eeclesia
392 849 576 876 montionem.
596 859 605 873 n
626 848 709 881 (1100..
730 849 779 879 Ἡ,
795 857 821 874 e.
839 849 882 882 58,
900 849 918 876 f.
935 850 986 882 SV.)

294 970 306 983 (ι
326 958 440 986 Eidem.
460 957 633 987 Devotioni
652 960 704 985 tue
722 966 818 994 quam
834 974 882 984 —.
900 957 974 986 Dat.
989 961 1021 986 ut
1041 966 1151 995 supra.
1172 969 1184 983 ⁷>

321 1156 378 1183 68
796 1154 915 1189 Naides,
933 1155 967 1182 ‘23
980 1156 1092 1190 101111101-
1111 1157 1187 1183 1255.

286 1217 368 1243 Clero
385 1217 539 1250 Fuligiuati
557 1216 682 1243 notificat
699 1217 944 1243 confirmationem
964 1217 1100 1244 Bernardi
1117 1218 1259 1245 archidia-

248 1266 312 1292 coni
331 1265 499 1299 Fuligiuatis
514 1268 544 1292 ut
555 1265 796 1291 administratoris
808 1266 938 1300 ejusdem
951 1266 1100 1293 ecclesiae.
1115 1266 1198 1299 (Rso.
1212 1267 1257 1299 24,

248 1322 273 1340 c.
294 1314 336 1344 59,
355 1314 372 1339 f.
390 1314 440 1346 SV.)

290 1434 301 1446 a
316 1422 399 1449 Claro
409 1422 594 1457 Fult'yinciti.
606 1420 693 1450 Olim
703 1420 786 1450 bone
799 1421 956 1451 memorie
966 1423 1018 1455 R„
1031 1426 1142 1453 sancte
1153 1423 1257 1453 Marie

249 1473 281 1502 111
298 1473 480 1503 Cosmidim
495 1473 653 1503 diaconus
667 1473 857 1508 cardinalis,
874 1478 951 1503 tunc
968 1474 1002 1503 in
1018 1475 1138 1505 vestris
1153 1476 1257 1513 parti-

249 1526 308 1555 bus
325 1526 501 1564 apostolice
519 1526 613 1555 Sedis
630 1526 774 1563 legatus,
794 1526 913 1557 dilecto
931 1527 999 1556 filio
1018 1528 1187 1557 Bel-nardo
1204 1537 1257 1557 ar-

246 1579 440 1608 rhidiarono
457 1578 650 1615 Fuliginati,
669 1579 873 1616 procuratori
888 1579 1088 1617 Fuliginatis
1105 1580 1254 1617 ecclesie,

247 1631 570 1661 :ulininistrationem
581 1631 686 1669 ipsius
698 1632 732 1660 in
746 1632 993 1670 1<21111›c›1·211i}]11s‚
1007 1637 1037 1662 et
1048 1634 1257 1671 postmodum

247 1685 386 1714 dilectus
410 1684 497 1713 lilius
517 1688 628 1713 noster
649 1686 697 1714 P..
717 1685 822 1714 sancti
844 1686 978 1723 Georgii
1001 1686 1041 1715 ad
1060 1686 1180 1716 Velum
1197 1696 1256 1716 011-

247 1746 338 1767 reum
355 1737 513 1766 ‹liat-onus
537 1737 732 1768 cardinalis.
753 1742 828 1767 11111(-
848 1738 969 1767 ibidum
986 1738 1162 1776 legationis
1178 1740 1256 1769 fun-

246 1800 326 1828 gens
353 1791 474 1819 0111010.
507 1790 829 1820 administrationem
855 1791 1002 1829 ejusdem
1028 1791 1166 1821 ecclesie
1192 1792 1256 1831 ipsi

245 1843 478 1872 archidiacono
507 1843 542 1871 in
577 1843 808 1880 spiritualibus
839 1843 971 1881 provide
1005 1844 1254 1874 commiserunt.

245 1896 327 1925 Cum
345 1900 454 1925 autem
472 1904 530 1925 nos
547 1895 653 1933 ipsius
667 1896 705 1924 A.
724 1895 1022 1933 supplicationilssuis
1034 1896 1197 1927 inclinati.
1215 1898 1256 1927 ad

247 1948 351 1977 instar
368 1948 475 1977 [elit-is
492 1948 730 1978 reeordationis
748 1950 773 1978 Ι.
789 1958 870 1986 pape
890 1949 1133 1987 predecessoris
1150 1951 1255 1980 nostri

245 2001 496 2031 commissione-s
520 2001 709 2040 hujusmodi
738 2002 933 2032 auctoritate
959 2003 1136 2040 apostolica
1165 2004 1254 2033 ‹luxi-

245 2064 317 2083 nlus
338 2054 597 2084 confirmandas.
621 2063 657 2083 00
680 2054 920 2084 nichilominus
936 2055 1103 2085 devotioni
1123 2065 1181 2086 sue
1197 2066 1255 2095 per

244 2106 371 2135 lium—as
389 2107 653 2136 eouuniserinnis
670 2106 703 2136 in
721 2107 953 2144 spiritualibus
970 2113 999 2137 et
1017 2109 1254 2146 temporalibus

245 2161 568 2189 administrationem
587 2161 725 2190 ecclesie
742 2166 921 2190 memorate
933 2185 939 2191 .
955 2161 1153 2192 dantessibi
1170 2166 1254 2191 tum-

244 2222 340 2251 quani
369 2213 630 2242 :uiministratori
652 2217 682 2243 01
706 2214 910 2251 procuratori
934 2213 1083 2251 legitimo
1106 2215 1254 2254 ejusdem

244 2265 382 2295 ecclesie
395 2266 428 2294 in
442 2266 616 2304 utriusque
627 2266 836 2304 disponendi7
850 2266 1066 2304 precipiendi‚
1077 2268 1253 2297 ordinandi

242 2328 300 2356 per
316 2329 350 2348 se
367 2318 417 2348 vel
434 2319 536 2348 alium
553 2323 607 2348 aut
630 2319 712 2348 alios
731 2323 761 2348 et
781 2320 1039 2350 contradictores
1057 2321 1085 2350 si
1107 2321 1164 2360 qui
1180 2322 1253 2352 sue-

243 2371 308 2400 rint
331 2371 380 2401 vel
401 2371 542 2401 rebelles
563 2380 620 2409 per
636 2380 810 2401 censuram
832 2372 1091 2403 ecclesiasticam
1108 2374 1253 2412 appella-

243 2424 331 2453 tione
351 2424 532 2461 postposita
555 2424 799 2462 compescendi,
826 2429 923 2462 prout
947 2425 1084 2455 utilitati
1106 2427 1252 2464 predicte

243 2476 381 2505 eceb-sie
407 2476 527 2505 nit—lius
552 2481 582 2506 01
608 2477 725 2506 utilius
749 2477 901 2515 expedire
926 2478 1046 2508 viderit
1067 2479 1252 2517 plenariam

243 2533 448 2566 potestatem.
471 2529 630 2564 Quocirca
648 2530 859 2559 universitati
875 2535 983 2559 vestre
999 2540 1057 2569 per
1073 2532 1252 2570 apostolica

243 2581 365 2618 scripta
396 2581 590 2609 nnuulaunus
620 2582 777 2619 quatinus
808 2582 949 2611 eundem
981 2584 1252 2615 archidiaconum

243 2633 366 2663 bonore
383 2643 527 2669 congruo
550 2639 802 2672 proseipientes,
822 2635 887 2664 sibi
907 2635 1080 2666 humiliter
1095 2641 1125 2666 et
1142 2638 1252 2667 effica-

242 2687 324 2716 citer
340 2687 372 2715 in
393 2686 623 2724 spiritualilms
644 2691 672 2716 et
696 2687 932 2725 temporalibus
953 2689 994 2718 ad
1014 2690 1175 2728 prefatam
1199 2700 1252 2721 ec-

242 2739 378 2769 clesizuu
401 2740 645 2777 pertinentibus
668 2740 860 2769 intendatis.
885 2741 1043 2780 Alioquin
1068 2744 1251 2773 sententias

242 2795 302 2821 010.
316 2801 418 2829 usque
429 2791 608 2820 observari.
623 2793 695 2821 Dat.
710 2792 1066 2830 Neapoli,Xkalendas
1076 2795 1248 2831 februarii,

243 2853 328 2873 anuo
345 2844 461 2882 primo.
482 2856 494 2869 »

278 2956 308 2982 In
326 2965 350 2983 0.
374 2965 423 2989 m„
445 2957 565 2983 consilio
581 2961 608 2982 et
626 2957 729 2991 populo
751 2956 959 2991 1⁴'uliginatibus
977 2967 1068 2993 usque
1084 2960 1248 2988 intendatis.

244 3004 306 3030 bat.
326 3009 354 3030 ut
371 3013 467 3038 supra.

1418 414 1475 442 89
1886 417 2008 453 Naples,
2028 419 2058 446 15
2075 419 2283 453 janvier125'a.

1382 475 1521 504 Eumdem
1553 477 1731 506 Bet-nardum
1767 484 1982 514 procuratorem
2012 481 2152 508 ecclesiae
2184 480 2358 516 Fuliginatis

1345 526 1505 554 confirmat.
1523 526 1604 560 (sti-xo.
1621 527 1666 562 24,
1681 536 1706 554 e.
1725 529 1768 562 60,
1784 529 1804 556 f.
1820 529 1859 562 0.)

1387 653 1400 667 α
1420 642 1592 674 Ber-nardo,
1610 644 1829 673 archidiacono
1844 645 2036 681 Fuliqinati,
2052 646 2251 682 procuratori
2265 645 2358 674 eccle-

1344 695 1386 723 sie
1415 694 1613 732 thliyz'natis.
1647 696 1769 726 Petitio
1803 701 1857 726 tua
1887 696 1983 727 nobis
2013 714 2061 726 —.
2093 698 2166 727 Dat.
2197 696 2355 736 Neapoli,

1345 745 1459 776 XVIII
1475 746 1634 778 kalendas
1650 748 1830 784 februarii,
1849 758 1936 779 anno
1952 749 2070 788 primo.
2091 764 2103 776 n

1418 952 1476 981 ’70
1891 955 1998 990 Naples
2008 978 2014 990 ‚
2031 955 2064 983 28
2077 957 2192 991 janviei·
2207 956 2285 985 ¹255.

1381 1014 1476 1045 Petro,
1493 1016 1637 1050 suppriori
1654 1018 1820 1044 monasterii
1835 1025 1860 1044 s.
1879 1017 2004 1052 Remigii
2020 1017 2189 1050 Remensis.
2206 1020 2256 1053 qui
2271 1027 2358 1047 occa-

1345 1064 1426 1090 sione
1443 1065 1549 1098 negotii
1565 1065 1714 1092 electionis
1728 1066 1840 1093 abbatis
1856 1066 2008 1093 Lobiensis
2023 1067 2051 1093 in
2068 1068 2243 1094 monasterio
2258 1075 2283 1095 s.
2296 1068 2358 1095 Re-

1345 1113 1425 1147 migii
1440 1113 1598 1140 celebratae
1613 1114 1647 1140 ad
1664 1113 1767 1141 Sedem
1784 1115 1969 1149 apostolicam
1988 1115 2151 1142 destinatus
2166 1115 2233 1147 suit.
2249 1124 2356 1144 conoe-

1343 1160 1384 1187 dit
1413 1154 1576 1188 facultatem
1605 1162 1792 1189 contrahendi
1817 1167 1950 1190 mutuum
1978 1167 2094 1198 propter
2119 1164 2174 1190 hoo
2198 1172 2292 1199 usque
2318 1165 2355 1192 ad

1342 1217 1485 1236 summam
1517 1215 1718 1238 sexcentarum
1749 1219 1908 1239 marcarum
1939 1212 2155 1247 sterlingorum.
2186 1212 2274 1246 (Rae.
2303 1213 2353 1244 24,

1342 1267 1368 1286 e.
1385 1259 1444 1290 602,
1462 1259 1480 1286 f.
1498 1259 1535 1293 9.)

1383 1386 1396 1401 «
1417 1376 1519 1409 Petro,
1539 1376 1698 1413 suppriori
1718 1377 1900 1404 monasterii
1917 1377 2018 1405 sancti
2037 1376 2168 1413 Remiyii
2187 1376 2351 1405 Remensis.

1341 1427 1434 1457 Sicut
1450 1427 1484 1456 in
1502 1431 1613 1457 nostra
1628 1428 1830 1466 proposuisti
1846 1428 2015 1466 presentia
2030 1428 2243 1463 constitutus,
2262 1437 2354 1459 ocea-

1341 1480 1434 1510 sione
1463 1480 1592 1517 negocii
1615 1480 1787 1510 electionis
1812 1481 1850 1510 de
1873 1480 1993 1511 dilecto
2013 1480 2082 1510 filio
2100 1504 2133 1515 ..‚
2151 1481 2270 1511 abbate
2289 1481 2353 1512 Lo-

1340 1533 1461 1567 biensi‚
1478 1532 1692 1572 celebratein
1708 1533 1911 1563 monasterio
1927 1534 2033 1563 sancti
2052 1533 2198 1572 Remigii
2212 1535 2354 1564 Remen-

1341 1585 1399 1620 sis,
1429 1594 1488 1624 pro
1515 1594 1579 1624 quo
1612 1590 1645 1615 tu
1676 1589 1707 1615 et
1734 1586 1901 1624 quondam
1929 1585 2003 1616 Gilo
2033 1586 2216 1617 monachus
2244 1586 2353 1625 ipsius

1341 1638 1536 1668 monasterii
1563 1638 1677 1668 fuistis
1709 1639 1751 1668 ad
1782 1638 1901 1669 Sedem
1931 1639 2146 1678 apostoticam
2174 1639 2351 1676 destinati,

1340 1690 1444 1721 multa
1459 1695 1490 1721 te
1506 1691 1650 1729 oportuit
1667 1691 1779 1721 subire
1793 1700 1895 1721 onera
1909 1700 2140 1730 expensarum.
2155 1692 2224 1723 Nos
2239 1691 2353 1732 itaque

1340 1743 1557 1774 contrahendi
1578 1748 1731 1774 mutuum
1754 1748 1887 1783 propter
1911 1744 1972 1774 hoc
1995 1753 2101 1783 usque
2124 1744 2164 1774 ad
2188 1753 2354 1775 summam

1340 1801 1571 1827 sexcentarum
1587 1806 1773 1826 marcarum
1792 1796 2029 1835 sterlingorum
2049 1801 2079 1827 et
2095 1796 2265 1835 obligandi
2280 1806 2353 1828 cre-

1339 1849 1552 1883 dit01·il]us..,
1572 1848 1741 1878 abbatem.
1769 1849 1911 1887 priorem
1935 1854 1965 1879 et
1991 1854 2190 1879 conventum
2215 1853 2247 1880 et
2264 1849 2353 1880 bona

1338 1901 1475 1930 mobilia
1505 1905 1535 1930 et
1564 1901 1748 1930 immobilia
1779 1901 1927 1939 ejusdem
1956 1901 2151 1931 monasterii
2177 1910 2284 1940 usque
2311 1901 2353 1932 ad

1339 1963 1503 1984 summam
1527 1954 1718 1993 hujusmodi
1748 1958 1779 1984 et
1806 1954 2027 1984 renunciandi
2053 1954 2285 1985 constitutioni
2311 1955 2352 1986 de

1338 2007 1466 2037 duabus
1491 2007 1589 2037 dietis
1613 2007 1719 2037 edicta
1743 2007 1777 2036 in
1801 2007 1942 2037 concilio
1961 2007 2109 2043 generali
2129 2016 2167 2037 ac
2187 2007 2351 2038 beneficio

1306 2088 1308 2090 ,
1336 2059 1561 2089 restitutionis
1578 2059 1612 2088 in
1629 2059 1796 2095 integrum
1816 2068 1943 2089 necnon
1960 2059 2171 2089 conventioni
2185 2059 2348 2099 judicum,

1338 2111 1367 2141 si
1383 2111 1517 2141 nomine
1540 2112 1741 2141 creditorum
1758 2112 1907 2150 ipsorum
1932 2111 2129 2149 apostolicas
2145 2111 2274 2142 litteras
2291 2120 2350 2142 cu-

1334 2164 1533 2203 juscumque
1556 2165 1681 2194 tenoris
1706 2174 1805 2202 super
1826 2164 1888 2194 hoc
1915 2164 2093 2202 contigerit
2116 2164 2288 2203 impetrari
2312 2173 2350 2195 ac

1338 2217 1492 2248 omnibus
1512 2217 1634 2247 litteris
1656 2221 1686 2247 et
1709 2217 1929 2255 indulgentiis
1952 2217 1992 2247 ab
2013 2217 2129 2247 eadem
2150 2217 2234 2248 Sede
2250 2225 2350 2256 super

1337 2269 1398 2300 hoc
1419 2270 1648 2308 impetrandis,
1673 2270 1805 2309 plenam
1830 2270 1892 2300 tibi
1917 2270 2129 2300 concedimus
2152 2269 2349 2301 auctoritate

1336 2323 1542 2361 presentium
1562 2323 1766 2353 facultatem.
1784 2324 1834 2353 Ita
1851 2323 1937 2362 quod
1952 2322 2055 2353 iidem
2075 2322 2193 2357 abhas,
2210 2322 2301 2361 prior
2317 2326 2349 2353 et

1337 2380 1519 2405 conventus
1533 2385 1569 2406 ac
1586 2376 1709 2406 dictum
1726 2376 1966 2406 monasterium
1982 2379 2158 2406 teneantur
2173 2374 2348 2406 creditori-

1336 2428 1397 2457 bus
1420 2429 1503 2466 ipsis
1525 2429 1565 2457 ad
1584 2429 1764 2466 predictam
1784 2428 1959 2467 pecuniam
1980 2427 2231 2466 persolvendam
2255 2432 2287 2458 et
2307 2427 2349 2458 ad

1336 2490 1454 2518 penam
1471 2490 1570 2519 snper
1585 2481 1645 2511 1100
1662 2481 1889 2519 apponendam
1906 2490 1942 2510 00
1957 2480 2114 2518 dampna,
2135 2488 2296 2519 expensas
2313 2482 2348 2510 et

1336 2533 1498 2563 interesse
1515 2534 1543 2563 si
1559 2534 1593 2563 in
1611 2534 1752 2564 termino
1775 2544 1791 2563 a
1814 2538 1843 2563 te
1861 2533 2036 2563 statuendo
2059 2533 2185 2563 eisdem
2205 2532 2348 2563 credito-

1336 2586 1428 2615 ribus
1460 2587 1637 2624 pecuniam
1668 2596 1733 2616 non
1763 2586 1922 2616 solverint
1952 2590 2186 2620 memoratam,
2217 2584 2348 2615 sublata

1336 2639 1433 2669 dictis
1449 2640 1669 2670 creditoribus
1688 2640 1835 2679 qualibet
1858 2639 2057 2670 necessitate
2079 2638 2240 2678 probandi
2260 2637 2348 2678 quod

1334 2692 1462 2730 prefata
1479 2693 1620 2730 pecunia
1635 2693 1670 2722 in
1686 2693 1866 2723 utilitatem
1888 2693 1966 2722 dieti
1990 2691 2184 2722 monasterii
2203 2691 2246 2722 sit,
2268 2699 2347 2721 con-

1335 2753 1446 2779 versa,
1479 2749 1629 2782 pretextu
1659 2745 1800 2784 alicujus
1827 2745 2077 2775 constitutionis
2109 2744 2266 2775 canonice
2294 2743 2347 2774 vel

1335 2796 1455 2832 civilis,
1468 2797 1636 2835 privilegii
1652 2808 1781 2837 quoquc
1797 2798 1847 2827 vel
1862 2798 2068 2835 indulgentie
2085 2806 2144 2827 seu
2159 2796 2347 2826 litterarum

1335 2849 1587 2887 impetraturum
1609 2851 1659 2880 vel
1683 2851 1781 2880 etiam
1806 2851 2089 2888 impetrandorum
2106 2858 2124 2879 a
2139 2849 2227 2879 dieta
2243 2848 2344 2884 Sede,

1335 2902 1373 2931 (10
1395 2903 1515 2941 quibus
1532 2903 1566 2932 in
1583 2904 1794 2941 presentibus
1816 2904 1947 2942 pli-nani
1969 2908 1999 2933 et
2022 2910 2211 2942 expressam
2232 2906 2288 2932 aut
2306 2901 2346 2932 de

1334 2955 1433 2983 verbo
1450 2955 1490 2984 ad
1507 2956 1642 2985 verbum
1659 2961 1805 2995 oporteat
1822 2957 2026 2986 mentionem
2042 2955 2114 2985 lieri
2131 2958 2161 2985 et
2184 2963 2242 2993 per
2261 2962 2345 2993 quas

1335 3007 1452 3043 abbas,
1483 3008 1572 3046 prior
1603 3014 1631 3039 ct
1663 3015 1844 3040 conventus
1873 3009 2012 3048 predicti
2048 3008 2099 3038 vel
2135 3015 2345 3038 successores
