2498 3325
1017 177 1247 216 DEUXIEME
1269 178 1428 216 ANNEE.
2218 185 2272 215 421

175 262 242 292 que
270 252 518 283 successoribus
542 256 572 282 et
597 252 725 282 illibata
748 258 975 290 permaneant.
999 254 1037 282 In
1064 250 1185 290 quibus

177 307 239 337 hec
255 307 396 345 propriis
411 307 564 336 duximus
581 306 794 344 exprimenda
810 305 978 335 vocabulis
997 316 1003 334 z

220 372 233 386 »
250 360 371 389 Locum
382 359 503 397 ipsum,
521 359 556 388 in
574 368 638 397 quo
652 359 816 396 prefatum
830 359 1070 388 monasterium
1084 359 1186 388 situm

174 416 238 448 «est,
256 421 331 442 cum
349 411 503 442 omnibus
523 411 737 449 pertinentiis
759 411 849 446 suis;
869 410 1043 441 ecclesiam
1063 411 1101 440 de
1120 412 1185 440 Do-

178 473 336 501 mevowe,
350 474 424 494 cum
439 469 505 494 tota
520 465 662 499 decima;
679 468 709 494 et
726 464 900 494 ecclesiam
917 464 954 493 de
968 464 1182 502 MetringueS,

175 526 253 547 cum
272 517 426 547 omnibus
442 517 655 556 pertinentiis
677 517 884 551 earumdem3
906 517 944 546 de
961 517 1128 551 Conssauz,
1148 517 1186 546 de

178 571 346 600 Bonconrt
369 575 399 601 et
421 570 460 600 de
479 569 700 600 KVintonville
726 570 898 605 ecclesias,
917 579 991 599 cum
1015 570 1132 609 majori
1156 574 1187 599 et

177 623 301 653 minori
330 623 457 653 decima
484 627 515 653 et
548 623 702 653 omnibus
732 623 945 661 pertinentiis
977 623 1184 658 earumdem

176 676 379 714 prebendam
397 685 498 705 unam
514 684 614 715 quam
636 676 670 704 in
689 675 806 714 majori
825 675 965 706 ecclesia
980 675 1187 706 Virdunensi

180 728 338 758 canonice
352 728 526 763 obtinetis;
544 729 672 758 fructus
689 728 790 758 unius
807 728 886 757 anni
900 727 1065 766 prebende
1080 728 1187 766 cujus-

179 780 261 811 libet
292 781 445 811 canonici
476 780 665 811 decedentis
694 780 729 809 in
760 780 899 810 ecclesia
933 781 1052 810 Sancte
1084 781 1188 810 Marie

179 833 375 872 Magdalene
403 833 644 867 Virduncnsis;
681 833 891 862 medietatem
921 842 1033 870 grosse
1062 833 1188 862 decime

179 895 280 925 quam
296 886 427 916 habetis
444 886 479 914 in
497 885 577 915 villa
594 894 657 924 que
678 885 862 923 appellatur
881 886 991 920 Hene3
1013 885 1094 914 duas
1113 894 1189 923 par-

180 944 230 970 tes
254 939 391 978 majoris
412 943 443 969 et
468 939 608 969 minoris
629 939 755 968 decime
778 948 877 977 quam
899 938 1030 968 habetis
1053 939 1087 968 in
1110 938 1190 968 villa

178 1002 244 1032 que
269 992 460 1023 Herbeville
480 992 663 1030 vulgariter
685 991 888 1030 appellatur3
910 991 1041 1021 tertiam
1062 995 1190 1030 partem

180 1046 282 1076 totius
314 1045 439 1075 decime
470 1053 570 1083 quam
596 1044 727 1074 habetis
753 1045 788 1073 in
810 1044 891 1074 villa
913 1053 976 1083 que
1006 1044 1189 1083 appellatur

133 1126 135 1129 .
180 1099 341 1129 Bramant
358 1106 457 1136 super
472 1098 614 1133 Mozam,
631 1102 783 1136 quartam
799 1101 925 1135 partem
937 1097 1062 1128 decime
1077 1106 1189 1135 grosse

182 1155 213 1181 et
230 1151 370 1180 minoris
389 1150 424 1180 in
447 1150 527 1180 villa
548 1159 611 1189 que
636 1150 867 1189 appella(n)tur
892 1151 1051 1180 Bramant
1072 1150 1189 1180 subtus

179 1204 408 1240 Claromonte;
430 1203 596 1234 redditum
614 1204 785 1233 domorum
806 1204 955 1233 omnium
980 1213 1042 1242 que
1059 1208 1137 1234 sunt
1154 1204 1190 1233 in

180 1256 251 1287 loco
269 1257 326 1295 qui
340 1257 476 1286 Pratum
492 1256 646 1294 Episcopi
663 1256 849 1294 nuncupari
865 1255 1006 1292 solebat,
1030 1256 1191 1286 medieta-

181 1314 247 1340 tem
264 1310 380 1340 domus
401 1318 464 1348 que
482 1308 665 1348 appellatur
681 1308 782 1344 Hale‚
804 1317 931 1338 necnon
948 1309 1040 1338 furni
1063 1313 1094 1339 et
1113 1309 1189 1345 fori,

182 1371 258 1392 cum
284 1362 439 1392 omnibus
466 1361 679 1400 pertinentiis
706 1361 776 1391 suis
806 1370 869 1400 que
898 1361 1029 1392 habetis
1053 1362 1189 1398 ibidem,

182 1425 258 1445 cum
275 1416 389 1454 pratis,
409 1415 529 1450 vineis,
548 1415 659 1450 terris,
679 1414 882 1449 nemoribus,
900 1415 1052 1453 usuagiis
1069 1419 1099 1445 et
1115 1424 1192 1453 pas-

182 1468 267 1503 cuis,
286 1468 321 1497 in
338 1468 436 1497 bosco
453 1472 484 1497 et
499 1467 614 1506 plano,
632 1467 667 1496 in
685 1467 780 1506 aquis
799 1471 829 1497 et
845 1467 1058 1504 molendinis,
1074 1468 1108 1497 in
1126 1469 1192 1498 viis

183 1525 215 1551 et
231 1521 361 1551 semitis
378 1524 408 1551 et
426 1520 580 1550 omnibus
598 1520 674 1550 aliis
691 1519 904 1550 libertatibus
923 1524 954 1550 et
969 1521 1192 1550 immunitati-

181 1573 245 1603 bus
262 1573 344 1603 suis.
365 1573 451 1603 Sane
467 1572 637 1602 novalium
649 1576 833 1602 vestrorum
850 1581 913 1610 que
927 1573 1070 1611 propriis
1084 1573 1192 1602 mani-

182 1625 245 1656 bus
263 1625 316 1656 vel
333 1625 521 1664 sumptibus
540 1625 666 1660 colitis,
690 1624 728 1654 de
752 1624 874 1663 quibus
892 1624 1014 1663 aliquis
1030 1625 1192 1655 hactenus

184 1687 251 1709 non
267 1679 423 1717 percepit,
443 1678 512 1708 sive
531 1678 569 1707 de
586 1680 771 1707 vestrorum
790 1677 986 1708 animalium
1006 1678 1193 1708 nutrimen-

185 1732 228 1762 tis
245 1731 357 1761 nullus
373 1740 392 1761 a
407 1731 501 1760 vobis
517 1730 662 1760 decimas
683 1730 813 1767 exigere
830 1730 882 1760 vel
902 1734 1096 1769 extorquere
1118 1740 1193 1769 pre·-

185 1788 305 1815 sumat.
324 1785 436 1814 Liceat
452 1793 583 1822 quoque
601 1783 694 1813 vobis
715 1783 852 1813 elericos
876 1783 926 1813 vel
943 1783 1045 1813 laicos
1070 1784 1193 1814 liberos

184 1841 216 1868 et
233 1837 401 1868 absolutos
418 1846 435 1867 e
453 1837 563 1867 seculo
586 1837 753 1874 fugientes
777 1837 816 1866 ad
837 1837 1087 1867 conversionem
1109 1838 1194 1867 reci-

184 1899 273 1929 pere,
295 1895 325 1921 et
339 1899 394 1921 eos
408 1890 532 1929 absque
551 1889 811 1919 contradictione
829 1889 941 1928 aliqua
956 1890 1112 1920 retinere.

229 1956 241 1970 1)
269 1943 489 1974 Prohibemus
515 1943 652 1981 insuper
676 1946 711 1971 ut
739 1942 823 1971 nulli
842 1943 983 1972 fratrum
1008 1947 1193 1973 vestrorum

186 2000 259 2035 post
274 1997 395 2026 saetam
416 1996 450 2025 in
469 1995 670 2025 monasterio
687 1999 796 2025 vestro
814 1995 1055 2033 professionem
1072 1996 1122 2026 fas
1139 1997 1193 2032 sit,

188 2050 261 2079 sine
279 2049 408 2079 abbatis
425 2049 478 2078 sui
494 2048 641 2084 licentia,
667 2049 705 2078 de
728 2048 842 2078 eodem
861 2048 949 2084 loco,
975 2049 1040 2078 nisi
1062 2049 1195 2079 artioris

187 2101 361 2139 religionis
369 2101 516 2137 obtentu,
527 2101 707 2135 discedere,
717 2101 905 2130 discedente
915 2110 992 2130 vero
1002 2105 1062 2130 ctc.
1072 2110 1194 2140 usque:

188 2155 345 2185 retinere.
359 2155 442 2185 Cum
455 2158 564 2184 autem
579 2154 732 2192 generale
749 2154 963 2183 interdictum
983 2159 1067 2184 terre
1083 2155 1195 2190 suerit,

189 2208 288 2238 liceat
319 2207 424 2242 vobis,
458 2207 580 2236 clausis
605 2207 734 2245 januis,
767 2211 827 2236 etc.
855 2216 961 2245 usque
987 2217 992 2235 ε
1017 2207 1196 2237 celebrare.

189 2261 320 2292 Crisma
335 2269 411 2290 vero
428 2263 487 2289 etc.
507 2268 613 2298 usque
631 2269 637 2288 t
656 2259 823 2289 exhibere.
848 2259 1006 2298 Alioquin
1026 2259 1124 2289 liceat
1142 2270 1199 2289 vo-

190 2313 241 2343 bis
261 2321 502 2352 quemcumque
524 2311 711 2341 malueritis
733 2311 932 2341 catholicum
954 2313 1045 2342 adire
1067 2312 1199 2342 antisti-

191 2371 268 2401 tem,
283 2366 424 2404 gratiam
441 2369 471 2395 et
486 2365 753 2395 communionem
770 2365 947 2403 apostolice
962 2366 1057 2396 Sedis
1074 2366 1199 2397 haben-

192 2424 269 2454 tem,
285 2419 354 2458 qui,
374 2422 487 2448 nostra
502 2418 607 2447 fretus
620 2417 826 2452 auctoritate,
845 2418 938 2447 vobis
955 2419 1042 2457 quod
1054 2419 1201 2457 postula-

192 2476 245 2502 tur
264 2471 444 2510 impendat.
464 2471 514 2500 Ad
532 2470 591 2500 hec
608 2479 708 2500 novas
726 2474 757 2500 et
772 2470 938 2500 indebitas
956 2471 1143 2501 exactiones
1161 2472 1200 2501 ab

193 2523 473 2562 archiepiscopis,
499 2523 683 2561 episcopis,
710 2522 954 2553 archidiaconis
979 2532 1038 2553 seu
1068 2524 1201 2553 decanis

192 2577 337 2616 aliisque
360 2576 514 2606 omnibus
531 2575 768 2605 ecclesiasticis
786 2575 1033 2606 secularibusve
1051 2577 1202 2614 personis

195 2639 214 2659 a
230 2630 323 2659 vobis
341 2629 476 2659 omniuo
500 2629 571 2658 fieri
592 2628 816 2667 prohibenms.
844 2628 1055 2667 Scpulturam
1072 2638 1203 2668 quoque

194 2683 301 2721 ipsius
320 2682 382 2711 loci
398 2681 539 2711 liberam
555 2690 627 2711 csse
644 2680 853 2710 ‹tlsiecernimus
871 2685 931 2710 etc.
950 2690 1054 2720 usque
1073 2692 1078 2710 ;
1097 2682 1205 2711 obsis-

196 2739 260 2770 tat,
280 2735 371 2765 salva
387 2739 496 2763 tamen
509 2734 641 2773 justitia
662 2733 794 2762 illarum
819 2733 1035 2763 ecclesiarum
1050 2744 1065 2763 a
1084 2735 1204 2773 quibus

197 2791 401 2817 mortuorum
416 2796 551 2824 corpora
567 2790 792 2815 assumuntur.
810 2785 960 2816 Obeunte
975 2795 1049 2816 vero
1063 2791 1103 2822 te,
1119 2796 1204 2815 nunc

196 2840 344 2878 ejusdem
364 2839 425 2868 loci
445 2839 572 2872 abbate,
593 2837 641 2867 vvl
657 2842 786 2867 tuorum
805 2838 950 2876 quolibet
965 2848 1204 2875 successorum,

1269 251 1380 281 nullus
1404 252 1451 281 ibi
1476 252 1623 290 qualibet
1644 252 1863 290 surreptionis
1888 252 2010 282 astutia
2034 261 2092 282 seu
2116 251 2276 282 violentia

1268 310 1479 344 preponatur,
1499 306 1565 335 nisi
1581 314 1678 344 quem
1696 306 1826 340 fratres,
1845 305 2012 335 communi
2028 314 2204 341 consensu,
2222 305 2276 336 vel

1269 359 1409 388 fratrum
1430 358 1534 396 major
1552 367 1626 396 pars
1648 357 1781 387 consilii
1801 358 1944 387 sanioris
1965 358 2147 387 secundum
2169 359 2276 387 Deum

1271 416 1301 441 et
1330 411 1418 441 beati
1448 411 1629 448 Augustini
1658 410 1807 448 regulam
1839 410 2043 448 providerint
2072 411 2273 448 eligendum.

1270 464 1348 493 Paci
1377 473 1507 502 quoque
1533 467 1593 493 etc.
1618 472 1724 501 usque
1751 474 1757 492 ε
1785 463 1902 493 audeat
1928 472 2091 493 exercere.
2119 465 2276 493 Preterea

1269 525 1384 546 omnes
1411 516 1581 546 libertates
1607 525 1625 545 a
1650 516 1939 554 predecessoribus
1966 517 2088 546 nostris
2115 516 2275 546 Romanis

1270 568 1482 606 pontificibus
1499 569 1700 598 monasterio
1716 572 1825 598 vestro
1848 577 2037 604 concessas,
2065 577 2125 599 nec
2146 578 2211 599 non
2233 568 2275 598 11-

1270 620 1414 650 bertates
1438 624 1499 650 etc.
1518 629 1624 660 usque
1644 631 1649 649 ε
1669 621 1924 651 communimus.
1948 622 2165 652 Decernimus
2185 631 2273 660 ergo,

1270 677 1306 702 ut
1322 673 1406 702 nulli
1418 673 1553 703 omnino
1565 673 1738 703 hominum
1752 673 1849 703 liceat
1863 674 2027 711 prefatum
2037 675 2277 704 monasterium

1270 728 1394 755 temere
1410 725 1603 763 perturbare
1627 729 1686 755 etc.
1710 734 1815 764 usque
1834 736 1839 754 :
1860 726 2047 763 profutura,
2071 726 2163 756 salva
2181 726 2277 757 Sedis

1271 777 1449 815 apostolice
1476 778 1671 807 auctoritate
1697 782 1728 807 et
1751 778 1919 807 diocesani
1947 778 2092 816 episcopi
2119 779 2279 808 canonica

1267 830 1400 868 justitia.
1426 834 1457 860 et
1482 830 1516 858 in
1543 830 1701 868 predictis
1727 830 1864 860 decimis
1892 831 2119 861 moderatione
2144 831 2278 862 concilii

1271 883 1449 920 generalis.
1468 883 1502 913 si
1520 892 1585 921 qua
1600 883 1703 921 igitur
1722 883 1757 912 in
1774 883 1924 913 futurum
1941 883 2168 914 ecclesiastica
2184 893 2279 914 secu-

1270 934 1393 965 larisve
1409 944 1551 973 persona
1567 938 1628 964 etc.
1648 944 1754 974 usque
1773 945 1778 964 :
1799 935 1931 965 ultioni.
1948 936 2086 966 Cunctis
2104 940 2215 966 autem
2231 936 2279 967 ei-

1271 988 1345 1017 dem
1361 987 1431 1017 loco
1446 992 1506 1018 etc.
1524 997 1630 1027 usque
1647 998 1652 1016 ε
1668 988 1852 1018 inveniant.
1872 990 1988 1025 Amen,
2004 998 2109 1025 amen,
2130 998 2238 1019 amen.

1314 1054 1326 1067 η
1347 1042 1420 1070 Dat.
1434 1041 1585 1079 Anagnie
1602 1050 1659 1079 per
1674 1050 1810 1071 manum
1823 1035 2137 1079 magistri‘Jordani,
2153 1043 2281 1072 domini

1270 1103 1353 1132 pape
1377 1094 1573 1124 subdiaconi
1592 1098 1623 1124 et
1639 1095 1772 1129 notarii,
1790 1095 1852 1125 XV
1871 1094 2031 1125 kalendas
2052 1095 2147 1134 julii,
2172 1095 2280 1126 indic-

1271 1147 1362 1177 tione
1377 1147 1491 1182 XIIII,
1514 1147 1760 1177 Inearnationis
1784 1147 1948 1177 dominice
1970 1156 2056 1177 anno
2080 1148 2278 1184 M0CCLV10,

1272 1199 1484 1238 pontificatus
1510 1208 1586 1229 vero
1619 1199 1744 1229 domini
1776 1199 1954 1229 Alexandri
1981 1209 2064 1238 pape
2093 1201 2161 1230 IIII
2193 1209 2281 1231 anno

1273 1252 1429 1282 secundo.
1450 1264 1461 1278 υ

1348 1397 1463 1425 Ιῧῖθ
1861 1397 1986 1432 Anagni,
2003 1397 2037 1424 ‘2²2
2049 1398 2113 1432 juin
2131 1397 2208 1425 1256.

1311 1458 1460 1484 Fratribus
1476 1457 1586 1484 ordinis
1601 1457 1636 1484 de
1652 1457 1859 1493 Sempingham
1880 1459 2026 1494 indulget,
2044 1462 2075 1486 ut
2090 1459 2124 1486 ad
2141 1459 2282 1486 exhiben-

1274 1507 1338 1534 dam
1355 1507 1508 1541 quibusvis
1524 1506 1733 1533 archidiaconis
1750 1507 1942 1534 obedientiam
1962 1508 2071 1535 ratione
2091 1509 2280 1536 eeclesiarum

1276 1555 1496 1590 parrochialium
1520 1563 1592 1589 quus
1617 1556 1645 1582 in
1670 1564 1742 1582 usus
1764 1557 1896 1591 proprios
1917 1556 2048 1583 obtinent
2067 1557 2200 1592 compelli
2224 1565 2281 1584 non

1275 1605 1398 1639 possint.
1419 1603 1555 1636 (ammi,
1568 1604 1587 1630 f.
1604 1604 1796 1636 177,ann.11,
1814 1613 1838 1631 c.
1855 1605 1928 1638 306.)

1318 1705 1330 1719 «
1352 1715 1384 1728 ..‚
1402 1694 1550 1730 ‘magistro
1566 1697 1592 1722 et
1608 1694 1762 1722 universis
1774 1694 1934 1730 prioribus
1949 1702 1984 1723 ac
1998 1695 2150 1730 fratribus
2165 1695 2286 1724 ordinis

1275 1747 1310 1774 de
1329 1746 1562 1784 Sempinyltam.
1584 1745 1771 1782 Religionis
1790 1749 1898 1776 vestre
1916 1750 2062 1776 meretur
2078 1746 2235 1777 honestas
2254 1751 2286 1777 et

1276 1798 1389 1828 dilecti
1412 1797 1474 1827 filii
1494 1798 1599 1828 nostri
1615 1799 1659 1833 J.,
1677 1798 1766 1827 tituli
1783 1799 1896 1828 Sancti
1915 1799 2087 1829 Laurentii
2107 1800 2143 1828 in
2159 1800 2287 1830 Lucina

1276 1850 1465 1890 presbyteri
1481 1850 1671 1886 cardinalis,
1690 1851 1881 1889 precamina
1893 1860 1952 1881 nos
1968 1852 2142 1888 inducunt,
2155 1856 2191 1882 ut
2202 1853 2287 1891 peti-

1277 1904 1385 1934 tiones
1402 1907 1544 1939 vestras,
1564 1907 1724 1942 quantum
1742 1913 1815 1934 cum
1832 1905 1900 1934 Deo
1916 1913 2110 1942 possumus,
2129 1905 2169 1935 ad
2187 1899 2287 1936 exa'u-

1278 1957 1415 1986 ditionis
1428 1956 1569 1994 gratiam
1584 1956 1807 1986 admittamus.
1823 1957 1909 1987 Hinc
1923 1961 1972 1987 est
1984 1958 2071 1996 quod
2083 1967 2153 1993 nos⁷
2167 1959 2287 1989 vestris

1278 2013 1309 2040 et
1328 2009 1434 2047 ipsius
1451 2009 1630 2038 cardinalis
1647 2009 1948 2048 supplicationibus
1964 2010 2133 2045 inclinati,
2152 2011 2289 2042 univer-

1278 2063 1371 2093 sitati
1387 2066 1495 2093 vestre
1512 2063 1707 2092 auctoritate
1724 2063 1929 2100 presentium
1945 2063 2168 2101 indulgemus,
2180 2068 2215 2094 ut
2232 2074 2289 2095 vos

1279 2116 1331 2146 vel
1346 2120 1494 2146 vestrum
1510 2115 1615 2154 aliqui
1632 2116 1672 2145 ad
1689 2115 1909 2146 exhibendam
1928 2117 2103 2155 quibusvis
2123 2118 2290 2148 archidia-

1279 2169 1372 2198 conis
1388 2168 1624 2203 obedientiam,
1641 2169 1769 2198 ratione
1786 2168 2002 2199 ecclesiarum
2017 2170 2288 2207 parrochialium,

1280 2230 1362 2260 quas
1380 2221 1472 2251 vobis
1490 2221 1524 2250 in
1541 2230 1622 2251 usus
1638 2222 1788 2259 proprios
1808 2222 1981 2259 deputatas
1997 2223 2032 2251 in
2049 2231 2164 2252 eorum
2181 2224 2291 2254 archi-

1280 2274 1511 2304 diaconatibus
1534 2274 1710 2309 obtinetis,
1730 2274 1881 2312 compelli
1901 2274 2113 2313 aliquatenus
2133 2285 2199 2306 non
2215 2285 2292 2315 pos-

1283 2327 1374 2361 sitis,
1400 2326 1574 2365 presertim
1598 2336 1688 2362 0001,
1711 2327 1797 2357 sicut
1820 2328 1986 2363 asseritis,
2005 2337 2062 2358 vos
2082 2337 2293 2368 nequaquam

1284 2379 1368 2409 adid
1382 2379 1564 2409 teneamini
1579 2379 1616 2409 de
1631 2380 1872 2410 consuetudine
1885 2380 1935 2410 vel
1948 2380 2083 2419 dejure,
2098 2385 2129 2411 et
2143 2383 2293 2420 perpetui

1285 2432 1402 2462 vicarii
1428 2432 1644 2462 ecclesiarum
1670 2433 1817 2471 ipsarum
1843 2433 2035 2472 hujusmodi
2061 2434 2238 2465 exhibeant
2264 2440 2294 2466 et

1285 2485 1441 2514 exhibere
1465 2485 1700 2514 consueverint
1728 2492 1784 2524 pro
1811 2486 1936 2515 eisdem
1960 2486 2111 2516 ecclesiis
2137 2487 2295 2518 obedien-

1287 2538 1366 2566 tiam
1389 2537 1634 2567 archidiaconis
1656 2539 1858 2569 memoratis.
1884 2539 1977 2569 Nulli
2001 2544 2061 2569 etc.
2087 2544 2198 2571 nostre
2221 2550 2295 2571 con-

1287 2590 1449 2620 cessionis
1476 2594 1536 2620 010.
1566 2591 1637 2619 Dat.
1663 2591 1833 2629 Anagnie,
1857 2592 1887 2621 X
1912 2591 2069 2622 kalendas
2090 2593 2182 2631 julii,
2208 2603 2295 2625 anno

1289 2643 1444 2672 seeundo.
1468 2657 1479 2668 ιι

1364 2781 1476 2809 Ιῖὶῖἵ
1875 2782 2000 2817 Anagni,
2019 2783 2050 2809 2²2
2065 2784 2128 2817 juin
2149 2784 2224 2812 1256.

1330 2841 1443 2868 Eisdem
1460 2841 1599 2877 indulget,
1619 2846 1648 2868 ut
1663 2843 1838 2877 quicumque
1855 2844 2009 2879 episcopus
2022 2846 2176 2871 canonicos
2188 2845 2299 2873 ordinis
