2498 3325
190 234 248 263 300
917 234 1156 265 REGISTRES
1179 234 1486 265 D'ALEXANDRE
1510 237 1565 266 IV.

264 299 374 328 1001

224 361 336 393 Eidem,
361 361 406 387 cui
430 361 591 388 facultatem
615 362 795 389 concedendi
816 362 850 389 sle
872 363 955 389 lionis
980 362 1014 388 ad
1030 362 1196 389 demanium

188 408 290 435 Curiae
320 409 530 443 pertinentibus
557 410 690 444 personis
715 410 861 437 Ecclesiae
890 411 1035 437 Romanae
1066 410 1198 447 fidelibus

733 300 850 335 Naples,
868 301 902 327 ‘25
915 301 1030 335 jani-ier
1049 300 1124 327 1255.

187 458 348 489 concessit,
366 457 494 490 mandat,
514 461 543 484 ut
560 458 681 484 valentia
703 462 893 493 proventuum
911 459 1038 485 omnium
1057 459 1197 485 bonorum

189 505 354 539 hujusmodi
379 505 524 531 annuatim
550 514 692 532 summam
718 507 792 532 mille
810 511 837 533 ct
856 507 1080 541 quingentarum
1099 507 1198 533 uncia-

188 562 249 579 rum
271 554 331 579 auri
355 553 518 580 nullatenus
541 554 668 581 excedat.
690 555 770 587 (tim.
788 555 838 589 21,
853 563 878 582 (τ.
895 556 962 586 81ῗ,
980 556 998 582 f.
1027 555 1104 587 triv,
1125 555 1198 582 Ροτ-

186 609 274 627 ‘misr
292 600 398 634 15650)

228 729 239 743 α
260 717 364 745 Fratri
382 717 500 754 Rufino,
519 719 740 755 penitentiario
757 724 782 747 et
799 719 955 756 capellano
975 723 1086 747 nostro.
1106 718 1196 748 Licet

188 769 247 798 tibi
271 769 472 799 concedendi
494 787 543 798 ——.
569 771 642 799 Dat.
672 770 828 808 Neapoli,
852 771 933 800 vili
961 770 1120 800 kalendas
1148 771 1196 800 se-

186 822 325 857 bruarii,
344 831 431 852 anno
448 823 564 861 primo.
583 835 595 849 »

260 1039 379 1067 ¹⁰³2

220 1100 481 1135 Archipresbytero
505 1100 656 1134 paduano,
674 1101 779 1127 vicario
803 1102 829 1128 in
853 1101 982 1129 Calabria
1004 1102 1193 1138 Olctavianil,

184 1148 214 1175 S.
231 1149 336 1174 Mariae
358 1149 385 1174 in
404 1148 456 1174 Via
477 1149 542 1175 Lata
563 1149 675 1175 diaconi
692 1150 846 1176 cardinalis
866 1154 894 1176 et
915 1151 1016 1184 legati,
1035 1151 1147 1178 nuntiat
1163 1160 1195 1178 se

183 1197 392 1231 promissiones
405 1197 439 1222 ab
455 1205 488 1223 eo
506 1205 555 1231 pro
571 1197 749 1231 promotione
762 1198 869 1230 nogotii
885 1198 1031 1225 Ecclesiae
1045 1199 1194 1227 faciendas

182 1249 258 1271 ratas
275 1245 438 1271 habiturum
455 1253 530 1272 esse.
549 1245 632 1278 (Rae.
649 1246 697 1278 ⁶24,
715 1253 741 1272 c.
759 1246 821 1277 813,
840 1246 859 1272 s.
878 1246 962 1280 1²21v.)

770 1039 887 1074 Naides,
908 1041 945 1066 10¹·
959 1041 1028 1067 avril
1048 1040 1124 1069 1‘255.

224 1372 236 1386 ιι
255 1383 289 1395 ..,
305 1360 564 1397 archipresbytero
580 1360 735 1396 I'aclaano,
749 1362 868 1391 vicario
886 1363 918 1391 in
931 1363 1074 1392 Calabria
1090 1363 1193 1393 dilecti

181 1413 242 1450 filii
258 1414 355 1441 nostri
371 1413 416 1447 0„
432 1413 540 1442 Sancte
552 1414 646 1442 Marte
661 1414 693 1442 in
711 1415 762 1443 Via
779 1415 851 1443 Lata
867 1415 991 1444 diaconi
1007 1416 1188 1453 cardinalis,

180 1466 340 1502 apostolice
361 1466 444 1494 Sedis
474 1466 575 1502 leyati.
602 1465 685 1496 Cum
711 1466 852 1496 dilectus
877 1467 967 1497 filius
997 1472 1110 1498 noster
1138 1469 1189 1505 O.‚

182 1518 300 1547 Sancte
319 1518 422 1547 Mai-ie
438 1517 473 1546 in
489 1518 552 1548 Via
568 1519 649 1548 Lata
664 1518 823 1549 diaconus
842 1520 1040 1556 cardinalis,
1060 1526 1191 1559 aposto—

180 1569 243 1600 lice
260 1570 355 1599 Sedis
372 1569 511 1607 legatus,
530 1574 560 1600 te
577 1579 674 1600 suum
690 1571 895 1607 ianalabria
911 1573 1074 1603 vicarium
1089 1574 1191 1604 duxe-

181 1623 224 1652 rit
247 1623 474 1659 statuendum,
496 1623 703 1661 presentium
728 1628 841 1654 tenore
865 1625 949 1655 scire
970 1630 1001 1656 te
1024 1626 1188 1662 volumus,

181 1675 267 1713 quod
283 1675 537 1713 promissiones,
560 1685 642 1714 quas
659 1677 836 1707 comitibus
855 1687 914 1708 seu
935 1679 1116 1709 baronibus
1134 1684 1190 1709 aut

180 1728 345 1758 militibus
361 1728 411 1758 vel
426 1729 721 1760 communitatilms
738 1734 804 1759 tam
821 1731 993 1761 civitatum
1005 1741 1105 1770 quam
1117 1742 1190 1763 cas-

181 1784 306 1809 trorum
333 1780 540 1820 aliorumque
567 1781 714 1811 locorum
742 1792 798 1821 pro
829 1785 1034 1822 promotione
1060 1785 1189 1823 negocii

182 1833 328 1863 Ecclesie
344 1833 379 1862 in
396 1833 509 1863 eadem
525 1834 679 1864 Calabria
693 1835 752 1864 tibi
765 1836 805 1865 ab
817 1836 888 1874 ipso
900 1836 1007 1874 legato
1019 1838 1189 1867 commissi

180 1886 289 1915 facere
315 1890 345 1915 te
368 1886 559 1923 contigerit,
584 1896 713 1916 necnon
737 1889 984 1925 conventiones,
1009 1899 1091 1928 quas
1115 1899 1189 1919 cum

181 1938 229 1968 eis
246 1938 295 1968 vel
312 1938 459 1976 ipsorum
474 1938 642 1976 aliquibus
654 1945 786 1978 propter
801 1940 862 1971 hoc
876 1941 1008 1972 duxeris
1022 1942 1187 1978 iniendas,

180 1995 268 2020 ratas
284 1990 481 2020 habebimus
501 1995 599 2030 atque
620 1992 743 2023 firmas.
768 1994 841 2023 Dat.
863 1995 1018 2033 Neapoli,
1036 1994 1189 2026 kalendis

180 2043 306 2081 aprilis,
325 2052 411 2073 anno
428 2044 545 2081 primo.
569 2056 581 2070 n

253 2253 372 2282 ¹003
755 2257 881 2291 Anagni,
898 2257 932 2284 20
948 2259 1016 2285 aout
1040 2258 1116 2286 1255.

216 2315 305 2342 Fratri
322 2315 427 2342 Rufino
443 2317 568 2350 praefato
583 2317 716 2343 concedit
731 2321 901 2352 potestatem
919 2320 1106 2347 contrahendi
1123 2329 1186 2348 mu-

178 2368 260 2391 tuum
280 2363 426 2390 Ecclesiae
455 2365 602 2392 Romanae
627 2366 741 2393 nomine
764 2375 856 2402 usque
877 2368 911 2394 ad
934 2377 1076 2395 summam
1098 2378 1185 2404 quam

179 2414 355 2441 mandaverit
371 2414 397 2440 ei
420 2413 633 2449 O[ctavianus],
651 2415 682 2442 S.
704 2415 810 2443 Mariae
830 2417 858 2443 in
881 2417 935 2444 Via
957 2417 1026 2445 Lata
1046 2419 1186 2446 diaconus

178 2462 344 2493 cardinalis,
363 2466 390 2488 et
406 2462 551 2496 obligandi
574 2467 689 2498 propter
710 2464 763 2490 boc
779 2464 910 2492 domania
930 2472 958 2492 et
979 2467 1143 2494 scadentias
1159 2472 1186 2494 et

177 2510 232 2536 alia
254 2511 321 2545 jura
345 2510 447 2536 Curiae
471 2519 544 2546 quae
569 2511 713 2546 praedicta
737 2512 867 2540 Ecclesia
892 2515 918 2541 in
942 2514 1040 2542 Sicilia
1065 2517 1185 2544 obtinet.

178 2558 262 2592 (Rea.
277 2558 326 2592 24,
343 2567 369 2586 c.
386 2559 447 2591 814,
465 2559 483 2586 f.
502 2559 581 2594 121tv3
600 2560 746 2588 Pori-uisi*
764 2562 864 2594 15937;
884 2562 1070 2598 Romanusne,
1089 2568 1109 2592 t.
1127 2565 1185 2598 111,

180 2614 211 2633 n⁰
228 2607 301 2640 406.)

220 2734 233 2749 «
249 2722 482 2759 Fratrillafino,
500 2723 656 2760 capellano
671 2729 696 2753 cl
708 2725 930 2762 penitentiario
942 2732 1054 2762 nostro,
1067 2729 1186 2766 vicario

178 2776 213 2804 in
235 2776 346 2805 Sicilia
369 2781 394 2805 et
417 2776 575 2812 Calabria,
602 2782 655 2806 etc.
679 2782 713 2806 ut
740 2779 774 2806 in
800 2779 875 2808 alia.
904 2780 1107 2811 Discretioni
1130 2785 1186 2812 tue

179 2827 397 2858 contrahendi
412 2845 462 2857 -.
483 2829 556 2858 Dat.
574 2829 743 2866 Anagnie,
761 2830 845 2860 XIII
863 2830 1022 2863 kalendas
1039 2835 1184 2872 augusti,

179 2888 265 2909 anno
281 2889 396 2918 primo.
416 2892 429 2907 ι,

1357 301 1375 328 1
1385 301 1473 329 004

1319 363 1460 395 Declarat,
1478 366 1635 392 canonicos
1652 366 1822 392 anctoritate
1837 365 1921 392 Sedis
1932 367 2107 401 apostolicae
2117 370 2294 396 constitutos

1281 412 1308 438 in
1340 421 1459 438 numero
1483 419 1606 447 quatuor
1630 415 1834 440 canonicorum
1859 414 2067 441 constitutione
2091 424 2143 442 sua
2173 417 2294 444 limitato

1279 461 1450 495 computari.
1472 461 1554 495 tta—g.
1572 462 1615 491 24.
1631 469 1656 488 c.
1675 462 1737 493 815,
1755 462 1772 488 f⁴
1796 462 1840 488 121
1858 464 1892 494 '.)

1868 304 1994 337 Anagni,
2015 304 2044 330 13
2060 305 2133 331 aeut
2147 305 2222 332 1255.

1323 574 1333 586 ιι
1357 562 1512 591 [nivosis
1522 563 1725 599 patriarchis,
1745 564 1982 602 archiepiscopis
1998 570 2023 593 et
2039 566 2184 603 episcopis
2199 571 2225 596 el
2241 567 2293 596 di-

1280 614 1362 643 lectis*
1379 616 1455 651 filiis
1477 615 1648 650 abbatibus,
1668 617 1842 653 prioribus,
1863 616 2000 652 decanis,
2019 618 2250 648 archidiaconis
2264 624 2294 649 et

1279 668 1352 695 aliis
1371 668 1566 696 ecclesiarum
1585 669 1714 706 prelatis
1736 677 1854 698 necnon
1877 670 2032 707 capitalis,
2053 672 2250 701 conventibus
2264 676 2294 702 el

1279 722 1412 759 colleqiis
1430 722 1617 750 earumdem.
1638 722 1752 760 Nuper
1774 731 1873 760 super
1895 723 2104 753 revocatione
2128 724 2294 763 receptio-

1280 785 1359 805 num
1379 776 1614 806 canonicorum
1638 776 1823 814 prebendas
1841 777 2084 815 expectantium
2105 778 2191 809 ultra
2207 787 2293 818 qua-

1281 829 1461 858 ternarium
1502 838 1677 858 numerum
1713 829 1748 858 in
1790 829 1941 859 ecclesiis
1978 834 2151 861 vacaturas
2189 839 2292 862 causa

1279 881 1509 911 leniendarum
1531 881 1746 911 ecclesiarum
1763 881 1911 920 ipsarum
1928 883 2199 913 constitutionem
2220 892 2292 914 me-

1279 934 1438 964 minimus
1455 934 1611 964 edidisse.
1630 934 1693 964 Sed
1710 934 1856 973 quidam,
1875 935 2014 965 eandem
2033 935 2169 966 sinistre
2185 936 2293 966 inter-

1279 987 1401 1024 pretari
1428 986 1588 1021 volentes,
1618 986 1704 1021 illos,
1735 987 1872 1025 quibus,
1903 987 1943 1017 de
1970 987 2106 1025 speciali
2134 988 2291 1018 mandato

1277 1039 1386 1069 felicis
1397 1039 1637 1069 recordationis
1652 1040 1676 1068 I.
1694 1048 1775 1077 pape
1792 1039 2037 1077 predecessoris
2055 1040 2171 1075 nostri,
2189 1049 2291 1070 cano-

1278 1093 1408 1122 nicatus
1426 1092 1459 1121 in
1477 1092 1559 1130 ipsis
1574 1091 1724 1122 ecclesiis
1741 1097 1786 1121 est
1806 1092 1945 1122 collatus
1962 1102 2021 1122 seu
2037 1093 2094 1132 qui
2112 1093 2144 1122 in
2163 1092 2291 1123 eisdem

1277 1149 1354 1175 sunt
1371 1145 1523 1175 canonici
1541 1145 1704 1179 instituti,
1728 1149 1877 1183 pretextu
1894 1146 2115 1175 ordinationis
2135 1155 2194 1176 seu
2210 1154 2291 1176 con-

1277 1197 1462 1227 stitutionis
1490 1197 1651 1235 predicte,
1682 1197 1722 1226 ab
1750 1198 1897 1235 ipsorum
1922 1199 2089 1228 consortio
2115 1198 2291 1229 excludere

1276 1250 1470 1285 moliuntur,
1488 1259 1546 1288 pro
1563 1258 1600 1279 eo
1621 1250 1707 1288 quod
1725 1250 1757 1279 in
1777 1250 2014 1280 constitutione
2033 1251 2179 1289 predicta
2195 1259 2291 1281 men-

1277 1302 1320 1332 tio
1338 1302 1563 1332 tantummodo
1583 1302 1621 1332 de
1638 1302 1779 1340 receptis
1796 1307 1825 1332 et
1845 1312 1910 1332 non
1927 1303 1965 1332 ‹le
1985 1303 2155 1333 canonicis
2173 1308 2288 1334 aucto-

1274 1355 1372 1385 ritate
1390 1355 1484 1386 Sedis
1499 1355 1677 1393 apostolice
1694 1355 1896 1390 constitutis,
1913 1364 1977 1385 non
1995 1356 2204 1386 attendentes
2219 1357 2288 1386 vim

1275 1413 1305 1439 et
1321 1412 1517 1447 potestatem
1534 1408 1783 1437 constitutionis
1809 1408 1972 1448 ejusdem.
1996 1409 2054 1438 sed
2075 1409 2161 1439 nude
2177 1409 2289 1448 prola·

1275 1461 1358 1491 tioni
1395 1461 1574 1492 verborum
1610 1460 1838 1499 calumpnioso
1875 1461 2023 1491 volentes
2061 1461 2288 1492 tantummodo

1274 1515 1446 1545 adherere.
1473 1514 1555 1544 Cum
1579 1514 1691 1552 itaque
1716 1518 1827 1544 nostre
1853 1514 2050 1544 intentionis
2076 1523 2289 1554 nequaquam

1274 1568 1419 1598 extiterit
1438 1567 1646 1606 provisiones
1666 1576 1724 1597 seu
1744 1567 1974 1597 institutiones
1995 1567 2112 1597 taliiim
2129 1576 2186 1606 per
2208 1576 2290 1598 con-

1273 1620 1483 1651 stitutionem
1509 1620 1703 1659 hujusmodi
1728 1629 1904 1655 enervare,
1936 1624 2049 1650 tenore
2079 1621 2289 1659 presentium

1273 1673 1498 1708 declaramus,
1518 1673 1607 1711 ipsos
1627 1673 1661 1701 in
1684 1681 1824 1703 numero
1840 1672 2003 1702 dictorum
2020 1677 2162 1712 quatuor
2177 1673 2288 1712 quiin

1273 1727 1424 1758 ecclesiis
1442 1727 1524 1765 ipsis
1539 1726 1691 1756 canonici
1707 1730 1881 1756 remanent
1897 1726 2080 1764 computari
2097 1730 2127 1756 et
2144 1735 2200 1757 eos
2215 1735 2289 1765 pre-

1271 1780 1397 1810 bendas
1410 1780 1504 1818 juxta
1524 1788 1583 1809 sue
1599 1779 1801 1817 provisionis
1819 1787 1878 1808 seu
1894 1779 2118 1808 institutionis
2134 1778 2287 1809 ordinem

1272 1833 1391 1863 debere
1410 1832 1542 1870 assequi
1560 1832 1594 1861 in
1612 1832 1754 1864 eisdem.
1777 1832 1929 1870 quamvis
1946 1836 2018 1870 post
2038 1831 2286 1862 institutionem

1272 1894 1331 1915 seu
1347 1885 1571 1923 provisionem
1589 1883 1706 1913 talium
1723 1885 1900 1922 'antequam
1916 1893 1934 1913 a
1950 1884 2106 1922 capitulis
2119 1883 2288 1922 recipian-

1272 1942 1326 1967 tur
1337 1947 1396 1967 seu
1411 1937 1640 1975 reciperentur
1652 1936 1842 1975 hujusmodi
1859 1935 1970 1974 plures
1983 1936 2040 1965 alii
2057 1940 2134 1966 sunt
2148 1936 2286 1975 recepti.

1272 1991 1345 2020 Dat.
1364 1989 1527 2027 Anagnie,
1545 1988 1656 2018 idibus
1674 1988 1819 2026 augusti,
1838 1996 1924 2017 anno
1943 1988 2061 2026 primo.
2083 2000 2096 2014 n

1851 2153 1964 2186 Anagni
1974 2175 1980 2185 ‚
2002 2153 2032 2179 18
2043 2154 2111 2179 aaut
2129 2153 2207 2180 1255.

1346 2153 1466 2183 ¹005

1309 2217 1353 2242 An
1370 2216 1516 2248 canonici,
1533 2215 1638 2242 virtute
1653 2215 1877 2250 apostolicarum
1896 2215 2054 2241 litterarum
2074 2214 2209 2249 capitulis
2227 2222 2287 2242 non

1271 2266 1404 2292 obstante
1420 2269 1527 2291 statuto
1544 2264 1660 2299 recepti,
1679 2264 1810 2298 ejusdem
1829 2264 1912 2289 Sedis
1928 2269 1976 2289 aut
1996 2264 2196 2297 recipientium
2213 2271 2287 2290 cen-

1271 2318 1390 2341 seantur
1405 2314 1502 2348 recipi,
1520 2313 1654 2340 declarat.
1673 2313 1756 2346 (Ru-ze.
1773 2313 1817 2345 ⁵24,
1835 2321 1860 2339 c.
1878 2312 1940 2346 816,
1957 2313 1975 2339 1“.
1999 2312 2068 2345 1²32.)

1313 2428 1326 2443 α
1350 2415 1480 2445 Eisdem.
1507 2413 1680 2451 Contingit
1698 2422 1755 2451 pro
1778 2413 1979 2452 quibusdam
2004 2413 2065 2443 sub
2088 2412 2151 2443 hac
2175 2413 2285 2444 forma

1270 2467 1322 2498 vel
1336 2467 1439 2498 simili
1451 2465 1648 2504 apostolicas
1661 2465 1790 2495 litteras
1808 2474 1974 2500 emanare,
1987 2469 2034 2501 ut,
2051 2474 2116 2495 non
2129 2465 2284 2496 obstante

1265 2522 1470 2561 juramento,
1489 2519 1664 2558 privilegio
1682 2519 1734 2549 vel
1750 2522 1889 2553 statuto,
1911 2518 1939 2548 si
1961 2518 2000 2548 de
2016 2518 2186 2549 voluntate
2205 2527 2285 2557 pro-

1270 2573 1363 2604 cedat
1379 2572 1515 2611 capituli
1536 2581 1595 2602 seu
1618 2571 1718 2601 etiam
1737 2571 1939 2610 prelatorum
1955 2570 2161 2609 recipiantur
2175 2570 2211 2600 in
2227 2578 2286 2601 ec-

1269 2626 1383 2656 clesiis
1405 2625 1440 2654 in
1459 2624 1636 2654 canonicos
1657 2628 1689 2654 et
1708 2624 1744 2653 in
1766 2624 1898 2653 fratres
1916 2624 2041 2653 Verum
2062 2623 2141 2662 quia
2157 2631 2176 2652 a
2194 2621 2284 2652 mul-

1268 2679 1312 2709 tis
1337 2678 1532 2708 multotiens
1564 2677 1749 2712 hesitatur,
1780 2685 1821 2706 an
1846 2676 1929 2706 tales
1962 2675 2158 2706 auctoritate
2185 2675 2285 2706 Seth's

1269 2730 1448 2769 apostolice
1468 2738 1527 2759 seu
1549 2729 1682 2758 illorum
1706 2729 1763 2767 qni
1786 2732 1982 2766 receperunt
2005 2727 2137 2758 eosdem
2156 2727 2191 2756 in
2214 2727 2284 2758 eis-

1269 2784 1343 2813 dem
1359 2782 1510 2813 ecclesiis
1529 2781 1761 2819 intelligantur
1777 2781 1929 2815 admissi,
1948 2789 2008 2810 nos
2027 2779 2281 2818 ambiguitatem

1269 2835 1460 2874 hujusmodi
1478 2834 1589 2864 taliter
1605 2834 1759 2864 duximus
1776 2833 2019 2869 declarandam,
2035 2837 2082 2868 ut,
2100 2833 2129 2863 si
2145 2832 2187 2862 ad
2203 2831 2282 2862 illos

1270 2888 1391 2927 quibus
1408 2887 1455 2917 sic
1471 2887 1556 2916 dIcte
1573 2886 1668 2916 Sedis
1684 2886 1875 2927 diriguntur
1895 2885 1979 2915 alias
2001 2889 2127 2924 spectat
2143 2883 2284 2915 canoni-
