2498 3325
274 251 332 280 314
1001 253 1240 283 REGISTRES
1263 252 1570 285 D’ALEXANDRE
1593 257 1649 286 IV.

349 318 367 344 Ι
375 317 464 345 0⁴0

310 378 357 410 H..
375 379 465 405 electo
483 378 645 411 Leodiensi,
663 379 805 414 quoddam
824 381 1058 415 impedimentum
1076 382 1220 408 occultum
1233 390 1284 408 cx-

273 431 413 461 ponente,
432 431 546 462 tempus
564 428 790 454 consecrationis
810 429 875 462 ejus
893 437 983 463 usque
1000 428 1033 455 ad
1051 430 1181 462 Quatuor
1198 430 1283 457 Tem-

846 318 959 352 Latran,
977 318 991 346 3
1003 319 1116 353 janvier
1136 319 1212 346 1256.

272 483 340 508 pora
365 476 486 509 proximi
511 476 619 502 mensis
641 476 814 510 septembris
838 481 982 512 prorogat.
1004 478 1085 510 (lim.
1103 478 1151 511 ilfi,
1170 479 1187 505 f.
1210 479 1281 511 tQSv,

270 531 338 549 ann.
356 523 393 554 11,
411 532 436 549 c.
456 524 512 557 231.)

313 629 325 641 α
344 618 392 651 IL,
411 618 499 645 clm-10
516 619 678 647 Leodiensi.
696 619 770 648 Non
787 620 958 650 varietatis
975 629 1077 656 error,
1095 622 1152 651 sed
1170 622 1280 660 potius

270 668 488 705 benignitatis
507 671 598 699 favor
616 671 805 705 intervenit,
819 682 893 701 cnm
907 673 1074 702 interdum
1090 674 1280 704 rationabili

270 729 370 750 causa
396 727 549 759 post-onte
574 727 695 753 statuta
720 728 827 753 vestra
851 724 919 754 illis
948 730 1062 755 contra
1087 736 1169 765 quos
1193 728 1281 757 edita

269 773 375 803 fuisse
404 779 586 804 noscuntur
615 776 766 806 volumus
792 786 857 806 non
889 778 1031 808 obstare.
1060 780 1151 810 Licet
1177 780 1280 817 igitur

267 826 356 855 circa
373 836 485 855 curam
504 827 719 857 ecclesiarum
738 829 975 860 sollicitudinis
991 832 1170 869 apostolice
1187 833 1280 863 debi-

268 882 337 907 tum
355 879 543 909 exolventes
564 880 757 911 <luxerimus
774 882 812 911 de
831 883 972 913 fratrum
991 889 1179 915 nostrorum
1201 896 1279 916 con-

267 931 343 960 silio
363 932 586 967 stanwndum,
606 937 640 962 ut
658 933 746 963 infra
763 939 889 964 certum
909 940 1037 974 tempus
1056 938 1090 966 in
1108 939 1278 977 episcopos

267 984 363 1014 electi
388 994 508 1014 numus
531 987 792 1017 consecrationis
809 989 994 1027 suscipiant
1018 996 1223 1028 reverenter,
1243 993 1277 1022 in

268 1040 298 1066 te
317 1040 425 1066 tantun
449 1038 488 1067 ad
508 1048 644 1075 presens
664 1039 937 1077 impedimentum
958 1044 1207 1075 considerantes
1223 1054 1278 1075 oc-

267 1089 404 1124 cultum,
421 1091 506 1128 quod
519 1091 659 1121 dilectus
676 1092 765 1122 lilius
780 1099 892 1124 noster
906 1096 954 1131 P.‚
969 1097 1075 1125 sancti
1088 1098 1221 1135 Georgii
1237 1099 1278 1128 ad

266 1142 385 1171 Velmn
402 1143 548 1173 Aureum
566 1144 724 1175 diaconus
742 1147 932 1183 cardinalis,
951 1149 1046 1179 nobis
1066 1152 1227 1188 exposuit,
1246 1156 1278 1181 et

267 1203 365 1232 super
378 1195 437 1224 hoc
452 1196 619 1226 devotioni
632 1202 696 1234 tue,
714 1208 754 1228 ne
767 1200 900 1229 feriaris
915 1201 1063 1239 ejusdem
1075 1204 1190 1233 statuti
1205 1213 1277 1234 sen-

265 1248 380 1282 tentia,
400 1248 437 1277 de
455 1249 592 1286 speciali
609 1251 716 1287 gratia
733 1252 956 1289 providentes,
975 1257 1104 1292 tempus
1122 1260 1175 1285 tue
1192 1257 1277 1286 ordi-

265 1301 412 1330 nationis
434 1306 465 1331 et
485 1304 745 1333 consecrationis
762 1314 867 1344 usque
890 1306 930 1335 ad
953 1307 1101 1343 Quatuor
1116 1310 1277 1348 Tempora

263 1354 404 1392 proximi
423 1355 548 1385 mensis
566 1357 774 1394 septembris,
793 1362 915 1389 statuto
932 1360 1123 1399 hujusmodi
1141 1372 1206 1392 non
1223 1364 1276 1393 ob-

264 1410 387 1442 stante,
406 1408 601 1438 auctoritate
620 1411 825 1447 presentium
850 1421 1077 1451 prorogamus.
1096 1415 1145 1445 Ita
1165 1420 1274 1446 tamen

263 1459 349 1498 quod
366 1461 574 1498 postmodum
590 1472 648 1500 per
663 1463 846 1493 interstitia
865 1469 1049 1503 temporum
1066 1467 1170 1498 facias
1188 1473 1218 1499 te
1235 1470 1275 1500 ad

263 1521 374 1542 sacros
394 1513 527 1544 ordines
549 1516 735 1552 promoveri
754 1521 785 1546 et
804 1517 838 1546 in
861 1518 1053 1557 episcopum
1073 1523 1273 1552 consecrari.

233 1593 235 1595 ,
262 1564 356 1594 Nulli
385 1569 444 1595 etc.
481 1570 592 1597 nostre
622 1569 866 1606 prorogationis
894 1575 955 1601 etc.
988 1572 1061 1602 Dat.
1100 1574 1271 1611 Laterani,

262 1617 314 1646 III
330 1625 434 1647 nonas
447 1618 606 1657 januarii,
626 1629 712 1650 anno
729 1623 885 1652 secundo.
906 1636 918 1649 n

336 1775 450 1804 ¹041

298 1835 467 1869 Laurentio,
487 1838 589 1864 rectori
611 1839 750 1866 ecclesiae
771 1840 805 1866 de
823 1840 998 1874 Heutevilla‚
1017 1843 1186 1872 Baiocensis
1209 1846 1272 1873 dio-

261 1884 348 1915 cesis,
367 1885 499 1911 concedit
515 1886 678 1913 facultatem
697 1889 854 1922 recipiendi
868 1894 896 1916 et
912 1892 1052 1919 retinendi
1069 1893 1207 1920 beneficia
1223 1903 1272 1922 ec-

260 1932 421 1959 clesiastica
439 1941 531 1968 usque
546 1934 580 1960 ad
598 1943 741 1962 suminam
758 1941 872 1964 centum
896 1939 1030 1966 librarum
1048 1941 1251 1976 sterlingorum
1264 1966 1270 1976 ‚

260 1979 344 2005 etiam
361 1980 385 2006 si
406 1989 504 2007 curam
521 1982 680 2009 animarum
698 1984 829 2012 habeant.
846 1986 928 2020 (Rea.
946 1987 995 2020 24,
1013 1988 1031 2015 s.
1053 1989 1125 2024 128⁷,
1142 1999 1210 2018 ann.
1226 1991 1269 2024 11,

259 2035 284 2054 c.
303 2028 358 2057 32.)

815 1780 928 1814 Latran,
948 1782 978 1809 13
991 1784 1105 1817 janvier
1122 1785 1200 1812 1256.

301 2134 313 2149 «
334 2124 509 2159 Laurentio,
525 2128 636 2155 rectori·
650 2129 767 2157 ecclesie
783 2129 817 2158 de
831 2130 1010 2166 Heutevilla,
1024 2133 1196 2164 Baiocensis
1209 2135 1270 2164 dio-

259 2176 342 2204 cesis.
363 2176 433 2205 Etsi
456 2182 588 2215 propter
603 2196 649 2208 —.
676 2181 749 2210 Dat.
777 2182 948 2219 Laterani,
972 2184 1083 2215 idibus
1102 2186 1268 2225 januarii,

258 2236 345 2258 anno
362 2230 516 2260 secundo.
538 2244 550 2257 n

332 2387 448 2417 1042

295 2447 450 2482 Ayinerico
465 2449 498 2475 de
514 2450 593 2477 Aver
608 2451 680 2478 laico
697 2456 725 2478 et
741 2452 871 2480 Mabiliae
889 2457 970 2482 uxori
985 2458 1060 2491 ejus,
1077 2462 1159 2485 natae
1175 2468 1268 2494 quon-

257 2496 320 2522 dam
340 2496 443 2523 Hervei
460 2497 580 2531 Leserle,
598 2500 820 2534 Andegavensis
836 2503 972 2535 diocesis.
989 2510 1090 2540 quarta
1101 2516 1132 2533 se
1145 2516 1269 2536 consan-

257 2544 408 2578 guinitatis
425 2546 498 2572 linea
510 2547 730 2583 attingentibus,
747 2550 886 2585 indulget,
906 2556 936 2579 ut
951 2553 977 2579 in
999 2555 1180 2583 matrimonio
1196 2565 1268 2584 con·

257 2596 348 2618 tracto
365 2593 441 2620 licite
458 2599 631 2622 remaneant.
652 2597 734 2630 (Rea.
752 2598 796 2631 ‘z-t,
812 2599 831 2626 f.
852 2600 922 2634 1282
940 2610 1007 2629 ann.
1022 2602 1060 2634 ΙΙ,
1078 2612 1103 2631 c.
1122 2604 1177 2638 33.)

809 2391 925 2427 Latran,
947 2394 1102 2429 12janvie1·
1119 2397 1196 2425 1256.

300 2698 312 2712 «
333 2688 491 2724 Aymerico
508 2689 541 2718 de
555 2691 575 2718 A
584 2699 643 2726 ver,
665 2692 759 2727 laico,
782 2699 807 2722 ei
827 2695 962 2732 induite,
984 2700 1078 2727 tia-ori
1093 2700 1170 2736 ejus,
1198 2707 1267 2731 nate

258 2740 413 2776 quondam
428 2741 537 2770 Hercei
552 2743 675 2779 Leserle,
695 2745 919 2782 Andeyauwwis
935 2749 1069 2780 diocesis.
1087 2751 1268 2784 Consuevit

259 2791 361 2820 Sedes
387 2793 567 2830 apostolica
592 2799 652 2825 etc.
675 2806 781 2835 usque
807 2808 812 2826 :
839 2799 1014 2838 impertiri.
1039 2803 1122 2833 Cum
1144 2805 1264 2843 igitur,

258 2843 343 2873 sicut
374 2854 411 2874 ex
442 2850 534 2883 parte
565 2852 674 2878 vestra
698 2849 762 2879 suit
789 2853 994 2890 propositum
1018 2864 1127 2886 coram
1158 2859 1265 2895 nobis,

257 2901 375 2934 quarta
390 2907 446 2927 vos
463 2899 607 2930 invicem
623 2903 924 2941 consanguinitatis
935 2906 1025 2937 linea
1036 2909 1266 2948 contingentes

1367 320 1616 351 matrimonium
1632 322 1718 353 inter
1732 333 1788 353 vos
1803 324 1842 353 ad
1856 325 1997 355 invicem
2010 325 2171 357 duxeritis
2183 327 2378 358 contrahen-

1366 372 1454 407 dum,
1475 382 1548 409 nos,
1568 376 1686 405 vestris
1705 377 2005 416 supplicationibus
2022 378 2190 415 inclinati,
2211 385 2245 410 ut
2262 381 2296 410 in
2313 381 2377 411 hu-

1362 425 1506 463 jusmodi
1528 427 1739 457 matrimonio
1756 439 1928 460 remanere
1945 430 2050 466 licite,
2074 432 2220 470 predicto
2237 433 2377 471 impedi-

1365 482 1475 507 mento
1492 483 1522 508 et
1539 480 1625 518 quod
1645 490 1744 519 super
1760 482 1972 520 sponsalibus
1990 484 2211 518 int11·1·te,lilia
2226 485 2374 522 Malana,

1365 534 1394 559 et
1412 531 1609 561 Gausridum
1627 533 1715 563 infra
1733 535 1943 573 septeni‘iitnn
1966 537 2183 566 constitutum
2205 538 2376 568 consobri-

1365 592 1443 612 num
1464 588 1566 619 tumn,
1583 585 1630 614 fili
1644 587 1832 624 Aynicrice,
1849 588 2095 623 contrahendis,
2115 590 2201 619 inter
2218 594 2289 620 tuos
2307 590 2376 621 titia

1364 636 1501 666 Maliilia
1517 639 1783 675 consanguineos
1799 644 1829 670 et
1847 641 1951 678 ipsius
1974 642 2125 671 Gauii-idi
2148 643 2375 680 progenitores

1365 693 1522 719 tractatus
1537 690 1671 721 habitus
1686 696 1745 727 est,
1764 702 1974 732 nequaquam
1987 694 2208 729 obstantibus,
2223 695 2372 732 valeatis,

1363 743 1558 773 auctoritate
1590 744 1682 774 vobis
1708 746 1913 783 presentium
1939 747 2163 784 indulgemus.
2190 747 2283 777 Nulli
2311 752 2370 778 etc.

1363 796 1436 824 Dat.
1457 796 1624 832 Laterani,
1644 798 1673 827 11
1693 798 1766 828 idus
1781 798 1942 837 januarii,
1961 809 2047 829 1111110
2067 801 2222 830 serundo.
2245 814 2257 827 υ

1437 961 1556 990 1043

1399 1023 1530 1058 Philippo
1546 1024 1580 1049 dt·
1597 1024 1626 1050 S.
1643 1023 1746 1054 Cruee,
1761 1025 1925 1058 protentino
1940 1024 2043 1058 Bai-oli,
2057 1025 2173 1052 domum
2189 1026 2272 1052 sitam
2287 1034 2374 1062 prope

1360 1072 1508 1098 fundicum
1530 1071 1622 1098 Baroli
1643 1076 1671 1098 ct
1689 1077 1792 1099 terram
1811 1081 1928 1099 vacuam
1949 1082 2036 1108 prope
2060 1077 2170 1108 portam
2187 1082 2212 1101 s.
2234 1073 2375 1101 Leonas-di

1360 1121 1491 1147 coneedit
1507 1121 1534 1147 in
1550 1121 1679 1154 feudum,
1702 1122 1737 1147 ita
1749 1122 1825 1156 quod
1842 1122 1915 1148 duas
1930 1123 2052 1156 galiotas
2063 1123 2152 1148 armis
2164 1122 2298 1149 decenter
2310 1131 2375 1150 mu-

1362 1169 1436 1195 nitas
1453 1173 1584 1195 tencatur
1603 1170 1738 1195 exhibere
1759 1169 1792 1195 ad
1815 1170 2018 1205 quodcumque
2036 1171 2169 1203 generale
2190 1171 2306 1198 stolium
2323 1180 2374 1206 ga-

1360 1218 1467 1244 learum
1487 1218 1631 1244 Romanae
1647 1218 1803 1244 Ecclesiae.
1822 1219 1905 1252 (stae.
1924 1219 1967 1251 ⁵24,
1985 1220 2002 1246 s.
2024 1219 2082 1253 129,
2100 1228 2165 1247 ann.
2184 1219 2223 1255 ΙΙ,
2239 1229 2265 1247 c.
2282 1220 2338 1255 34.)

1930 962 2048 994 Lau-an,
2066 964 2081 989 8
2094 964 2207 998 janvier
2225 964 2302 992 1256.

1401 1331 1414 1345 «
1441 1320 1542 1349 Nobili
1565 1321 1642 1355 viro,
1670 1321 1819 1358 Pliylippo
1846 1321 1879 1349 cle
1903 1321 2016 1349 Sancta
2043 1322 2146 1355 Cruce,
2172 1322 2374 1351 Prothoneino

1359 1373 1476 1406 Bai‘oli,
1496 1373 1580 1409 fideli
1597 1377 1708 1401 nostro.
1727 1373 1862 1402 Sincere
1880 1372 2066 1402 devotionis
2083 1382 2181 1411 quam
2199 1373 2286 1404 circa
2304 1374 2370 1404 Ro-

1358 1434 1491 1454 manam
1514 1425 1601 1463 geris
1623 1425 1805 1455 Ecclesiam
1823 1430 1853 1455 et
1870 1426 2067 1456 inconcusse
2086 1427 2284 1462 constantie,
2304 1436 2370 1466 qua

1357 1477 1408 1507 illi
1425 1482 1538 1507 contra
1554 1487 1631 1507 suos
1648 1478 1855 1508 adversarios
1875 1479 2023 1513 astitisti,
2038 1488 2102 1508 non
2120 1488 2236 1510 sumus
2251 1479 2370 1511 imme-

1357 1540 1477 1564 mores,
1495 1530 1713 1569 dampnorum
1734 1531 1880 1569 plurium
1897 1531 2105 1570 aliorumque
2125 1532 2367 1569 gravaminum,

1357 1593 1421 1622 que
1435 1593 1492 1622 pro
1504 1584 1575 1622 ipsa
1588 1584 1790 1614 sustinuisse
1808 1584 2003 1620 dinosceris,
2018 1584 2185 1622 possimus
2197 1585 2368 1621 oblivisci3

1357 1637 1415 1667 sed
1430 1636 1490 1666 hec
1507 1637 1617 1666 omnia
1640 1636 1824 1666 recolentes
1846 1641 1876 1666 et
1899 1636 2077 1674 apostolice
2099 1637 2194 1667 Sedis
2209 1637 2322 1668 favore
2339 1641 2370 1667 te

1356 1689 1494 1727 dignum
1511 1689 1722 1727 agnoscimus
1737 1692 1767 1719 et
1785 1689 1855 1728 ejus
1873 1689 2046 1719 beneficiis
2061 1693 2090 1719 te
2103 1697 2278 1720 censemus
2295 1698 2370 1728 spe-

1355 1743 1486 1772 cialiter
1501 1742 1729 1776 attollendum,
1748 1742 1842 1771 firmo
1860 1742 2071 1772 intendentes
2085 1742 2252 1780 proposito
2269 1746 2300 1772 et
2315 1742 2369 1772 in-

1355 1796 1503 1826 tentione
1525 1795 1637 1825 stabili
1656 1799 1894 1833 proponentes,
1918 1799 1952 1824 ut
1976 1795 2063 1824 circa
2085 1795 2132 1824 tui
2155 1794 2317 1825 commodi
2337 1798 2368 1825 et

1354 1848 1491 1878 honoris
1519 1852 1734 1885 augmentum
1763 1847 1898 1877 solliciti
1926 1851 1956 1876 ct
1983 1847 2100 1885 vigiles
2129 1847 2310 1878 existamus
2336 1851 2368 1878 et

1355 1901 1547 1931 studeamus
1565 1900 1624 1929 tibi
1642 1900 1713 1930 loco
1730 1904 1760 1930 et
1777 1904 1922 1938 tempore
1938 1909 1994 1937 pro
2007 1899 2136 1929 meritis
2154 1900 2365 1938 respondere.

1354 1954 1441 1984 Hinc
1458 1958 1507 1983 est
1526 1953 1613 1992 quod
1629 1962 1698 1988 nos,
1720 1953 1785 1982 tuis
1805 1952 2105 1990 supplicationibus
2122 1952 2290 1988 inclinati,
2309 1952 2368 1983 do-

1354 2016 1445 2036 mum
1461 2006 1560 2036 sitam
1576 2015 1674 2044 prope
1697 2005 1870 2035 fundicum
1895 2005 2006 2035 I'1aroli
2030 2009 2061 2034 et
2086 2009 2207 2034 terram
2229 2013 2369 2034 vacuam

1353 2068 1453 2098 prope
1468 2063 1595 2097 portam
1612 2058 1719 2088 sancti
1735 2058 1910 2092 Leonardi,
1930 2057 2078 2097 ejusdem
2096 2057 2169 2093 loci,
2189 2066 2252 2096 que
2272 2058 2368 2088 Man-

1354 2111 1484 2145 fredus,
1516 2110 1683 2149 quondam
1710 2110 1862 2148 princeps
1891 2110 2109 2145 Tarentinus,
2140 2114 2212 2148 post
2239 2109 2368 2139 obitum

1354 2164 1520 2202 quondam
1543 2163 1711 2193 Frederici
1729 2162 1808 2192 olim
1833 2163 2058 2192 Romanorum
2080 2162 2290 2200 imperatoris
2307 2162 2368 2192 tibi

1354 2216 1535 2246 contulisse
1553 2216 1685 2251 dicitur,
1707 2215 1767 2245 tibi
1787 2215 1919 2254 tuisque
1936 2215 2116 2245 heredibus
2135 2215 2170 2244 in
2192 2215 2367 2245 devotione

1354 2269 1500 2299 Ecclesie
1512 2268 1770 2307 persistentibus
1783 2268 1816 2297 in
1832 2268 1968 2297 feudum
1982 2268 2194 2297 concedimus
2206 2267 2245 2298 de
2259 2267 2367 2306 gratia

1354 2321 1502 2360 speciali.
1520 2323 1570 2352 Ita
1586 2325 1695 2351 tamen
1715 2321 1803 2360 quod
1821 2325 1855 2350 tu
1872 2320 2039 2359 iidemque
2057 2320 2207 2355 heredes,
2221 2320 2366 2359 quando-

1353 2383 1495 2413 cumque
1517 2375 1668 2404 Romana
1689 2373 1835 2403 Ecclesia
1860 2372 2014 2409 generale
2038 2372 2173 2402 stolium
2194 2372 2365 2410 galearum

1353 2427 1613 2465 congregaverit,
1636 2426 1717 2456 duas
1744 2426 1883 2463 galiotas
1904 2425 2006 2455 arinis
2029 2425 2184 2455 decenter
2204 2425 2362 2461 munitas,

1353 2480 1455 2510 semel
1469 2484 1577 2509 tamen
1592 2479 1626 2508 in
1642 2488 1739 2513 anno,
1753 2488 1810 2516 pro
1826 2478 1983 2516 predictis
2000 2478 2095 2507 domo
2108 2482 2241 2508 et·terra
2255 2478 2364 2508 eidem

1352 2532 1499 2562 Ecclesie
1512 2531 1693 2561 teneamini
1710 2531 1877 2565 exhibere,
1893 2540 1950 2568 per
1964 2531 2064 2559 unius
2079 2530 2204 2560 mensis
2218 2530 2364 2568 spatium

1352 2586 1387 2614 in
1401 2585 1506 2623 ipsius
1524 2584 1670 2614 Ecclesie
1687 2583 1823 2613 servitio
1841 2583 1901 2612 sub
1916 2583 2035 2613 vestris
2050 2583 2237 2621 sumptibus
2253 2591 2363 2613 mora-

1351 2642 1454 2667 turas.
1472 2637 1565 2667 Nulli
1580 2640 1640 2666 etc.
1657 2641 1767 2666 nostre
1785 2635 2011 2665 concessionis
2029 2639 2089 2665 etc.
2105 2636 2176 2665 Dat.
2193 2634 2360 2670 Laterani,

1350 2691 1396 2721 VI
1413 2690 1487 2720 idus
1500 2689 1660 2729 januarii.
1678 2698 1764 2718 anno
1781 2688 1937 2718 secundo.
1961 2700 1973 2714 »

1904 2852 2017 2884 Latran,
2034 2852 2068 2878 ‘28
2080 2852 2194 2886 janvier
2213 2851 2287 2878 1256.

1425 2856 1445 2882 1
1452 2854 1540 2882 044

1386 2917 1486 2944 Eidem
1502 2917 1652 2944 confirmat
1667 2917 1886 2943 concessionem
1903 2914 2064 2941 Cannarum
2082 2915 2136 2941 loci
2148 2914 2195 2941 siti
2208 2922 2295 2949 prope
2306 2913 2360 2940 Ba-
