2498 3325
1012 227 1242 266 DEUXIEME
1264 226 1422 264 ANNEE.
2215 239 2271 269 381

169 306 351 338 Christiano,
369 306 497 333 notificat
515 314 547 331 se
571 305 715 331 universis
738 305 874 330 fratribus
900 303 1057 336 Hospitalis
1081 301 1180 327 Sancti

169 355 323 387 Johannis,
342 355 458 381 militiae
473 353 598 388 Templi,
617 353 767 379 domorum
790 352 913 379 Sanctae
934 352 1037 379 Mariae
1053 351 1180 377 Tbeuto-

172 404 301 430 nicorum
314 408 342 429 et
355 403 453 429 Sancti
470 403 566 428 Lazari
584 403 609 428 in
624 401 762 436 jamdicta
778 401 923 436 provincia
940 401 1117 431 constitutis,
1132 407 1181 434 per

170 453 240 479 alias
257 460 325 479 suas
345 452 411 477 dare
428 451 537 477 litteras
555 452 581 477 in
601 450 752 481 mandatis,
770 450 898 476 districte
916 451 1136 484 praecipientes,
1151 451 1181 474 ut

170 502 248 528 illum
260 502 335 527 sicut
348 500 524 535 apostolicae
536 499 620 525 Sedis
632 499 757 533 legatum
769 499 872 524 devote
885 499 1032 532 recipiant.
1043 498 1124 531 (Rae,
1133 497 1147 523 ‘2
1157 497 1178 528 1,

170 548 449 581 f.159‚ann.11,c.
467 548 539 580 2⁵22.)

212 678 224 692 ι(
249 689 281 701 ..,
304 666 484 703 patriarche
501 666 765 699 Jerosolimttano,
786 665 945 702 apostolice
965 664 1049 693 Sedis
1072 664 1176 699 leyato.

169 719 254 750 Cum
280 728 340 748 nos
363 719 424 748 tibi
449 736 498 747 ——.
525 719 598 748 Dat.
622 717 791 752 Laterani,
817 718 847 747 ΙΙ
865 716 1025 746 kalendas
1051 715 1178 754 aprilis,

170 781 257 801 anno
275 771 431 801 secundo.
451 784 463 797 υ

245 982 362 1010 1265

206 1044 351 1080 Episcopo
377 1044 526 1078 Sagiensi,
543 1045 629 1078 cnjus
650 1044 780 1070 redditus
806 1052 922 1070 mensae
943 1047 1011 1069 snut
1032 1048 1134 1070 tenues
1155 1047 1183 1070 et

171 1094 277 1126 oxites,
296 1093 502 1128 parrochialem
521 1094 672 1120 ecclesiam
695 1093 730 1119 de
751 1093 902 1123 Bnresart.
923 1093 955 1119 ad
973 1095 1037 1127 ejus
1054 1093 1183 1119 collatio-

172 1150 236 1168 nem
258 1145 286 1168 et
310 1146 490 1176 patronatum
513 1145 706 1175 spectantem,
730 1142 862 1168 concedit
884 1141 917 1168 ad
943 1150 1026 1168 usum
1051 1142 1181 1175 ejusdem

171 1199 305 1224 mensae,
334 1191 453 1216 cedente
479 1191 522 1216 vel
547 1190 705 1217 decedente
730 1195 851 1217 rectore.
883 1191 965 1223 (Rae⁴
993 1190 1043 1223 2³4,
1070 1191 1089 1216 f.
1118 1190 1180 1221 159,

170 1248 237 1266 ann.
255 1239 294 1274 11,
312 1248 336 1265 c⁴
353 1239 426 1273 223.)

757 981 869 1013 Latran,
890 981 923 1007 30
939 989 1014 1007 mars
1032 980 1109 1006 1256.

214 1368 226 1381 «
246 1378 280 1390 ..,
299 1357 431 1393 episcopo
447 1356 596 1392 sagiensi.
624 1355 842 1393 Exigentibus
860 1359 913 1385 tue
931 1356 1115 1385 devotionis
1132 1373 1180 1384 —.

172 1409 246 1438 Dat.
264 1408 433 1442 Laterani,
452 1409 501 1438 III
518 1407 678 1438 kalendas
697 1408 824 1446 aprilis,
844 1417 930 1438 anno
950 1408 1106 1438 secundo.
1128 1422 1140 1434 »

245 1620 363 1648 1266

208 1681 350 1716 Hospitali
372 1681 401 1709 S.
418 1681 545 1716 Spiritus
561 1681 596 1708 de
618 1681 694 1708 Urbe
712 1682 917 1708 monasterium
935 1681 965 1707 S.
983 1681 1105 1716 Helyae,
1125 1681 1183 1708 Nc-

174 1730 291 1763 pesinae
311 1730 451 1764 diocesis,
471 1733 587 1764 propter
603 1729 821 1756 dissolutionem
843 1730 1048 1756 monachorum
1073 1730 1183 1757 ordinis

171 1787 198 1805 s.
215 1777 365 1805 Benedicti
382 1779 490 1805 tribuit.
509 1778 592 1811 (Rae.
610 1778 654 1812 ⁶24,
673 1778 691 1805 f.
711 1777 909 1812 159,ann.11,
925 1786 949 1804 o.
967 1778 1040 1812 ⁶224)

764 1619 878 1650 Latran,
898 1619 926 1646 11
946 1620 1016 1646 avril
1035 1620 1110 1647 1256.

215 1907 227 1920 «
249 1917 281 1929 ..,
301 1895 459 1931 Moysis-tro,
478 1900 503 1923 ct
519 1894 671 1930 fratribus
687 1894 853 1931 Hospitalis
868 1894 975 1923 Sancti
995 1895 1134 1931 Spiritus
1150 1895 1182 1922 itt

172 1948 268 1977 Samia
284 1948 318 1976 (Ie
341 1948 421 1976 L'rbe.
442 1947 536 1982 Cum,
556 1947 641 1976 sicut
658 1955 715 1985 pro
737 1950 825 1976 certo
845 1947 1034 1981 didicimus,
1053 1947 1087 1976 in
1105 1947 1183 1977 hos-

173 1999 267 2038 pitali
296 2004 404 2030 vestro
431 2009 613 2038 pauperum
641 1999 864 2037 expositorum
892 2003 922 2029 et
952 1999 1183 2036 languentium

169 2053 277 2092 jaceat
294 2053 482 2087 multitudo,
499 2053 693 2091 adquorum
710 2053 1094 2092 sustentationemjuxta
1111 2062 1184 2082 ves-

173 2110 261 2135 trum
280 2105 482 2135 desiderium
499 2110 530 2135 et
547 2106 587 2135 ad
606 2105 671 2135 alia
688 2105 788 2135 etiam
805 2106 954 2135 caritatis
972 2115 1070 2144 opera
1092 2115 1184 2135 exer-

173 2159 289 2193 cenda,
309 2159 430 2197 quibus
443 2159 578 2197 jugiter,
597 2163 693 2196 prout
710 2159 908 2197 accepimus,
929 2159 1116 2192 deservitis,
1135 2159 1186 2197 ip-

175 2211 247 2241 sius
274 2211 450 2249 hospitalis
477 2220 541 2241 non
568 2211 738 2241 sufficiunt
760 2211 950 2246 facultates,
973 2211 1185 2249 supplicastis

176 2273 234 2302 per
260 2264 376 2294 Sedem
400 2263 613 2301 apostolicam
637 2264 729 2293 vobis
751 2268 781 2293 et
806 2264 998 2303 hujusmodi
1023 2264 1186 2302 languen-

174 2317 265 2347 tibus
282 2317 543 2346 misericorditer
562 2317 739 2355 provideri.
765 2318 809 2347 Ut
833 2317 937 2355 igitur
962 2317 1125 2355 premissa
1149 2327 1187 2347 ex

175 2371 305 2400 fervore
336 2379 453 2407 magne
483 2369 616 2408 pietatis
646 2370 842 2408 prodeuntia
872 2379 1023 2400 exercere
1051 2370 1187 2408 possitis

176 2423 296 2453 fortius
320 2427 351 2452 et
374 2422 527 2455 liberius,
546 2427 677 2460 propter
693 2423 798 2452 Deum
816 2423 1055 2453 monasterium
1075 2423 1187 2453 Sancti

176 2475 299 2514 Helye,
318 2476 446 2505 ordinis
467 2476 573 2505 sancti
592 2475 779 2511 Benedicti,
797 2475 876 2505 olim
894 2476 1060 2514 Nepesino
1077 2476 1187 2506 dioce-

176 2529 240 2564 sis,
257 2529 344 2568 quod
364 2533 497 2567 propter
516 2528 770 2559 dissolutionem
787 2533 817 2559 et
833 2529 998 2558 incuriam
1016 2538 1075 2558 seu
1092 2529 1188 2558 mali-

177 2583 258 2612 tiam
272 2582 495 2611 habitantium
510 2582 543 2611 in
557 2582 671 2612 eodem
686 2582 906 2621 spiritualiter
918 2587 948 2612 et
963 2582 1188 2620 temporaliter

176 2640 227 2666 est
244 2644 308 2665 non
326 2635 491 2665 modicum
509 2635 740 2671 deformatum,
754 2635 847 2665 vobis
862 2640 892 2666 et
910 2635 1016 2665 eidem
1030 2635 1188 2674 hospitali

178 2688 219 2718 ad
244 2697 325 2726 opus
348 2697 529 2727 pauperum
548 2688 748 2724 eorumdem,
768 2697 843 2718 cum
866 2688 1033 2723 ecclesiis,
1055 2688 1185 2723 castris,

174 2741 308 2780 juribus
323 2745 353 2770 et
366 2741 521 2771 omnibus
535 2741 748 2779 pertinentiis
761 2741 843 2777 suis,
857 2741 895 2771 de
908 2741 1049 2771 fratrum
1063 2745 1188 2770 nostro-

178 2803 252 2823 rum
269 2794 420 2830 consilio,
439 2794 477 2824 de
495 2794 601 2831 gratia
622 2795 825 2824 conferimus
849 2794 997 2833 speciali.
1016 2793 1108 2824 Nulli
1126 2798 1186 2824 etc.

178 2851 291 2878 nostre
307 2847 534 2877 concessionis
551 2852 611 2878 etc.
632 2849 706 2877 Dat.
721 2848 886 2883 Laterani,
901 2849 950 2878 III
968 2847 1042 2877 idus
1060 2846 1187 2886 aprilis,

179 2909 268 2931 anno
285 2901 441 2931 secundo.
461 2914 472 2927 n

1338 301 1450 329 1262

1300 362 1346 392 R„
1365 362 1395 388 S.
1414 362 1517 397 Angeli
1535 363 1655 390 diacono
1672 365 1824 397 cardinali,
1842 368 1966 399 mandat,
1985 371 2025 399 ut,
2042 368 2144 395 abbate
2160 378 2193 395 ao
2210 378 2273 397 mo-

1264 411 1363 436 nacbis
1380 413 1546 438 monasterii
1565 412 1594 438 S.
1614 412 1720 448 Helyae
1736 415 1841 441 amotis
1857 419 1884 441 ct
1900 416 1927 441 in
1944 416 2007 442 aliis
2027 419 2210 445 monasteriis
2227 427 2274 445 or-

1263 459 1338 485 dinis
1354 468 1378 485 s.
1398 459 1547 487 Benedicti
1564 462 1721 493 collocatis,
1739 463 1842 490 fratres
1858 464 1888 491 S.
1906 464 2033 499 Spiritus
2050 467 2076 492 in
2095 468 2274 500 corporalem

1264 508 1356 542 ipsius
1374 509 1550 540 monasterii,
1565 511 1751 537 ecclesiarum
1769 515 1796 538 et
1814 513 2048 546 pertinentiarum
2062 516 2192 549 ejusdem
2206 525 2275 551 pos-

1262 557 1424 582 sessiouem
1441 557 1567 584 inducat,
1584 558 1666 591 (Rea.
1685 559 1729 589 2³4,
1747 560 1765 585 f.
1786 560 1857 592 159‘1,
1875 570 1941 588 ann.
1958 561 1995 594 ΙΙ,
2014 571 2038 589 c.
2057 563 2150 595 9242)

1852 304 1968 336 Latran,
1989 306 2017 332 11
2035 308 2104 333 avril
2124 307 2200 335 ¹256.

1305 664 1317 692 ‹5
1347 653 1391 687 It,
1428 652 1536 681 Sancti
1564 654 1672 690 Anyelt'
1702 655 1830 684 diacono
1860 657 2028 686 cardinali.
2064 658 2147 688 Cum
2186 659 2274 689 sicut.

1262 713 1320 741 pro
1336 722 1384 733 —.
1403 705 1475 734 Dat,
1498 706 1664 741 Laterani,
1682 708 1731 737 III
1748 707 1822 737 idus
1837 708 1963 746 aprilis,
1980 719 2066 740 anno
2080 712 2236 742 secundo.
2256 724 2271 739 n

1339 862 1459 890 1268

1302 924 1416 951 Decano
1433 928 1460 951 et
1477 926 1602 959 capitulo
1627 925 1859 954 Bituricensibus
1879 930 2012 956 concedit
2034 931 2197 958 facultatem
2221 933 2275 959 ob-

1869 865 1986 898 Latran,
2005 867 2017 893 4
2036 869 2106 894 avril
2125 869 2201 896 1256.

1264 973 1398 1000 servandi
1416 974 1542 1000 ultimam
1561 975 1768 1002 ordinationem
1786 985 1858 1010 qnae
1875 977 2009 1003 intereos
2024 980 2175 1006 intervenit
2187 989 2276 1015 super

1261 1022 1475 1056 jurisdictionis
1490 1024 1669 1057 quaestione.
1687 1024 1770 1057 (Rea.
1788 1025 1832 1057 (Μ,
1848 1026 1866 1052 f.
1888 1026 1959 1060 lbss',
1976 1036 2042 1054 ann.
2060 1027 2098 1059 ΙΙ,
2115 1036 2141 1056 c,
2157 1029 2231 1063 2²25.)

1308 1130 1320 1144 (ι
1394 1119 1505 1147 arcano
1523 1124 1548 1147 et
1565 1121 1698 1156 capitulo
1714 1121 1965 1150 Bituricensibus.
1982 1122 2026 1152 Ex
2041 1127 2151 1153 tenore
2166 1129 2276 1155 vestre

1266 1171 1437 1208 petitionis
1464 1171 1663 1209 accepimus,
1688 1172 1774 1210 quod
1797 1173 1875 1202 olim
1903 1174 2044 1205 diversis
2070 1177 2276 1214 temporibus

1266 1224 1353 1253 inter
1370 1224 1512 1253 decanos
1539 1225 1595 1262 qui
1620 1225 1652 1253 in
1673 1225 1813 1255 ecclesia
1830 1227 2033 1257 Bituricensi
2056 1230 2192 1260 fuerunt
2216 1240 2276 1269 pro

1267 1281 1411 1315 tempore
1430 1278 1628 1313 successive,
1647 1289 1684 1308 ex
1701 1284 1791 1317 parte
1808 1290 1885 1315 una,
1903 1286 1933 1310 et
1949 1282 2130 1320 capitulum
2147 1284 2276 1314 Bituri-

1266 1331 1407 1361 ricensis
1423 1331 1561 1361 ecclesie
1579 1340 1677 1369 snper
1691 1333 1924 1371 jurisdictione
1941 1336 2113 1373 temporali
2131 1346 2275 1375 quarun-

1267 1384 1341 1413 dam
1364 1383 1517 1413 villarum
1543 1384 1582 1413 ad
1605 1384 1779 1414 ecclesiam
1796 1386 1902 1424 ipsam
1919 1389 2150 1425 spectantium,
2170 1400 2207 1420 ex
2226 1390 2276 1420 al-

1267 1440 1347 1467 tera.
1366 1437 1505 1466 materia
1522 1437 1719 1475 questionis,
1740 1442 1770 1468 et
1794 1447 1893 1476 super
1911 1439 1971 1469 hoc
1988 1441 2129 1472 diversis
2147 1446 2275 1481 tempo-

1266 1489 1359 1518 ribus
1390 1489 1468 1518 hinc
1499 1490 1575 1519 inde
1608 1490 1750 1520 diversis
1781 1493 2077 1530 compositionibus
2108 1495 2202 1526 initis
2235 1497 2275 1528 de

1267 1542 1483 1571 observandis
1500 1543 1624 1572 eisdem
1647 1548 1677 1573 et
1699 1544 1737 1573 de
1758 1553 1822 1574 non
1846 1545 2053 1584 impetrando
2072 1548 2201 1587 aliquas
2218 1550 2276 1581 lit-

1267 1599 1353 1625 teras
1370 1595 1410 1623 ab
1427 1595 1607 1632 apostolica
1624 1596 1717 1631 Sede,
1739 1597 1778 1626 ad
1799 1599 2020 1629 revocandum
2037 1601 2169 1631 easdem
2189 1607 2219 1632 et
2236 1604 2276 1634 de

1267 1657 1333 1678 non
1366 1648 1489 1678 utendo
1519 1648 1618 1678 etiam
1648 1650 1833 1687 impetratis
1865 1652 2080 1690 singulariter
2114 1657 2278 1694 corporali

1263 1702 1452 1740 juramento
1476 1702 1645 1732 firmastis.
1668 1704 1808 1733 Demum
1829 1705 1922 1735 vobis
1943 1709 2163 1739 communiter
2185 1719 2279 1741 rece-

1267 1755 1423 1785 dentibus
1445 1765 1463 1784 a
1484 1757 1780 1794 compositionibus
1801 1759 2001 1796 supradictis
2025 1765 2055 1791 et
2076 1763 2279 1793 remittenti-

1267 1808 1328 1837 bus
1343 1808 1435 1838 vobis
1453 1808 1492 1837 ad
1509 1809 1653 1839 invicem
1670 1809 1861 1848 hujusmodi
1875 1812 2075 1850 Juramenta,
2090 1816 2279 1847 amicabilis

1268 1860 1333 1889 alia
1350 1870 1449 1898 super
1462 1861 1697 1899 jurisdictione
1716 1863 1799 1901 ipsa,
1819 1865 2043 1896 mediantibus
2067 1867 2163 1898 bonis
2177 1869 2277 1908 juris,

1266 1913 1355 1942 inter
1381 1922 1436 1942 vos
1469 1914 1634 1943 ordinatio
1662 1915 1858 1952 intervenit,
1887 1918 1926 1947 ad
1957 1927 2054 1956 quam
2081 1922 2278 1952 servandam

1268 1970 1383 2004 sponte
1401 1976 1472 1998 vos,
1495 1967 1684 2005 juramento
1709 1970 1871 2007 corporali
1890 1972 2039 2009 prestito,
2061 1975 2278 2012 astrinxistis,

1268 2028 1331 2057 que
1343 2028 1400 2057 per
1415 2020 1532 2050 Sedent
1546 2021 1759 2058 apostolicam
1773 2027 1831 2057 est,
1846 2027 1881 2052 ut
1894 2025 2056 2061 asseritis,
2072 2027 2277 2058 confirmata.

1268 2073 1336 2102 Nos
1359 2073 1472 2111 igitur,
1497 2074 1618 2104 vestris
1648 2075 1948 2113 supplicationibus
1974 2078 2137 2115 inclinati,
2165 2082 2281 2112 obser-

1268 2126 1366 2155 vandi
1384 2127 1627 2157 ordinationem
1645 2128 1749 2166 ipsam
1767 2129 1930 2161 ultimam,
1947 2132 2064 2169 primis
2077 2133 2280 2172 juramentis

1269 2189 1479 2218 nequaquam
1501 2181 1722 2215 obstantibus,
1748 2184 1943 2214 auctoritate
1962 2185 2055 2215 vobis
2074 2189 2281 2224 presentium

1268 2232 1407 2262 liberam
1425 2234 1636 2264 concedimus
1659 2235 1861 2266 facultatem.
1880 2237 1973 2267 Nulli
1990 2243 2050 2268 etc.
2071 2245 2182 2272 nostre
2201 2251 2281 2272 con-

1269 2286 1432 2315 cessionis
1457 2291 1516 2316 etc.
1544 2288 1615 2316 Dat.
1643 2288 1809 2325 Laterani,
1832 2291 1863 2319 II
1883 2299 1987 2321 nonas
2005 2292 2112 2330 aprili,
2131 2303 2218 2325 anno
2234 2305 2284 2326 se-

1270 2339 1388 2368 cundo.
1410 2352 1422 2365 »

1345 2497 1458 2525 1269

1307 2558 1537 2593 Areliiepiscopo
1564 2559 1762 2594 Armaobano,
1789 2561 1934 2589 Yberniae
1959 2565 2096 2600 primato,
2119 2575 2184 2593 cum
2210 2576 2285 2595 non-

1272 2607 1340 2633 nulli
1356 2607 1452 2633 etet-ici
1472 2608 1636 2641 provinciae
1652 2609 1745 2643 ipsius
1763 2610 1842 2643 plura
1859 2612 2054 2639 ecclesiastica
2068 2614 2206 2642 beneficia
2218 2616 2283 2643 sine

1271 2655 1487 2690 dispensatione
1503 2656 1641 2688 detinent,
1660 2658 1793 2685 concedit
1809 2659 1972 2687 facultatem
1989 2662 2153 2689 conferendi
2170 2668 2283 2699 septem

1271 2704 1305 2730 de
1334 2704 1481 2730 benefieiis
1508 2705 1676 2739 hujusmodi
1702 2708 1846 2734 vacaturis
1872 2709 1990 2735 totidem
2014 2712 2147 2744 personis
2171 2713 2284 2740 idoneis

1272 2753 1435 2780 volentibus
1452 2754 1578 2780 residere
1592 2758 1619 2780 et
1631 2756 1781 2790 suscipere
1793 2757 1910 2784 ordines
1923 2763 2129 2793 congruentes.
2145 2761 2227 2794 (Rae.
2237 2762 2284 2795 ί24,

1271 2802 1292 2828 f.
1309 2802 1382 2834 159¹,
1405 2810 1471 2828 anu.
1492 2802 1531 2833 ΙΙ,
1548 2811 1574 2829 c.
1590 2803 1665 2836 2⁵20.)

1858 2500 1977 2534 Latran,
1996 2503 2024 2529 11
2043 2505 2113 2530 avril
2131 2506 2209 2533 1‘256.

1315 2909 1327 2924 α
1355 2920 1388 2932 ..,
1406 2898 1632 2936 archiepiscopo
1654 2901 1861 2937 Armacham,
1892 2902 2014 2932 l'bernie
2033 2904 2181 2941 primate.
2203 2905 2287 2944 Dig-
