2441 3330
149 183 204 212 128
872 179 1113 211 REGISTRES
1135 179 1443 210 D'ALEXANDRE
1466 180 1522 210 IV.

147 246 312 286 prebende
344 255 379 275 ac
410 245 593 276 cotidianas
625 245 878 276 distributiones
906 251 937 276 et
967 253 1158 276 communes

146 303 325 338 proventus
342 298 484 336 percipis
501 302 531 328 et
549 298 735 328 admitteris
749 298 849 328 etiam
864 299 899 328 in
915 299 1014 330 choro
1027 302 1057 328 et
1073 297 1158 336 capi-

147 351 215 382 tulo
241 360 276 381 ac
302 351 342 380 ad
367 359 481 380 omnes
505 359 696 381 communes
718 355 876 381 tractatus
897 351 983 381 sicut
1006 350 1063 380 alii
1084 359 1159 389 pre-

146 404 271 434 bendas
294 403 483 433 obtinentes
506 403 540 432 in
565 403 705 433 ecclesia
730 404 919 442 supradicta
945 408 975 433 et
1000 404 1034 433 in
1056 403 1158 441 septi-

147 466 245 487 mana
261 460 317 486 tua
333 456 439 485 servis
455 455 489 484 in
507 455 766 486 subdiaconatus
783 456 917 487 ordines
933 457 967 486 in
986 456 1100 486 eadem
1117 455 1157 486 ab

147 511 219 548 ipsa
235 509 375 539 ecclesia
392 508 594 543 excludaris,
612 513 647 538 ut
670 518 727 547 per
747 510 1019 540 constitutionem
1040 509 1158 548 hujus—

146 562 234 593 modi
251 572 314 601 quo
332 562 371 591 ad
388 562 619 591 canonicatum
634 562 780 600 predicte
797 562 936 593 ecclesie
953 566 984 592 et
999 561 1157 600 provisio-

147 625 222 646 nem
237 615 296 644 tihi
315 614 501 644 faciendam
515 614 549 643 in
567 624 604 644 ca
622 614 660 644 de
679 614 846 653 prebenda
858 615 952 654 juxta
968 619 1157 644 nostrarum

147 673 178 698 et
193 668 298 706 ipsius
316 667 560 705 predecessoris
575 666 762 697 lit-terarum
776 667 1015 698 continentiam
1028 666 1068 696 ad
1079 675 1156 696 eun-

147 720 219 750 dem
237 720 426 758 episcopum
443 728 542 758 super
560 719 620 749 hoc
639 719 839 750 directarum
856 719 986 749 nullum
1001 719 1062 748 tihi
1082 727 1157 757 pre-

144 773 307 812 Judicium
325 777 512 811 generetur,
531 772 727 803 auctoritate
744 773 804 802 tihi
820 773 1026 811 presentium
1044 771 1158 802 indul-

148 834 279 864 gemus,
297 826 513 856 decernentes
536 825 623 864 quod
644 829 699 855 tua
723 826 867 864 receptio
889 825 989 855 robur
1009 824 1158 854 obtineat

147 878 324 908 firmitatis.
351 878 444 908 Nulli
467 883 528 908 etc.
554 882 664 908 nostre
687 878 914 908 concessionis
938 882 999 908 etc.
1022 878 1095 907 Dat.
1121 881 1158 907 ut

149 940 260 970 supra.
281 944 293 958 n

218 1114 310 1143 420
734 1113 852 1148 Naples,
871 1113 903 1140 30
918 1113 988 1139 avril
1007 1112 1083 1139 1255.

184 1177 327 1211 Episcopo
344 1177 514 1203 Novariensi
536 1176 659 1208 mandat,
678 1180 708 1203 ut
726 1176 761 1202 ad
778 1176 971 1210 provisionem
988 1176 1082 1210 ipsius
1098 1175 1158 1202 Ge-

149 1226 224 1253 rardi
238 1225 376 1252 Tui-nielli
393 1225 537 1260 procedat.
555 1225 639 1257 (Rso.
655 1225 704 1259 24,
722 1233 747 1252 c.
765 1224 838 1259 347²,
855 1225 875 1252 f.
891 1224 960 1256 51¹2)

190 1339 202 1353 ιι
226 1349 258 1359 ..,
277 1327 410 1364 episcopo
431 1326 624 1355 Novar-tensi.
643 1325 735 1355 Sicut
751 1325 869 1364 petitio
885 1325 997 1356 dilecti
1013 1344 1062 1355 —.
1081 1327 1154 1356 Dat.

147 1379 298 1417 Neapoli,
316 1380 347 1409 II
364 1378 523 1408 kalendas
542 1378 633 1414 maii,
651 1387 738 1409 anno
756 1379 873 1417 primo.
894 1390 906 1405 »

217 1563 303 1592 421
762 1561 884 1597 Naples,
902 1562 916 1589 3
933 1562 987 1588 mai
1005 1562 1082 1589 1255.

183 1625 295 1652 Matheo
312 1625 388 1651 dicto
398 1624 558 1656 Tei-visino,
571 1622 695 1650 Johanni
713 1627 742 1650 et
758 1623 869 1650 Marino
886 1623 1006 1650 Zorzani
1021 1628 1049 1650 et
1064 1623 1155 1650 Nico-

147 1675 190 1701 lao
206 1673 321 1700 Venero
337 1677 364 1699 et
379 1681 478 1699 eorum
494 1672 598 1703 sociis,
615 1672 729 1699 civibus
745 1671 932 1699 Venetiarum
943 1695 949 1706 ,
963 1674 1014 1707 jus
1030 1673 1155 1700 cudendi

148 1726 290 1750 monetam
312 1730 403 1756 usque
425 1721 460 1747 ad
483 1722 556 1748 duos
581 1729 672 1748 annos
696 1730 711 1747 a
732 1720 767 1749 G.
785 1722 947 1756 patriarcha
964 1722 1154 1756 Aquilegensi

148 1780 198 1807 pro
212 1775 289 1798 certa
305 1771 442 1806 pecuniae
462 1771 620 1804 quantitate
636 1778 808 1796 conoessum
826 1770 986 1797 confirmat.
1004 1770 1087 1803 (Rso.
1105 1769 1153 1804 24,

146 1829 171 1848 c.
189 1820 249 1851 348,
267 1820 286 1848 f.
301 1820 362 1852 51v3
383 1819 529 1846 Pom-ussa·
547 1818 654 1850 15837.)

187 1935 199 1948 u
221 1923 270 1957 G„
289 1921 485 1958 Aquileyensi
506 1921 604 1949 electo.
623 1920 716 1950 Sicut
735 1919 852 1957 petitio
870 1923 926 1949 tua
947 1920 1043 1950 nohis
1060 1920 1154 1950 exhi-

144 1975 213 2005 bita
229 1974 390 2009 continet,
407 1974 462 2012 jus
479 1973 621 2003 cudendi
637 1976 803 2002 monetam
819 1973 905 2011 quod
929 1973 969 2003 ad
991 1977 1022 2003 te
1045 1973 1079 2002 in
1095 1982 1154 2011 pa-

144 2027 327 2057 triarchatu
351 2025 569 2064 Aquilegensi
593 2025 752 2064 pertinet,
775 2025 908 2055 Matheo
931 2025 1017 2055 dicto
1039 2025 1154 2055 Tervi-

145 2080 233 2114 sino,
251 2079 398 2110 Johanni
415 2082 445 2108 et
468 2078 597 2108 Marino
613 2078 749 2108 Zorzani
766 2081 797 2107 et
819 2077 957 2108 Nicolao
974 2079 1105 2108 Venero
1122 2081 1154 2107 et

144 2141 257 2163 eorum
270 2132 380 2166 sociis,
396 2130 524 2160 civibus
537 2130 766 2165 Venetiarum,
781 2139 887 2169 usque
899 2130 939 2160 ad
954 2130 1035 2160 duos
1048 2139 1152 2160 annos

143 2185 181 2215 de
198 2193 361 2214 consensu
378 2183 615 2221 Aquilegensis
631 2182 767 2221 capituli
784 2182 978 2212 concessisti
990 2191 1048 2220 pro
1063 2186 1153 2212 certa

141 2237 282 2276 pecunie
300 2236 496 2275 quantitate,
514 2239 611 2274 prout
629 2235 665 2264 in
681 2235 904 2264 instrumento
924 2234 1056 2272 publico
1073 2243 1151 2264 con-

141 2291 226 2320 fecto
243 2289 360 2320 exinde
376 2293 432 2318 tuo
451 2293 482 2319 et
505 2288 610 2326 ipsius
632 2287 768 2326 capituli
785 2287 906 2325 sigillis
924 2287 1065 2325 signatis
1081 2287 1151 2325 ple-

143 2343 219 2373 nius
233 2343 354 2372 dicitur
368 2341 541 2371 contineri.
558 2342 627 2371 Nos
641 2341 753 2379 itaque
768 2340 834 2370 tuis
850 2340 1150 2378 supplicationibus

141 2395 305 2425 inclinati.
325 2394 411 2433 quod
427 2402 525 2431 super
540 2393 601 2423 hoc
618 2392 752 2431 provide
769 2393 894 2422 factum
911 2397 975 2427 est,
994 2397 1103 2422 ratum
1119 2396 1150 2422 et

141 2452 271 2485 gratum
283 2447 454 2476 hahentes.
469 2446 502 2475 id
514 2445 708 2475 auctoritate
721 2445 901 2483 apostolica
914 2446 1149 2475 confirmamus

141 2504 202 2530 etc.
227 2509 332 2538 usquc
353 2509 358 2528 :
379 2499 634 2529 communimus.
655 2497 747 2527 Nulli
764 2502 825 2527 etc.
844 2502 954 2528 nostre
973 2498 1148 2528 confirma-

140 2553 241 2583 tionis
262 2557 320 2582 etc.
344 2553 417 2582 Dat.
437 2551 591 2589 Neapoli,
612 2552 640 2581 V
657 2559 761 2580 nonas
775 2550 870 2585 maii,
893 2559 978 2579 anno
995 2551 1112 2588 primo.
1133 2562 1145 2577 »

210 2729 299 2757 422
717 2726 839 2762 Naples‚
857 2727 890 2753 {¹5
909 2727 978 2753 avril
1000 2726 1072 2753 1255.

175 2790 327 2818 Universis
343 2789 449 2816 Christi
467 2789 600 2815 fidelibus
617 2797 667 2823 per
682 2797 802 2823 regnum
820 2788 956 2815 Franciae
967 2789 1145 2822 constitutis,

137 2840 186 2874 qui
205 2848 253 2873 pro
274 2838 447 2872 [Ludovico]‚
467 2845 532 2871 rege
549 2845 615 2868 suo,
634 2837 700 2864 dum
717 2837 819 2864 vixerit
835 2845 868 2863 ae
890 2838 973 2864 etiam
993 2840 1146 2872 postquam

1240 243 1358 278 obierit,
1375 252 1468 280 usque
1483 244 1518 272 ad
1534 245 1706 273 decennium
1723 245 1815 272 Deum
1833 246 2025 275 exoraverint.
2039 245 2246 280 indulgentiam

1239 292 1339 320 decem
1355 293 1467 320 dierum
1483 293 1518 320 de
1535 294 1664 328 injuncta
1681 295 1754 329 ipsis
1765 295 1942 329 poenitentia
1958 294 2074 321 relaxat.
2095 294 2179 327 (ΒΜ.
2200 294 2245 326 24,

1239 349 1265 369 c.
1282 341 1343 375 349,
1360 342 1379 368 f.
1397 343 1457 374 51⁷³
1477 341 1624 370 Por-maer
1641 342 1748 375 15823.)

1282 455 1294 470 u
1317 444 1472 473 Universis
1490 444 1605 473 Christi
1619 444 1758 481 fidelibus
1770 453 1826 482 per
1841 452 1971 482 reqnu‘m
1989 444 2118 474 Francie
2133 445 2247 474 consti-

1240 498 1324 526 tutis.
1342 496 1545 527 Carissimus
1562 497 1597 526 in
1615 496 1749 528 Christo
1765 514 1813 526 —.
1831 497 1905 527 Dat.
1929 496 2084 535 Neapoli,
2101 497 2165 528 VII
2186 496 2246 527 ka-

1238 549 1354 579 lendas
1372 549 1464 585 maii,
1483 558 1569 580 anno
1584 550 1702 588 primo.
1723 562 1736 576 »

1309 746 1398 775 423
1823 747 1943 782 Naples,
1957 747 1992 775 25
2007 747 2077 774 avril
2096 747 2175 776 1255.

1278 807 1453 842 [Ludovico!,
1469 809 1529 843 regi
1543 808 1691 840 Franciae,
1706 808 1846 844 indulget.
1862 812 1892 836 ut
1908 809 2004 836 nullus
2015 809 2248 844 ordinariamju-

1238 846 1436 883 risdictionem
1460 857 1569 884 habeus
1586 858 1740 892 nullusque
1761 857 1937 892 apostolicae
1957 857 2042 884 Sedis
2059 858 2171 892 legatus
2189 862 2247 887 etc.

1238 906 1266 932 in
1289 906 1353 940 ejus
1371 906 1414 932 vel
1437 905 1607 940 Margaritae
1624 906 1739 941 reginae
1756 906 1855 933 uxoris
1876 907 1958 941 ejus,
1973 910 2024 934 aut
2042 913 2248 934 successorum

1239 954 1432 988 legitimorum
1455 962 1595 990 personas
1618 954 1764 982 interdicti
1786 955 1830 982 vel
1848 955 2158 984 excommunicationis
2177 962 2248 982 sen-

1239 1003 1356 1030 tentiam
1386 1003 1480 1038 possit
1503 1004 1686 1039 promulgare
1713 1004 1777 1030 sine
1806 1003 1925 1039 speciali
1954 1004 2130 1038 apostolicae
2162 1002 2248 1031 Sedis

1238 1051 1352 1078 licentia
1369 1052 1411 1078 vel
1429 1051 1571 1079 mandato,
1587 1051 1669 1085 (Res.
1682 1051 1726 1085 24,
1741 1060 1767 1079 c.
1785 1052 1858 1086 349²,
1871 1052 1890 1080 s.
1909 1052 1956 1087 52;
1974 1052 2122 1080 Por-russa-
2138 1051 2247 1086 15822.)

1281 1179 1294 1194 κ
1313 1190 1347 1202 ,.,
1364 1168 1483 1197 illustri
1496 1168 1562 1205 φερέ
1573 1168 1714 1197 Francie.
1730 1166 1879 1198 Sublime
1891 1176 2030 1205 regnum
2047 1167 2186 1198 Francie
2196 1184 2246 1197 —.

1238 1220 1312 1249 Dat.
1331 1219 1470 1258 Neapoli
1485 1224 1521 1250 ut
1540 1228 1650 1258 supra.
1671 1231 1683 1246 n

1308 1417 1397 1446 424
1825 1417 1944 1452 Naples,
1961 1417 1994 1444 25
2010 1416 2080 1444 avril
2097 1416 2175 1445 1255.

1274 1478 1374 1506 Eidem
1391 1481 1451 1513 regi
1469 1484 1496 1506 et
1508 1480 1590 1506 uxori
1605 1481 1629 1515 ej
1636 1488 1680 1512 us,
1692 1480 1934 1514 quotiescumque
1945 1480 1973 1506 in
1986 1479 2248 1515 praedicationibus

1238 1527 1394 1558 affluerint,
1411 1536 1445 1554 ac
1465 1528 1601 1555 omnibus
1622 1520 1709 1555 etiam
1732 1537 1797 1555 vere
1819 1528 2036 1564 poenitentibus
2056 1532 2084 1554 et
2105 1527 2248 1555 confessis

1237 1577 1286 1610 qui
1302 1576 1375 1611 ipsis
1392 1577 1435 1602 vel
1455 1577 1543 1603 altero
1560 1578 1690 1611 ipsorum
1712 1577 1912 1612 praesentibus
1935 1578 1963 1604 in
1981 1577 2037 1604 illis
2058 1576 2248 1611 praedicatio-

1238 1625 1324 1652 nibus
1358 1625 1534 1657 intcrerunt,
1569 1625 1777 1660 indulgentiam
1811 1629 1928 1652 centum
1958 1625 2069 1652 dierum
2099 1625 2250 1660 elargitur.

1237 1673 1319 1708 (Res.
1335 1673 1379 1707 24,
1395 1681 1422 1700 c.
1439 1673 1510 1705 349³,
1529 1674 1548 1700 f.
1566 1673 1622 1706 52)

1279 1801 1292 1815 (ι
1321 1789 1436 1818 Eidem.
1465 1788 1613 1818 Sublime
1639 1793 1699 1818 etc.
1722 1797 1828 1827 usque
1851 1798 1857 1817 :
1883 1788 2016 1818 odorem
2039 1805 2088 1816 —.
2112 1788 2186 1818 Dat.
2212 1792 2248 1818 ut

1238 1850 1348 1879 supra.
1369 1853 1381 1867 »

1306 2033 1396 2061 425
1822 2030 1943 2066 Naptes,
1961 2030 1994 2058 30
2009 2031 2079 2058 avril
2097 2031 2174 2059 1255.

1270 2093 1370 2121 Eidem
1387 2095 1446 2128 regi
1463 2094 1603 2129 indulget,
1622 2097 1652 2120 ut
1667 2101 1702 2120 ex
1719 2093 1938 2128 participatione
1955 2093 2110 2121 sententiis
2126 2101 2248 2121 excom-

1235 2143 1443 2170 municationis
1467 2151 1483 2169 a
1512 2142 1716 2176 jurisdictione
1741 2141 1884 2168 ordinaria
1913 2145 1962 2168 aut
1987 2142 2128 2176 delegatis
2161 2141 2246 2169 Sedis

1234 2192 1408 2227 apostolicae
1424 2193 1505 2226 ligari
1520 2199 1575 2218 non
1593 2191 1694 2226 possit.
1712 2191 1796 2224 (Rae.
1813 2191 1858 2222 24,
1876 2199 1902 2218 c.
1919 2190 1992 2225 349⁴,
2010 2191 2029 2218 f.
2047 2191 2100 2223 52.)

1276 2319 1288 2334 «
1306 2307 1422 2336 Eidem.
1445 2306 1528 2337 Cum
1547 2306 1717 2343 contingat
1735 2305 1914 2341 interdum,
1936 2306 2022 2344 quod
2038 2310 2105 2336 tam
2121 2305 2171 2335 hii
2187 2305 2245 2345 qui

1233 2359 1436 2389 ordinariam
1448 2358 1716 2398 jurisdictionem
1731 2358 1853 2388 hahent
1871 2367 1970 2397 quam
1987 2358 2087 2388 etiam
2102 2358 2245 2396 delegati

1233 2412 1328 2442 Sedis
1340 2411 1517 2450 apostolice
1530 2415 1561 2441 et
1575 2410 1781 2448 subdelegati
1796 2419 1909 2441 eorum
1921 2410 1956 2439 in
1968 2414 2074 2441 certas
2085 2418 2244 2449 personas
2275 2410 2278 2412 ’

1231 2463 1583 2495 excommunicationis
1608 2463 1792 2493 sententias
1813 2463 1983 2501 proferant
2006 2462 2243 2502 participantes

1232 2516 1354 2547 talibus
1371 2516 1496 2546 eisdem
1513 2515 1689 2546 sententiis
1705 2515 1916 2550 innodantes,
1934 2524 1994 2545 nos
2009 2514 2158 2545 volentes
2172 2523 2243 2554 per-

1232 2578 1311 2599 sone
1329 2573 1384 2599 tue
1402 2568 1542 2606 gratiam
1563 2569 1671 2598 facere
1695 2567 1888 2606 specialem,
1907 2567 2102 2598 excellentie
2120 2570 2190 2602 tue,
2207 2571 2244 2597 ut

1231 2631 1268 2652 ex
1294 2621 1486 2660 hujusmodi
1511 2620 1767 2659 participatione
1792 2619 1915 2650 talibus
1942 2619 2118 2650 sententiis
2143 2619 2242 2658 ligari

1231 2683 1296 2704 non
1309 2673 1429 2712 possis,
1440 2673 1616 2703 dummodo
1631 2673 1666 2702 in
1683 2673 1822 2703 crimine
1836 2681 2050 2711 nequaquam
2062 2671 2257 2717 participes·

1230 2726 1435 2761 criminosis,
1454 2726 1649 2756 auctoritate
1673 2725 1879 2764 presentium
1901 2724 2126 2763 indulgemus.
2147 2723 2240 2754 Nulli

1229 2783 1290 2809 etc.
1309 2783 1419 2809 nostre
1436 2778 1662 2808 concessionis
1683 2782 1743 2808 etc.
1761 2779 1835 2807 Dat.
1856 2776 2013 2815 Neapoli,
2032 2777 2063 2806 II
2080 2776 2239 2807 kalendas

1228 2831 1326 2866 maii,
1345 2839 1431 2860 anno
1446 2830 1565 2868 primo.
1586 2842 1598 2856 n
