2498 3325
294 268 324 297 12’

994 262 1233 292 nisols'rltlis
1256 262 1562 294 D‘ALEXANDRE
1586 266 1641 295 lv.

273 348 284 359 u
312 343 381 362 runi
400 336 486 361 certa
503 339 648 368 esu-pora.
672 329 902 360 1·11111’1·1111·1.·111,
926 329 984 358 hoc
1002 333 1135 366 excepto
1152 328 1276 357 511111111-

312 386 404 416 11101111
442 384 527 423 quod
756 382 962 419 ligitanffnsi
1000 382 1171 411 dicebatur
1208 382 1276 411 sore

312 438 472 468 terminus
491 437 576 465 Sena
596 440 752 465 rastrum.
777 439 866 473 parte
887 435 991 465 altera
1014 435 1047 464 in
1074 435 1276 464 contrarium

569 394 584 412 :t
623 388 713 421 parte

311 494 498 524 astruente,
527 489 677 518 videlicet
707 489 791 527 1111011
819 488 1022 517 1,(’1-11101111111
1046 488 1131 517 Sene
1157 488 1275 517 castri.

311 543 491 573 secundum
514 542 669 580 antiquos
692 542 868 573 terminos,
887 550 969 579 quos
990 550 1093 579 usque
1115 541 1155 570 ad
1177 541 1277 570 verti-

310 607 379 627 ceni
408 595 529 625 montis
557 595 679 625 Ocliaie
709 594 906 632 proponebat
937 594 1085 624 extendi.
1115 594 1277 624 terminus

311 649 489 679 existebat.
515 648 600 686 quod
622 648 754 686 quidem
779 647 982 677 territorium
1006 648 1125 677 Senam
1149 656 1277 677 assere-

310 704 364 732 bat
382 702 508 739 vulgari
527 701 685 730 vocabulo
701 701 885 739 nuncupari
901 711 906 729 :
923 701 956 730 in
977 701 1127 730 terminis
1144 700 1275 730 ceteris.

310 756 416 795 quoad
436 755 647 785 situationein
670 759 700 783 et
718 764 863 792 corpora.
882 754 1014 792 penitus
1033 754 1275 791 ‹lissa-‹spalmnh

312 809 401 839 Licet
423 813 531 838 autent
550 808 588 837 ad
604 807 816 837 astruendam
838 807 1057 837 intentionem
1076 816 1181 841 suam,
1203 816 1277 844 pars

311 867 450 900 utraque
467 870 524 900 pro
538 870 572 890 se
589 861 807 890 determinata
821 860 1037 889 terminorum
1052 868 1198 898 corpora,
1215 868 1277 898 11110

311 915 541 946 reserebantur
559 915 593 943 in
617 914 765 949 dubium,
785 914 941 956 eilingere
957 913 1129 948 niteretur,
1153 918 1204 946 ut,
1226 922 1278 943 se-

311 969 455 999 cundum
472 968 716 1006 protensionem
735 957 1011 997 intellectualium
1034 966 1216 999 linearum,
1239 965 1278 995 (10

312 1022 454 1053 termino
479 1021 519 1051 ad
545 1021 733 1055 terminum,
760 1020 831 1050 loca
852 1021 890 1050 de
914 1020 1035 1059 quibus
1059 1020 1168 1057 agitur
1191 1020 1278 1048 insra

313 1075 471 1105 terminos
489 1083 546 1103 sue
563 1074 704 1103 diocesis
723 1073 913 1103 viderentur
929 1072 1070 1107 includi,
1096 1073 1136 1102 ad
1152 1072 1277 1102 nullam

312 1133 421 1158 tamen
441 1127 673 1157 certitudinem
693 1135 792 1165 super
813 1127 965 1156 terminis
987 1126 1196 1165 hujusmodi.
1221 1135 1278 1164 per

310 1182 521 1221 probationes
538 1180 667 1218 aliquas
683 1179 850 1217 potuimus
866 1180 1051 1217 pervenire.
1077 1180 1178 1209 Porro
1201 1189 1278 1219 quo-

311 1235 411 1271 niam,
432 1244 467 1263 ex
486 1234 632 1272 ipsarum
650 1232 793 1271 partium
820 1236 934 1261 mutua
953 1233 1181 1267 consessione,
1200 1241 1279 1261 con-

309 1289 427 1323 stabat,
444 1287 530 1326 quod
546 1286 743 1324 cuicumque
759 1285 882 1315 diocesi
897 1291 1042 1315 castrum
1057 1285 1153 1320 cedit,
1173 1285 1278 1323 ipsius

309 1341 429 1371 cedunt
452 1343 693 1377 consequenter
714 1342 743 1367 et
771 1337 923 1371 termini,
949 1347 1025 1376 pars
1051 1338 1278 1375 Egitaniensis

308 1393 471 1424 inserebat
496 1391 582 1431 quod
612 1400 669 1430 per
688 1391 864 1430 jamdictas
891 1390 1073 1420 divisiones
1094 1392 1181 1421 Sena
1207 1400 1279 1420 cas-

311 1452 396 1477 trum
413 1450 499 1476 esset
515 1454 572 1475 sue
589 1444 732 1474 diocesis
748 1444 845 1473 1111105
863 1444 970 1479 datus,
993 1444 1101 1482 ipsum
1122 1449 1280 1483 tanquam

310 1501 406 1531 limes
424 1499 609 1530 inclusivus
626 1498 712 1528 idem
732 1498 821 1527 infra
837 1507 930 1527 suam
948 1497 1098 1528 inclusus
1120 1498 1280 1528 diocesim

312 1564 386 1584 cum
406 1552 560 1583 omnibus
586 1551 656 1581 suis
678 1551 829 1580 terminis
846 1550 910 1580 sibi
929 1550 1060 1586 cedens,
1083 1551 1221 1581 debebat
1240 1551 1280 1581 ad

311 1616 404 1637 suam
429 1605 587 1635 diocesim
611 1603 756 1633 totaliter
776 1603 954 1641 pertinere.
980 1603 1075 1633 Unde
1101 1604 1165 1633 sibi
1187 1604 1280 1643 adju-

311 1659 415 1690 dicari
439 1659 563 1688 dictum
582 1662 727 1687 castrum
751 1665 825 1686 cum
846 1656 1001 1686 omnibus
1021 1657 1091 1686 suis
1110 1656 1280 1695 pertinen-

311 1713 367 1743 tiis
387 1711 592 1751 exposcebat,
610 1715 642 1741 et
660 1720 716 1749 per
732 1719 939 1749 consequens
957 1710 1145 1740 necessario
1164 1709 1281 1740 Covel-

312 1766 437 1796 lianam
460 1774 532 1794 cum
557 1764 627 1793 suis
651 1763 803 1793 terminis
831 1766 862 1793 et
881 1763 1053 1799 signanter
1076 1772 1149 1791 cum
1173 1767 1280 1792 castro

313 1819 351 1849 110
374 1818 560 1851 Belmonte,
588 1816 754 1853 Anguies,
779 1815 869 1845 Ollas
896 1815 934 1845 de
959 1815 1084 1845 Codina
1112 1819 1143 1845 et
1168 1824 1279 1845 eorum

313 1870 542 1910 pertinentiis,
574 1878 637 1908 11110
668 1869 702 1898 111
733 1868 880 1907 ejusdem
910 1868 1095 1899 Covelliani
1128 1869 1280 1898 terminis

313 1924 536 1957 continentur,
560 1926 671 1960 utpote
697 1921 785 1951 infra
811 1921 935 1950 dictum
960 1930 1058 1950 suum
1085 1921 1225 1950 limitem
1251 1925 1281 1951 et

312 1977 499 2015 Egitaniam
529 1975 720 2005 constituta.
750 1975 962 2013 Sulijungens
993 1974 1080 2013 quod
1111 1984 1184 2004 cum
1215 1979 1281 2004 ter-

312 2031 395 2060 mini
414 2030 509 2063 Sene,
529 2037 611 2067 quos
633 2031 781 2066 spectare
803 2027 842 2057 ad
867 2036 961 2057 suam
977 2027 1135 2058 diocesim
1153 2032 1282 2057 astrue-

313 2084 378 2113 11111.
407 2087 442 2112 ut
467 2081 620 2120 superius
643 2085 692 2110 est.
716 2089 921 2118 expressum,
938 2079 1173 2111 Colimhriensi
1194 2081 1281 2118 epis—

313 2146 391 2175 copo
427 2135 554 2165 aditum
591 2142 726 2172 prorsus
759 2133 969 2164 obstruerent
1005 2133 1045 2162 ad
1077 2132 1279 2168 Gaudelam,

315 2189 537 2227 Felgosinum,
558 2187 694 2217 liinares
713 2191 743 2216 et
759 2186 961 2221 Celei-icum,
981 2190 1011 2215 et
1027 2186 1065 2215 ad
1084 2186 1155 2215 loca
1174 2190 1282 2215 cetera

315 2242 455 2272 ulterius
472 2240 662 2274 constituta,
678 2249 740 2278 que
758 2249 775 2268 a
792 2239 1028 2269 Colimliriensi
1043 2239 1183 2269 ecclesia
1197 2243 1282 2277 pete-

313 2296 433 2325 liantur
449 2302 547 2331 super
566 2293 625 2327 eis,
646 2297 709 2321 tam
729 2292 844 2321 0111100
862 2301 959 2331 quam
975 2291 1040 2321 alia
1058 2301 1120 2330 que
1140 2292 1280 2327 dicebat,

315 2349 354 2378 ali
380 2347 586 2386 impetitione
614 2345 868 2375 Colimbriensis
896 2345 1034 2375 ecclesie
1059 2345 1197 2375 debebat
1225 2346 1283 2375 al]-

315 2401 409 2437 solvi,
434 2410 470 2429 ac.
493 2399 599 2429 eidem
623 2398 747 2436 imponi
771 2403 964 2436 perpetuum
989 2398 1159 2428 silentium
1184 2408 1283 2436 super

317 2454 410 2492 ipsis.

318 2519 330 2533 »
360 2507 383 2535 E
411 2505 576 2535 contrario
599 2514 673 2542 pars
698 2504 951 2534 Coliuilwiensis
975 2504 1176 2542 proponebat
1197 2505 1283 2542 1111011

315 2562 401 2589 Sena
423 2566 487 2587 non
511 2561 580 2587 erat
601 2557 808 2593 Egitaniensi
834 2557 957 2586 diocesi
979 2557 1076 2586 limes
1099 2557 1206 2592 datus,
1227 2557 1284 2586 sed

316 2616 382 2641 crat
403 2612 431 2641 ei
453 2611 646 2647 designatus
666 2611 827 2639 terminus
848 2610 1048 2644 exclusivus,
1074 2609 1107 2638 id
1127 2613 1173 2639 est
1196 2610 1285 2639 intra

318 2664 567 2701 Egitaniensem
608 2663 765 2692 diocesim
807 2663 997 2693 nullatenus
1038 2662 1281 2692 includendus.

318 2722 410 2756 prout
429 2726 466 2747 ex
484 2722 595 2746 tenore
615 2716 787 2745 verborum
809 2720 1038 2745 ‹7‹;›ntent‹3›rum
1056 2716 1090 2744 in
1108 2716 1284 2745 divisioni-

318 2771 377 2799 11115
411 2769 564 2807 superius
594 2768 790 2797 nominatis.
819 2768 875 2796 11111
908 2768 1097 2797 continetur
1125 2768 1282 2805 apertius,

319 2821 544 2860 Iigitaniensis
569 2821 653 2849 infra
674 2820 732 2849 lios
752 2820 909 2849 terminos
933 2830 1025 2849 suam
1049 2820 1207 2849 diocesim
1226 2820 1284 2849 lia-

319 2876 368 2904 1101
391 2885 396 2903 z
417 2874 584 2909 colligitur
600 2872 780 2902 evidenter.
800 2873 939 2902 maxime
957 2882 1030 2902 cum
1043 2876 1167 2903 constet
1181 2872 1283 2902 altum

320 2927 508 2961 tor-riuinum,
528 2926 652 2954 scilicet
666 2925 842 2957 Salamam,
862 2925 902 2953 ab
919 2926 1126 2961 Egitaniensi
1144 2925 1283 2955 ecclesia

1363 341 1374 355 ))

1401 330 1537 360 01101010
1554 332 1732 369 possideri.
1752 342 1810 362 nec
1827 342 1899 363 esse
1916 333 2004 362 infra
2028 333 2276 370 Egitaniensem
2296 333 2372 364 dio-

1401 383 1502 412 cesim
1519 385 1757 414 constitutum:
1775 386 2008 424 propterquod
2026 386 2203 416 manifeste
2219 386 2370 425 liquebat

1401 436 1520 465 Senam
1545 446 1618 466 011111
1644 438 1795 468 terminis
1823 439 1894 468 suis
1921 439 2081 477 antiquis,
2111 439 2166 478 qui
2197 448 2302 478 usque
2327 439 2370 470 ad

1400 488 1522 518 dictum
1540 494 1685 520 montem
1702 490 1841 526 Oeliaie,
1865 495 1901 520 ut
1923 491 2107 529 prolibatur
2129 491 2294 529 superius,
2313 500 2370 522 ex-

1401 542 1591 577 tenduntur,
1618 552 1681 572 non
1705 543 1745 573 acl
1767 544 2015 581 Egitaniensem
2037 544 2222 576 ecclesiam.
2250 544 2308 575 sed
2327 544 2370 575 ad

1401 603 1493 624 suam
1513 596 1623 633 potius
1646 597 1812 634 pertinere
1836 597 1978 632 dicebat,
2007 601 2036 627 et
2065 597 2162 627 etiam
2186 597 2227 627 ad
2246 597 2370 628 dictam

1400 647 1676 678 Colimliriensem
1693 649 1866 679 ecclesiam
1885 654 2126 688 consequenter
2141 649 2369 681 Covetlianam

1401 710 1475 730 cum
1501 702 1653 732 terminis
1680 702 1762 734 suis.
1791 707 1820 732 et
1850 707 1994 733 castrum
2021 703 2060 732 de
2087 702 2271 737 Belmonte,
2292 711 2370 733 cum

1401 754 1560 791 Anguies,
1577 759 1607 784 et
1623 754 1713 785 Ollas
1726 755 1765 785 de
1777 755 1917 791 Godino,
1931 764 1993 794 que
2011 756 2098 784 infra
2115 755 2270 794 antiquos
2283 755 2371 786 Sene

1401 808 1560 838 terminos
1577 809 1740 839 contineri
1757 809 1924 844 dicuntur,
1943 809 2057 848 sicque
2073 808 2300 846 Egitaniensis
2315 817 2371 839 ra-

1401 861 1447 890 tio
1472 866 1661 897 memorata,
1683 870 1782 900 super
1799 861 2011 892 olistrusione
2035 861 2144 892 aditus
2167 861 2368 898 introducta,

1402 914 1528 944 nullius
1553 923 1625 944 esse
1651 914 1782 945 videtur
1809 914 1949 945 efficatie
1975 914 2026 945 vel
2050 914 2200 952 vigoris:
2221 913 2371 945 adiciens

1402 967 1489 1005 quod
1513 976 1587 997 cum
1611 977 1668 1006 per
1694 968 1880 998 nominatas
1906 967 2089 997 divisiones
2114 976 2210 998 mons
2237 967 2372 998 Ermius

1402 1021 1495 1050 cedat
1513 1021 1543 1050 ei
1557 1021 1794 1056 Corellianam,
1809 1021 1864 1060 qui
1884 1030 1958 1051 cum
1972 1021 2118 1051 locorum
2135 1020 2371 1060 predictorum,

1402 1073 1577 1112 dequibus
1595 1074 1714 1111 agitur,
1733 1078 1825 1113 parte
1842 1083 1907 1103 non
1924 1074 2051 1104 modica
2075 1073 2265 1104 continetur
2281 1074 2317 1104 in
2333 1081 2373 1105 eo

1402 1126 1453 1156 vel
1473 1127 1544 1166 ejus
1572 1127 1733 1157 descensu
1756 1136 1814 1157 seu
1836 1127 1935 1157 Beira
1958 1127 2084 1166 ipsius,
2108 1130 2144 1156 ut
2167 1127 2238 1166 ejus
2261 1125 2373 1158 verbis

1402 1183 1546 1210 utamur,
1565 1180 1754 1209 necessario
1772 1188 1829 1218 per
1847 1179 2023 1218 quamdam
2043 1179 2314 1218 consequentiam
2331 1178 2375 1209 ad

1402 1231 1680 1263 Colimbriensem
1697 1231 1871 1262 ecclesiam
1887 1232 2064 1270 pertinere.
2083 1233 2223 1262 Domum
2240 1239 2301 1262 nec
2316 1240 2374 1262 no-

1403 1284 1454 1314 1115
1472 1284 1621 1314 constitit
1644 1284 1682 1314 de
1704 1284 1852 1323 antiquis
1876 1284 1961 1315 Sene
1983 1284 2136 1314 terminis
2159 1283 2372 1322 supradictis,

1403 1346 1463 1367 nec
1483 1337 1582 1367 etiam
1601 1337 1676 1376 quis
1693 1337 1777 1367 soret
1795 1337 1929 1367 Ermius
1947 1345 2006 1366 seu
2023 1336 2111 1375 quod
2131 1345 2190 1375 per
2206 1336 2373 1375 predictas

1403 1391 1585 1420 divisiones
1602 1390 1856 1421 Colimhriensis
1877 1390 2017 1420 ecclesie
2036 1390 2079 1420 sit
2098 1398 2276 1421 concessus
2296 1398 2374 1420 cum

1403 1448 1565 1478 montem,
1593 1443 1628 1472 in
1656 1452 1721 1482 quo
1752 1443 1839 1473 dicta
1864 1442 1935 1473 loca
1963 1443 2087 1473 situata
2113 1443 2280 1478 dicuntur,
2306 1451 2374 1474 non

1404 1496 1554 1526 Ermium
1586 1496 1643 1526 sed
1673 1496 1806 1527 Sei-ram
1833 1496 1872 1526 de
1906 1495 2013 1527 Strela
2039 1505 2116 1534 pars
2143 1495 2373 1534 Egitaniensis

1404 1549 1602 1580 nominaret.

1406 1615 1418 1629 n
1441 1603 1510 1632 Nos
1533 1603 1646 1641 igitur,
1671 1602 1794 1632 auditis
1820 1602 1888 1632 hiis
1911 1605 1943 1632 et
1970 1601 2046 1632 aliis
2071 1611 2135 1641 que
2159 1606 2270 1641 partes
2293 1601 2375 1633 hinc

1404 1656 1480 1685 inde
1498 1664 1681 1694 proponere
1701 1655 1893 1690 voluerunt,
1917 1655 2136 1686 consideratis
2152 1655 2376 1686 confessioni-

1404 1709 1465 1739 bus
1487 1709 1647 1747 partium,
1665 1708 1825 1747 qualitate
1843 1708 1992 1746 negocii,
2010 1717 2047 1738 ac
2067 1707 2212 1746 singulis
2230 1708 2375 1739 circum-

1405 1762 1539 1792 stantiis
1564 1761 1750 1799 diligenter,
1780 1761 1870 1791 omni
1894 1761 2090 1791 auctoritate
2115 1765 2147 1791 et
2169 1765 2330 1800 potestate
2354 1769 2375 1792 a

1405 1815 1537 1845 domino
1555 1824 1636 1853 papa
1654 1814 1782 1844 viribus
1804 1814 2034 1852 compromissi
2051 1823 2110 1844 seu
2129 1813 2377 1853 quomodolibet

1405 1867 1500 1897 nohis
1524 1867 1558 1896 in
1582 1867 1643 1895 hac
1666 1870 1757 1904 parte
1780 1866 1899 1895 tradita
1920 1865 1971 1895 vel
1995 1874 2151 1896 concessa
2174 1865 2315 1903 suffulti,
2333 1865 2375 1896 de

1403 1920 1604 1958 prudentum
1627 1919 1774 1948 virorum
1797 1918 1953 1953 consilio,
1976 1918 2160 1948 revocando
2183 1922 2376 1958 sequestra-

1404 1973 1529 2003 tionem
1547 1981 1646 2011 quam
1665 1971 1806 2002 fecimus
1827 1971 1866 2001 de
1886 1971 2075 2009 premissis,
2095 1971 2374 2010 pronunciamus,

1405 2026 1546 2055 dicimus
1564 2029 1595 2055 et
1616 2024 1715 2054 etiam
1739 2023 1946 2054 declaramus
1970 2023 2196 2054 Covellianam
2217 2032 2292 2054 cum
2307 2028 2377 2055 ter-

1405 2079 1507 2108 minis
1524 2078 1606 2113 suis,
1625 2082 1655 2108 et
1673 2077 1870 2107 nominatim
1884 2076 2039 2107 Castrum
2055 2077 2094 2106 de
2112 2076 2296 2113 Belmonte,
2309 2077 2376 2107 An-

1405 2131 1500 2169 guias
1517 2135 1548 2161 et
1566 2130 1656 2160 Ollas
1675 2130 1713 2159 110
1730 2129 1859 2159 Godina
1882 2138 1956 2159 cum
1976 2129 2046 2159 suis
2069 2129 2283 2168 pertinentiis
2301 2137 2377 2160 esse

1405 2185 1443 2214 de
1466 2183 1676 2221 Egitaniensi
1694 2182 1834 2216 diocesi,
1857 2185 1889 2211 et
1913 2181 2142 2220 adjudicamus
2167 2181 2320 2221 episcopo
2343 2186 2378 2213 et

1404 2236 1609 2276 procuratori
1635 2235 1771 2273 capituli
1796 2235 2041 2272 Egitaniensis,
2065 2234 2212 2274 ejusdem
2236 2234 2377 2266 ecclesie

1405 2290 1550 2325 nomine,
1561 2290 1637 2328 jura
1652 2288 1853 2327 episcopalia
1869 2288 1902 2317 in
1917 2287 1998 2317 locis
2015 2287 2098 2326 ipsis
2114 2291 2146 2317 et
2162 2287 2376 2325 pertinentiis

1405 2343 1602 2378 eorundem,
1622 2343 1710 2380 ipsos
1728 2350 1827 2380 super
1843 2341 1910 2371 hiis
1927 2341 1967 2371 ab
1985 2341 2193 2379 impetitione
2212 2340 2376 2371 dictorum

1405 2395 1550 2434 episcopi
1575 2399 1605 2424 et
1625 2394 1848 2432 procuratoris
1873 2393 2010 2431 capituli
2027 2392 2294 2428 Colimbriensis‚
2311 2392 2376 2424 Co-

1405 2448 1612 2478 limbriensis
1642 2447 1781 2477 ecclesie
1808 2446 1959 2480 nomine,
1987 2445 2216 2480 absolventes,
2250 2444 2377 2476 eisdem

1406 2500 1706 2532 Colimbriensilms
1727 2509 1825 2538 super
1841 2499 1890 2529 eis
1906 2502 2102 2537 perpetuum
2119 2497 2291 2528 silentium
2311 2497 2378 2527 im-

1406 2555 1569 2594 ponendo.

1409 2621 1421 2635 »
1435 2607 1648 2638 absolvimus
1663 2607 1763 2636 etiam
1775 2606 1907 2636 eosdem
1921 2604 2170 2642 Egitaniensem
2185 2603 2378 2642 episcopum

1407 2666 1437 2691 et
1455 2665 1700 2699 procuratorem
1718 2658 1855 2697 capituli
1872 2657 1924 2687 sui
1942 2657 1982 2686 ab
2000 2656 2207 2694 impetitione
2231 2656 2378 2694 prefato-

1408 2724 1480 2743 rum
1508 2713 1652 2751 episcopi
1681 2717 1711 2742 et.
1738 2710 1962 2750 procuratoris
1990 2708 2127 2747 capituli
2153 2707 2378 2738 Colimbrien-

1407 2767 1493 2795 sium
1522 2775 1620 2803 super
1650 2765 1716 2795 hiis
1746 2773 1808 2803 11110
1839 2766 1997 2801 petuntur
2025 2761 2065 2790 al)
2095 2753 2202 2790 015111
2230 2760 2376 2796 Guarda,

1407 2820 1529 2848 'saulo
1548 2818 1691 2848 Castello
1713 2815 1887 2849 Menendi,
1906 2813 2115 2849 Germaelos,
2135 2813 2292 2848 Alvendi,
2311 2813 2379 2843 eis-

1408 2880 1469 2909 que
1493 2869 1794 2901 Colimlniensilms
1819 2872 2014 2907 perpetuum
2040 2865 2210 2895 silentium
2234 2865 2380 2904 imponi-

1409 2934 1480 2954 mus
1502 2934 1600 2962 super
1617 2925 1712 2962 ipsis.
