2498 3325
975 272 1199 313 PREMIERE
1220 274 1380 312 ANNEE.

127 352 222 384 Nulli
255 355 317 383 etc.
347 353 460 382 nostre
491 351 719 382 concessionis
754 354 816 381 etc.
850 349 926 380 Dat.
960 347 1136 382 Laterani,

125 405 243 437 XVIII
256 403 418 435 kalendas
429 403 591 444 januarii,
609 412 696 434 anno
711 402 830 443 primo.
849 414 864 429 n

148 646 150 649 ’
165 642 309 671 Guillelmi
322 642 600 678 magistriscolarum
619 641 786 669 Parmensis
800 645 830 668 et
844 639 1070 668 vicecancellarii
1087 638 1143 666 Ro-

132 700 232 719 manae
253 691 401 719 Ecclesiae
423 691 554 722 obtentu,
576 691 703 726 capitulo
726 689 875 717 Parmensi
898 689 1037 724 indulget,
1059 692 1092 715 ut
1112 688 1142 715 iu

134 743 337 775 usurpatores,
355 742 546 774 occupatores
565 743 594 766 et
612 739 764 766 invasores
781 747 798 766 a
812 739 920 774 quibus
935 737 1058 765 ecclesia
1071 736 1144 763 Par-

132 787 243 815 mensis
256 787 422 823 l’requentcr
436 787 544 822 patitur
560 787 718 815 monitione
734 787 892 822 praemissa
907 785 1144 813 excommunica-

133 835 222 863 tionis
237 835 421 871 promulgare
441 836 615 863 sententiam
631 836 743 862 valeant
757 839 808 862 aut
821 834 1013 862 absolutionis
1031 833 1144 860 benefi-

131 884 209 911 cium
226 876 376 919 impertiri.
394 883 478 918 (Rea.
496 882 541 916 24,
557 891 584 911 e.
601 883 663 919 τεο,
679 883 699 910 1.
716 884 788 918 115.)

703 579 824 614 Naples,
841 579 880 606 12‘
895 585 972 605 mars
990 577 1068 605 1255.

175 997 188 1011 α
220 985 360 1023 Capitulo
387 985 558 1014 Parmensi.
588 985 633 1015 Ex
663 984 824 1015 relatione
850 983 963 1015 dilecti
989 1001 1038 1012 —.
1066 984 1141 1014 Dat.

131 1037 283 1077 Neapoli,
300 1036 453 1068 kalendis
472 1037 600 1073 marcii,
619 1046 706 1067 anno
723 1037 841 1076 primo.
861 1049 876 1064 n

203 1215 292 1244 ”¹20
644 1214 759 1249 Lan-an,
776 1215 808 1242 13
823 1215 976 1242 decembre
993 1215 1071 1242 1255.

169 1277 309 1312 Magistro
326 1277 411 1304 Petro
426 1276 592 1310 Bonaediei,
605 1277 744 1304 canonico
760 1275 1000 1309 Cenomannensi,
1013 1278 1144 1313 episcopi

133 1324 290 1353 Tusculani
307 1326 464 1360 capellano,
481 1326 621 1360 indulget,
639 1329 681 1360 ut,
694 1330 806 1361 practer
820 1325 928 1353 dictum
943 1326 1144 1353 canonicatum

135 1375 165 1401 et
183 1374 336 1401 ecclesiam
352 1374 387 1401 de
408 1373 530 1408 Luceio,
547 1374 795 1401 Cenomannensis
809 1374 950 1405 diocesis.
969 1383 1066 1402 curam
1083 1375 1146 1402 ani-

136 1430 246 1449 marum
271 1422 440 1457 habentem,
463 1423 580 1449 unicum
603 1422 698 1449 adhuc
720 1422 891 1449 beneficium
915 1423 1145 1450 ecclesiasticum

135 1471 221 1498 etiam
237 1471 361 1498 similem
377 1479 477 1498 curam
492 1471 602 1498 habens
617 1471 747 1506 recipere
762 1471 862 1498 valeat.
876 1471 961 1504 (Rue.
978 1471 1022 1506 24,
1038 1480 1064 1499 c.
1081 1472 1144 1505 781,

134 1520 154 1547 s.
172 1519 246 1555 115.)

176 1635 190 1650 α
207 1622 352 1661 Massistro
367 1623 453 1652 Petro
464 1622 616 1657 Benedici,
630 1622 779 1651 canonico
790 1622 1022 1652 Cenomanensi.
1037 1622 1085 1651 Ad
1099 1623 1144 1652 sa-

135 1675 286 1706 ciendam
303 1674 364 1705 tibi
377 1692 426 1704 —.
440 1675 515 1705 Dat.
533 1674 701 1710 Laterani,
718 1673 830 1705 idibus
843 1674 1040 1710 decembris,
1057 1684 1145 1705 anno

135 1728 254 1768 primo.
273 1740 286 1755 ι,

205 1898 290 1927 8·ss

170 1960 354 1988 patriarchae
373 1959 617 1995 Jcrosolymitano
637 1959 782 1994 indulget,
801 1963 846 1991 ut,
870 1967 919 1994 per
936 1959 1144 1995 indulgentiam

132 2009 244 2045 Templi
266 2014 296 2036 ct
318 2006 478 2043 Hospitalis
498 2008 639 2035 militibus
658 2007 872 2043 redemptiones
889 2013 1019 2035 votorum
1037 2007 1146 2035 Cruce-

132 2058 314 2094 signatorum
333 2061 362 2084 et.
382 2058 482 2092 legata.
495 2058 522 2084 in
544 2057 708 2084 subsidium
723 2056 828 2083 Terrae
844 2056 967 2083 Sanctae
982 2056 1145 2083 conceden-

132 2110 205 2138 tem,
228 2106 336 2134 nullum
363 2107 388 2132 ei
415 2110 571 2140 generetur
600 2105 819 2140 praejudicium.
844 2104 926 2140 (1150.
951 2104 1002 2137 ³24,
1028 2113 1054 2132 c.
1081 2104 1144 2137 782,

132 2153 154 2182 Γ.
170 2154 245 2189 1¹5.)

663 1896 776 1929 Latran,
793 1897 809 1924 9
825 1897 977 1924 decembre
994 1898 1072 1925 1255.

176 2267 190 2282 a
214 2278 248 2292 ..,
268 2255 450 2294 patriarche
463 2256 730 2291 Jerosolomitano,
748 2256 909 2293 apostolice
929 2256 1014 2285 Sedis
1035 2257 1142 2293 teqato.

134 2309 209 2340 Non
234 2308 346 2338 minus
372 2312 543 2347 acceptum
564 2325 614 2337 —.
639 2308 725 2339 Sane
752 2308 946 2338 fraternitas
971 2312 1025 2338 tua
1049 2308 1144 2338 nobis

135 2361 296 2400 exposuit,
315 2359 403 2399 quod
418 2360 527 2391 felicis
542 2360 782 2391 recordationis
795 2361 820 2391 I.
833 2370 917 2400 papa
932 2361 1146 2399 predecessor

134 2418 246 2445 noster
263 2437 299 2449 .,,
318 2413 492 2451 magistro,
509 2417 541 2444 et
555 2414 718 2444 iratribus
739 2413 860 2444 Militie
877 2413 1016 2453 Templi,
1035 2418 1067 2444 et
1085 2422 1146 2444 nos

135 2465 234 2497 etiam
254 2487 292 2502 ..,
311 2466 486 2504 magistro,
505 2470 537 2496 et
554 2466 715 2497 fratribus
732 2466 917 2505 Hospitalis
936 2466 1146 2497 ‚lerosolimi-

135 2519 217 2556 tani,
235 2523 281 2555 ut,
299 2519 387 2549 inter
403 2519 479 2555 alia,
500 2519 539 2549 de
554 2519 839 2559 redemptionibus
856 2525 1005 2551 votorum
1024 2520 1148 2551 Cruce-

135 2571 342 2610 signatorum
359 2571 393 2601 in
408 2572 508 2602 Terre
525 2572 644 2603 Sancte
661 2572 848 2603 subsidium
865 2582 947 2612 quos
964 2582 982 2603 3
994 2582 1147 2612 prosecu-

137 2622 227 2655 tione
258 2625 325 2655 voti
354 2625 406 2655 sui
434 2629 611 2664 paupertas
640 2625 691 2655 vel
719 2626 901 2665 probabilis
929 2635 1147 2665 personarum

135 2676 291 2708 debilitas
317 2686 376 2708 seu
400 2678 536 2709 obtenta
555 2688 613 2717 per
638 2678 755 2709 Sedem
778 2679 991 2718 apostolicam
1012 2678 1147 2718 dispen-

136 2730 221 2761 satio
243 2736 451 2761 commutans
471 2732 507 2761 in
526 2731 614 2762 reale
634 2731 822 2762 subsidium
836 2731 1010 2771 personale
1029 2741 1147 2763 execu-

137 2783 261 2814 tionem
286 2783 353 2814 voti
376 2784 567 2824 hujusmodi
590 2784 775 2820 excusabit,
796 2794 923 2815 necnon
941 2789 972 2815 et
991 2785 1029 2815 de
1047 2789 1149 2815 testa-

136 2836 260 2866 mentis
276 2836 424 2867 iidelium
440 2846 503 2876 que
517 2837 671 2876 legantur
684 2837 719 2866 in
735 2837 920 2867 subsidium
936 2837 1021 2867 dicte
1034 2838 1146 2873 Terre,

136 2896 202 2919 non
220 2889 386 2928 expressis
402 2889 484 2919 locis
500 2889 670 2929 aliquibus
687 2889 737 2920 vel
752 2889 916 2928 personis,
935 2889 1035 2920 iidem
1051 2890 1149 2919 Tem-

2171 285 2225 316 291

1222 346 1361 376 duorum
1373 347 1504 377 milium
1516 357 1702 378 marcarum
1715 349 1844 386 argenti
1856 358 2014 386 summas,
2029 350 2230 390 ubicumque

1221 397 1369 429 locorum
1393 403 1483 429 extra
1508 409 1649 439 regnum
1673 400 1887 436 Alamannie,
1913 407 2047 440 possent
2069 403 2229 442 recipere,

1223 450 1285 480 sub
1309 455 1398 481 certa
1425 451 1532 481 forma
1558 461 1615 490 per
1637 457 1767 482 nostras
1792 452 1921 483 litteras
1944 453 2099 484 duximus
2120 455 2232 485 indul-

1223 502 1379 540 gendum,
1395 503 1494 533 certis
1507 504 1555 533 eis
1570 513 1668 542 super
1681 504 1742 534 hoc
1751 506 2040 536 conservatoribus
2052 507 2230 545 deputatis.

1224 554 1327 594 CuJus
1350 555 1557 593 indulgentie
1579 560 1741 594 pretextu,
1766 556 1866 586 iidem
1884 558 2043 595 magister
2059 563 2089 588 et
2112 559 2232 590 fratres
2261 571 2268 578 ¹

1223 607 1345 638 Militie
1371 608 1498 647 Templi
1523 608 1713 648 hujusmodi
1738 609 1981 648 redemptiones
2007 616 2037 640 et
2063 611 2171 649 legata
2196 612 2232 642 in

1225 669 1327 699 regno
1342 660 1625 695 Jerosolimssano,
1643 661 1720 691 sede
1736 661 2008 692 Jerosolimitana
2023 668 2170 699 vacante,
2184 673 2234 694 re-

1225 713 1333 751 cipere
1348 713 1552 752 inceperant,
1566 713 1714 748 ettimes,
1731 717 1767 743 111
1783 713 1918 749 asseris,
1931 723 1970 743 ne
1981 719 2010 744 61
2021 715 2139 745 fratres
2154 716 2233 745 dicti

1224 765 1409 805 Hospitalis
1425 766 1460 796 in
1477 766 1590 797 eodem
1606 775 1708 804 regno
1725 765 1828 796 velint
1845 766 1991 805 recipere
2007 768 2040 796 in
2055 772 2147 798 tuum
2164 777 2235 807 pre-

1221 819 1386 859 judicium
1403 823 1434 849 et
1450 828 1640 857 gravamen.
1657 819 1781 849 Verum
1798 819 1888 858 quia,
1906 819 1992 849 sicut
2008 820 2142 855 3556115,
2161 830 2235 859 pre-

1225 872 1416 902 decessores
1429 871 1476 901 tui
1489 872 1732 910 redemptiones
1747 876 1779 902 et
1792 871 1901 909 legata
1913 872 2060 910 predicta
2072 873 2105 901 in
2120 873 2234 903 eodem

1225 933 1342 963 regno,
1374 924 1505 964 quando
1540 924 1669 962 legatus
1704 924 1890 955 destinatus
1927 924 1967 954 de
2005 925 2106 955 latere
2139 934 2236 964 apos-

1227 977 1323 1008 tolico
1339 977 1374 1007 in
1393 977 1461 1007 illis
1481 977 1631 1015 partibus
1653 985 1719 1006 non
1741 976 1869 1012 existit,
1889 981 2132 1007 consueverunt
2152 978 2237 1007 reci-

1224 1040 1302 1070 pere
1328 1041 1346 1061 a
1366 1030 1474 1069 longis
1498 1029 1702 1068 temporibus
1723 1029 1908 1065 retroactis,
1932 1039 2002 1065 nos,
2024 1030 2089 1059 tuis
2110 1030 2237 1061 devotis

1227 1082 1526 1122 supplicationibus
1541 1082 1705 1118 inclinati,
1721 1086 1755 1112 ut
1768 1091 1826 1121 per
1840 1082 1979 1113 eandem
1992 1082 2237 1121 indulgentiam

1227 1146 1285 1167 seu
1302 1136 1485 1176 quamlibet
1503 1135 1690 1175 generalem
1708 1135 1808 1165 aliam
1820 1135 1871 1166 vel
1885 1135 2062 1174 specialem
2078 1135 2161 1174 ipsis
2178 1145 2237 1166 seu

1227 1188 1303 1219 aliis
1325 1189 1485 1219 fratribus
1507 1189 1746 1227 cujuscumque
1766 1187 1894 1218 ordinis
1915 1187 1967 1218 vel
1985 1188 2085 1218 611310
2106 1187 2237 1218 clericis

1227 1242 1434 1273 secularibus
1446 1242 1607 1281 exemptis
1620 1241 1670 1272 vel
1683 1251 1748 1271 non
1760 1241 1921 1280 exemptis
1935 1250 2127 1271 concessam
2139 1250 2238 1280 super

1225 1295 1293 1326 hiis
1317 1304 1334 1325 a
1355 1295 1437 1326 Sede
1461 1294 1641 1334 apostolica
1660 1294 1711 1324 vel
1733 1294 1767 1324 in
1790 1298 1959 1333 posterum
1980 1294 2235 1329 concedendam,

1227 1359 1290 1389 que
1314 1349 1352 1379 de
1375 1348 1586 1387 presentibus
1606 1347 1738 1386 plenam
1760 1352 1791 1377 et
1810 1356 1997 1386 expressam
2017 1356 2081 1377 non
2098 1347 2239 1377 fecerint

1227 1402 1448 1437 mentionem,
1475 1401 1582 1440 quoad
1604 1401 1826 1440 receptionem
1849 1400 2112 1438 redemptionum
2136 1405 2167 1430 et
2190 1399 2239 1430 le-

1228 1460 1377 1493 gatorum
1396 1454 1542 1492 ipsorum
1560 1453 1594 1483 in
1612 1463 1714 1491 regno
1731 1453 1894 1492 predicto,
1914 1453 2042 1483 nullum
2058 1453 2119 1483 tibi
2138 1462 2238 1491 gene-

1227 1512 1318 1538 retur
1333 1507 1570 1546 prejudicium,
1589 1506 1767 1545 quominus
1788 1506 1846 1536 illa
1862 1506 2041 1545 percipias,
2061 1506 2147 1536 sicut
2163 1515 2240 1544 pre-

1227 1561 1417 1591 decessores
1445 1560 1493 1589 tui
1515 1559 1677 1589 hactenus
1700 1564 1929 1598 perceperunt,
1956 1558 2160 1589 fraternitati
2184 1562 2238 1588 tue

1227 1613 1423 1643 auctoritate
1448 1612 1654 1651 presentium
1680 1611 1905 1649 indulgemus.
1927 1611 2021 1642 Nulli
2042 1615 2103 1641 etc.
2128 1615 2239 1641 nostre

1227 1665 1454 1697 concessionis
1484 1669 1545 1695 ete.
1576 1666 1651 1695 Dat.
1684 1665 1851 1700 Laterani,
1879 1665 1908 1694 V
1936 1664 2010 1694 idus
2041 1663 2238 1694 decembris.

1227 1728 1314 1765 anno
1332 1719 1450 1758 primo.
1471 1732 1484 1745 n

1297 1884 1386 1912 972

1264 1947 1409 1973 statutum
1427 1955 1443 1972 a
1458 1946 1607 1973 canonicis
1626 1946 1718 1979 plebis
1733 1954 1758 1972 s.
1776 1945 1889 1971 Martini
1905 1944 1940 1970 de
1957 1944 2157 1978 Cintumripis,
2176 1943 2242 1969 Mu-

1737 1883 1851 1914 Latran,
1875 1883 1904 1909 10
1922 1882 2074 1909 decembre
2092 1882 2170 1909 1255.

1226 1995 1506 2026 11060515111066515,
1529 1995 1680 2021 ecclesiam
1705 2003 1730 2020 s.
1753 1993 1870 2020 Eusebii
1886 1993 1919 2019 ad
1941 1993 2093 2019 ecclesiam
2111 1994 2238 2027 ipsorum

1227 2045 1400 2079 adjungens,
1417 2044 1576 2070 confirmat.
1593 2043 1677 2075 (Rso.
1695 2043 1739 2071 211.
1757 2050 1782 2069 6.
1802 2042 1863 2072 783,
1880 2041 1899 2068 s.
1922 2042 1991 2074 115.)

1270 2160 1282 2173 u
1310 2170 1343 2181 ..,
1365 2146 1628 2184 archipresbitero,
1652 2150 1678 2173 et
1700 2145 1858 2174 canonicis
1876 2143 1971 2181 plebis
1990 2144 2091 2171 sancti
2110 2143 2241 2171 Martini

1228 2201 1262 2230 de
1278 2199 1496 2237 Cintumripis,
1514 2198 1696 2228 Mutinensis
1712 2198 1848 2226 diocesis.
1866 2196 1911 2225 Ex
1928 2199 2042 2225 tenore
2058 2199 2166 2225 vestre
2183 2204 2240 2233 pe-

1228 2252 1357 2283 titionis
1375 2251 1579 2289 accepimus,
1598 2249 1685 2289 quod
1704 2258 1760 2279 vos
1777 2248 2016 2279 deliberatione
2038 2247 2192 2285 diligenti
2209 2251 2239 2276 et

1227 2305 1363 2345 provida
1389 2304 1571 2338 statuistis,
1599 2307 1633 2332 ut
1659 2301 1799 2332 ecclesia
1821 2301 1928 2331 sancti
1952 2299 2105 2335 Eusebii,
2137 2299 2239 2329 Muti-

1228 2358 1343 2389 nensis
1359 2356 1512 2392 diocesis,
1528 2356 1568 2386 ad
1581 2364 1791 2386 communem
1807 2362 1956 2384 mensam
1975 2357 2119 2383 vestram
2137 2352 2238 2390 perti-

1228 2420 1323 2446 nens,
1341 2420 1444 2440 unum
1461 2418 1578 2447 eorpus
1592 2417 1666 2438 cum
1683 2408 1776 2446 plebe
1794 2412 1902 2437 vestra
1919 2406 2026 2436 sancti
2044 2405 2180 2435 Martini
2199 2404 2239 2434 de

1229 2469 1337 2495 cetero
1353 2466 1540 2493 censeatur.
1557 2462 1665 2498 Quare
1684 2460 1858 2490 humiliter
1876 2469 1934 2498 pro
1949 2463 2041 2498 parte
2059 2462 2168 2488 vestra
2184 2467 2241 2496 pe-

1230 2517 1361 2548 tebatur
1383 2525 1401 2545 3
1424 2515 1536 2550 nobis,
1561 2519 1613 2550 ut,
1637 2522 1710 2544 cum
1734 2512 1935 2543 venerabilis
1956 2512 2060 2542 frater
2075 2515 2188 2541 noster
2206 2533 2239 2543 ..,

1230 2570 1403 2608 episcopus
1418 2567 1631 2601 Mutinensis,
1650 2565 1934 2599 1061111066530115,
1950 2568 2110 2594 statutum
2123 2563 2241 2601 hujus-

1231 2622 1316 2651 modi
1335 2620 1530 2650 auctoritate
1546 2619 1715 2649 ordinaria
1733 2617 1863 2648 duxerit
1879 2615 2137 2656 approbandum,
2158 2613 2242 2643 illud

1230 2683 1423 2705 curaremus
1440 2672 1620 2711 apostolico
1636 2671 1826 2705 munimine
1844 2670 2009 2700 roborare.
2031 2669 2098 2698 Nos
2116 2668 2238 2705 itaque,

1231 2727 1350 2758 vestris
1362 2725 1662 2765 supplicationibus
1675 2723 1839 2758 inclinati,
1854 2726 2013 2753 statutum
2025 2721 2144 2760 ipsum,
2156 2719 2242 2749 sicut

1231 2781 1365 2821 provide
1382 2780 1507 2809 factum
1529 2783 1579 2809 est
1601 2783 1632 2808 et
1654 2778 1687 2807 in
1706 2777 1848 2815 alicujus
1865 2774 2085 2814 prejudicium
2105 2781 2168 2802 non
2189 2781 2242 2801 re-

1231 2833 1367 2868 dundat,
1382 2837 1490 2862 ratum
1505 2836 1536 2861 et
1552 2832 1682 2861 firmum
1701 2830 1873 2863 habentes,
1889 2828 1921 2857 id
1939 2826 2132 2857 auctoritate
2151 2832 2242 2862 apos-

1233 2887 1331 2917 tolica
1340 2885 1574 2915 contii-ruamus
1590 2888 1650 2914 616.
1667 2892 1772 2921 usque
1785 2892 1790 2911 :
1805 2880 2060 2911 communimus.
2075 2876 2168 2907 Nulli
2178 2880 2240 2906 etc.

133 2939 235 2980 plarii
250 2950 357 2981 usque
373 2941 413 2972 ad
429 2941 543 2972 decem
558 2941 689 2972 milium
706 2946 736 2972 et
754 2942 971 2981 Ilospitalarii
987 2951 1091 2981 usque
1108 2941 1149 2971 ad
1188 2948 1193 2985 χ
1232 2941 1304 2970 Dat.
1327 2937 1498 2972 Laterani,
1517 2937 1585 2967 1111
1601 2936 1675 2966 idus
1692 2934 1888 2969 decembris,
1907 2941 1994 2963 anno
2010 2931 2127 2970 primo.
2147 2941 2160 2956 n
