2498 3325
1013 215 1243 253 DEUXIEME
1264 217 1424 255 ANNEE.
2208 229 2267 261 365

172 289 257 317 dinis
278 288 378 316 sancti
393 288 571 324 Augustini,
588 288 739 316 flamensis
756 288 891 317 diocesis.
910 287 1065 317 Exhibita
1082 287 1177 317 nobis

172 344 230 369 tua
248 340 363 378 petitio
382 339 582 374 continebat,
603 340 691 378 quod
710 340 850 370 ecclesia
866 340 904 370 de
920 341 1094 378 VespertO,
1112 341 1178 370 Re-

170 393 298 422 mensis
314 393 466 426 diocesis,
485 392 545 421 tibi
563 392 753 422 immediate
771 393 928 431 subjecta,
948 398 996 423 est
1015 393 1094 423 adeo
1112 393 1177 422 eris

169 445 274 475 alieni
290 454 388 475 onere
405 449 608 483 pergravata,
628 445 725 483 quod,
743 445 809 475 nisi
826 445 856 475 ei
873 445 1025 475 celeriter
1043 455 1178 476 succur-

172 502 265 527 ratur
282 498 317 527 in
334 497 442 530 brevi,
464 501 531 527 tota
551 498 657 535 ipsius
679 498 827 537 subJecta
844 498 1007 536 deperibit
1023 499 1178 536 voragine

171 559 361 580 usurarum.
382 551 449 580 Nos
468 550 581 587 igitur,
600 559 698 588 super
713 550 774 580 hoo
796 555 934 589 paterna
953 551 1178 582 sollicitudine

171 603 344 641 providere
374 603 536 637 volentes,
562 604 757 633 mandamus
785 604 957 642 quatinus.
984 605 1013 633 si
1039 609 1089 633 est
1115 604 1176 639 ita,

171 659 350 694 proventus
379 655 485 694 ipsius
513 655 651 686 ecclesie
677 656 717 685 ad
742 665 860 686 manus
889 661 961 686 tuas
991 657 1175 694 recipienS,

171 709 261 746 ipsos
282 717 339 746 per
360 713 390 738 te
410 708 461 738 vel
484 718 541 746 per
566 708 649 738 alios
670 708 782 746 colligi
805 709 908 738 facias
928 709 962 738 in
980 709 1178 738 solutionem

171 761 357 791 debitorum
371 761 562 800 hujusmodi
579 761 720 791 fideliter
739 762 988 791 convertendos.
1002 763 1051 791 Ita
1068 766 1178 791 tamen

171 814 258 852 quod
281 814 319 843 de
344 814 427 852 ipsis
446 814 597 851 personis
620 814 655 842 in
681 814 795 844 eadem
817 814 957 844 ecclesia
981 814 1178 851 degentibus

170 866 369 896 sustentatio
399 875 544 904 congrua
569 870 767 896 reservetur.
798 866 1076 897 Contradictores.
1103 867 1175 895 Dat.

169 919 337 953 Laterani,
355 919 457 948 XIIII
474 918 634 948 kalendas
651 918 775 952 martii,
794 927 881 948 anno
898 918 1051 949 secundo.
1074 930 1086 944 »

244 1091 264 1118 Ι
273 1091 360 1119 206

206 1152 322 1179 Decano
340 1152 478 1180 Meldensi
500 1152 614 1178 mandat
634 1151 853 1178 conversionem
870 1151 1037 1185 hujusmodi
1053 1150 1081 1176 in
1099 1150 1178 1176 solu-

168 1203 248 1230 tione
263 1203 423 1229 debitorum
439 1203 582 1237 prioratus
599 1203 634 1229 de
646 1202 743 1229 Monte
762 1202 857 1235 Felici,
875 1202 1099 1228 Suessionensis
1114 1201 1177 1228 dio-

169 1252 256 1279 cesis.
273 1251 354 1285 (Rea.
373 1251 418 1282 24,
435 1251 454 1278 f.
474 1252 547 1282 151',
563 1259 630 1277 ann.
648 1251 685 1282 ΙΙ,
703 1252 818 1282 o.17‘2.)

680 1089 795 1122 Latran,
812 1089 843 1116 18
859 1090 1010 1115 decembre
1027 1088 1105 1116 1254.

212 1365 224 1379 «
258 1376 291 1387 ..,
323 1353 434 1382 decano
465 1353 619 1382 Meldensi.
653 1352 890 1382 Referentibus
920 1351 1016 1381 nobis
1046 1351 1176 1382 dilectis

169 1405 249 1435 filiis
319 1405 437 1435 abbate
453 1409 485 1435 et
498 1408 662 1435 conventu
678 1405 716 1434 de
734 1405 910 1443 Spernaco,
925 1404 1052 1434 ordinis
1070 1401 1177 1434 sancti

168 1458 362 1496 Augustini,
391 1458 568 1488 Remensis
598 1458 755 1492 diocesis,
790 1457 885 1487 nobis
914 1457 1060 1487 innotuit
1090 1457 1176 1496 quod

168 1511 335 1549 prioratus
355 1510 393 1540 de
416 1511 527 1540 Monte
548 1510 666 1545 Felici,
690 1510 944 1540 Suessionensis
966 1510 1119 1546 diocesis,
1146 1510 1177 1540 ei

168 1563 360 1593 immediate
377 1562 557 1601 subjectus,
574 1566 664 1592 tanto
681 1562 842 1600 premitur
857 1572 957 1593 onere
976 1562 1173 1598 debitorum,

167 1615 266 1654 quod,
286 1615 351 1644 nisi
369 1615 399 1644 ei
416 1614 569 1645 celeriter
585 1618 809 1650 succurratur,
828 1615 881 1644 vix
901 1615 1020 1653 poterit
1035 1616 1122 1645 adici
1140 1620 1176 1645 ut

167 1671 331 1705 resurgat.
351 1668 419 1697 Nos
440 1667 552 1705 igitur,
574 1667 627 1697 eui
645 1667 794 1697 omnium
813 1667 1028 1698 ecclesiarum
1050 1668 1176 1698 sollici-

167 1720 246 1750 tudo
262 1720 437 1755 incumbit,
456 1720 690 1758 indempnitati
707 1720 854 1759 ejusdem
873 1720 1049 1758 prioratus,
1069 1729 1175 1759 quan-

168 1777 238 1802 tum
250 1782 324 1802 cum
336 1773 403 1802 Deo
417 1781 604 1810 possumus,
618 1781 793 1810 precavere
806 1772 964 1808 volentes,
979 1773 1174 1803 mandamus

167 1826 326 1864 quatinus
354 1825 460 1863 ipsius
490 1825 657 1863 prioratus
687 1825 727 1854 ad
749 1834 867 1855 manus
895 1830 968 1855 tuas
995 1826 1171 1864 recipiens,

166 1878 316 1908 redditus
332 1882 363 1908 et
380 1882 570 1916 proventus,
584 1882 753 1908 reservata
767 1878 992 1908 residentibus
1009 1879 1043 1907 in
1061 1879 1174 1908 eodem

165 1931 315 1969 prioratu
340 1931 379 1961 de
402 1931 484 1969 ipsis
507 1939 653 1968 congrua
675 1931 842 1969 portione,
863 1940 918 1961 eos
944 1935 1116 1961 convertas
1139 1932 1174 1961 in

167 1984 332 2014 solutione
355 1983 547 2022 hujusmodi
569 1983 767 2013 debitorum.
793 1983 1072 2014 Contradictores.
1099 1985 1171 2013 Dat.

167 2037 334 2072 Laterani,
351 2036 583 2075 XVJ'anuarii,
603 2045 689 2066 anno
707 2036 824 2074 primo.
846 2049 858 2062 r>

242 2201 357 2230 ¹20?

204 2263 350 2296 Stephano
373 2262 408 2288 de
431 2262 513 2293 Fucr,
537 2263 592 2289 civi
608 2263 814 2297 Lugdunensi,
833 2264 1051 2290 concessionem
1071 2264 1174 2290 domus

741 2202 854 2233 Latran,
872 2202 887 2229 8
905 2202 1006 2228 fevrier
1024 2202 1102 2229 1256.

165 2310 201 2336 de
218 2310 352 2345 Lymans,
365 2311 399 2336 ab
415 2311 516 2336 abbate
528 2315 556 2336 et
571 2315 716 2338 conventu
733 2311 916 2338 Cluniacensi
934 2320 1031 2338 mense
1047 2316 1175 2347 septem-

167 2359 227 2386 bris
244 2359 398 2385 MCCLtVo
414 2360 528 2393 factam,
546 2361 706 2392 confirmat,
719 2362 803 2395 juxta
819 2364 947 2387 tenorem
964 2361 1115 2395 cujusdam
1129 2362 1174 2387 in-

166 2409 321 2435 strumenti
339 2408 444 2442 publici
463 2408 488 2434 11
506 2409 570 2434 islus
586 2409 662 2443 junii
680 2408 819 2435 MectNo
837 2409 958 2440 redacti,
976 2410 1084 2435 litteras
1101 2418 1174 2435 con-

165 2457 309 2484 cessionis
321 2457 497 2483 contincntis
513 2458 646 2483 insertas.
664 2457 746 2491 (Rau.
758 2458 802 2492 ²24,
819 2458 913 2491 f.15‘2‚
926 2467 991 2484 ann.
1006 2458 1042 2491 11,
1059 2468 1083 2485 c.
1102 2459 1174 2491 173)

209 2571 220 2583 ι(
239 2559 390 2595 Stephano
406 2559 438 2587 (le
454 2559 544 2591 Fuer,
562 2559 623 2588 civi
640 2559 844 2596 Lttydunensi.
869 2559 952 2589 Cum
969 2568 987 2589 a
1002 2560 1098 2589 nobis
1116 2569 1174 2598 pe-

166 2610 258 2640 titur.
283 2615 342 2640 etc.
368 2620 474 2648 usque
501 2621 507 2639 :
531 2611 695 2640 effectum.
722 2612 807 2641 Sane
831 2611 978 2641 exhibita
998 2612 1093 2642 nobis
1117 2617 1174 2642 tua

166 2663 282 2701 petitio
299 2664 499 2698 continebat,
516 2664 602 2702 quod
617 2664 729 2694 dilecti
744 2664 804 2693 filii
823 2687 855 2699 ..,
874 2665 975 2695 abbas
988 2669 1173 2696 etconven-

167 2719 220 2745 tus
236 2715 480 2751 Cluniaccnsis,
499 2721 636 2754 pensata
653 2717 796 2746 utilitate
814 2717 929 2747 domus
946 2717 1106 2748 secularis
1123 2719 1173 2757 ip-

167 2776 279 2798 sorum
305 2768 344 2798 tle
366 2769 527 2807 Lymans,
551 2769 784 2805 Lugdunensis
806 2770 963 2805 diocesis,
987 2770 1093 2808 ipsam
1113 2771 1173 2800 tibi

168 2821 229 2850 sub
248 2825 335 2850 certo
352 2830 453 2851 censu
471 2831 582 2851 annuo
599 2826 833 2851 concesserunt
850 2822 1082 2860 quoadvixeris
1098 2832 1173 2861 pos-

167 2872 351 2907 sidendam,
369 2882 467 2912 quam
491 2874 589 2903 etiam
609 2878 641 2903 tu
660 2883 677 2903 a
694 2874 912 2904 creditoribus
932 2883 989 2912 pro
1008 2875 1172 2913 quingen-

1261 288 1303 318 tis
1321 289 1416 320 libris
1437 291 1681 323 Viennensium
1706 298 1742 323 ut
1767 294 1889 324 asseris
1911 294 2093 330 redemisti,
2116 299 2212 333 prout
2228 296 2265 326 in

1260 340 1482 373 instrumento
1499 345 1641 382 publico,
1653 350 1801 376 tenorem
1816 347 2002 377 litterarum
2019 348 2128 386 sigillo
2141 350 2265 387 predic-

1261 396 1368 423 torum
1396 395 1524 426 abbatis
1548 401 1579 427 et
1607 403 1788 429 conventus
1818 399 2039 437 sigillatarum
2061 401 2264 438 continente,

1260 445 1391 483 plenius
1409 448 1607 485 continetur,
1627 451 1720 489 cujus
1737 455 1886 482 tenorem
1902 453 1940 482 de
1956 453 2055 483 verbo
2072 454 2112 483 ad
2127 455 2263 484 verbum

1261 497 1404 529 inferius
1422 500 1562 531 fecimus
1581 504 1744 532 annotari.

1301 551 1368 581 Nos
1392 552 1494 590 igitur
1519 554 1584 584 tuis
1607 555 1906 593 supplicationibus
1927 557 2095 591 inclinati,
2118 560 2204 598 quod
2225 560 2266 590 ab

1261 603 1384 633 eisdem
1408 605 1524 635 abbate
1546 611 1576 636 et
1597 612 1761 637 conventu
1783 617 1881 646 super
1902 609 1963 639 hoc
1984 611 2118 648 provide
2141 612 2267 642 factum

1261 659 1319 691 est,
1340 661 1447 686 ratum
1464 662 1494 687 et
1511 663 1640 696 gratum
1660 659 1837 695 habentes,
1859 661 1942 691 illud
1959 664 2153 694 auctoritate
2170 673 2266 703 apos-

1260 708 1359 738 tolica.
1384 711 1618 741 confirmamus
1642 716 1702 742 etc.
1725 722 1830 751 usque
1854 723 1861 742 ε
1883 716 2138 746 communimus.
2159 717 2268 748 Tenor

1261 765 1371 791 autem
1387 762 1493 800 ipsius
1510 763 1724 794 instrumenti
1739 765 1815 795 talis
1833 770 1881 796 est
1900 776 1906 795 z

1993 859 2024 885 κε
2035 860 2100 893 juin
2118 861 2196 889 1255.

1303 927 1315 941 «
1337 916 1375 945 In
1392 916 1526 946 nomine
1542 917 1688 953 Domini,
1707 927 1815 948 amen.
1833 920 1929 950 Anno
1946 921 2094 959 ejusdem
2110 923 2266 959 MCCLV,

1263 980 1275 993 ι)
1300 967 1484 998 indictione
1506 969 1601 1004 XIII,
1627 971 1659 1000 II
1682 970 1757 1001 idus
1781 971 1881 1010 junii,
1908 974 2119 1010 pontificatus
2144 975 2268 1005 domini

1262 1032 1275 1046 »
1300 1020 1480 1050 Alexandri
1496 1031 1577 1060 pape
1595 1024 1662 1053 IIII
1679 1033 1765 1053 anno
1781 1024 1899 1062 primo,
1917 1035 1974 1063 per
1989 1035 2126 1065 presens
2142 1027 2269 1058 instru-

1263 1085 1275 1099 »
1301 1077 1449 1103 mentum
1473 1075 1602 1105 cunctis
1626 1076 1796 1107 evidenter
1818 1083 1986 1116 appareat,
2011 1080 2111 1118 quod,
2136 1081 2171 1110 in
2194 1090 2269 1119 pre-

1262 1138 1275 1153 »
1300 1127 1408 1157 sentia
1431 1128 1567 1158 testium
1590 1129 1867 1167 subscriptorum,
1893 1131 2081 1169 Stephanus
2105 1133 2143 1164 de
2169 1135 2267 1170 Fuer,

1262 1191 1275 1205 »
1301 1188 1401 1217 nepos
1417 1180 1543 1210 domini
1561 1182 1787 1212 Bartholomei
1804 1183 1842 1213 de
1859 1184 1956 1221 Fuer,
1973 1185 2055 1215 civis
2072 1186 2269 1223 Lugdunen-

1263 1244 1275 1258 »
1301 1232 1363 1267 sis,
1390 1232 1537 1262 litteram
1560 1234 1824 1273 infrascriptam,
1852 1245 1917 1265 non
1943 1237 2172 1273 cancellatam,
2202 1247 2268 1269 non

1262 1296 1275 1310 n
1299 1285 1465 1320 viciatam,
1483 1294 1548 1315 non
1566 1286 1733 1322 abolitam,
1752 1297 1811 1317 nec
1834 1288 1870 1317 in
1887 1288 1999 1327 aliqua
2015 1294 2106 1327 parte
2125 1292 2177 1320 sui
2196 1300 2268 1321 cor-

1262 1349 1275 1364 »
1300 1342 1446 1375 ruptam,
1464 1339 1552 1368 veris
1577 1343 1608 1369 et
1633 1339 1772 1377 integris
1798 1341 1920 1378 sigillis
1944 1342 2116 1373 Guillelmi
2138 1344 2268 1374 abbatis

1262 1402 1275 1416 »
1300 1395 1331 1420 et
1355 1395 1537 1421 conventus
1562 1391 1794 1423 Cluniacensis
1821 1393 2017 1431 sigillatam,
2037 1396 2121 1425 mihi
2143 1396 2268 1428 Thome

1261 1455 1274 1469 »
1299 1443 1471 1481 Blancpeil
1488 1444 1691 1480 Normanno,
1712 1446 1907 1476 auctoritate
1925 1447 2105 1485 apostolica
2126 1449 2269 1479 scrinia-

1261 1507 1274 1522 »
1299 1495 1572 1534 rio,presentavit
1585 1501 1615 1527 et
1629 1498 1763 1528 tradidit
1776 1499 1816 1528 ad
1830 1499 2081 1538 exemplandum
2098 1506 2128 1531 et
2144 1511 2266 1540 ponen-

1261 1560 1274 1574 »
1299 1548 1377 1578 dum
1393 1548 1427 1578 in
1444 1549 1611 1587 publicam
1629 1550 1780 1586 formam,
1798 1552 1892 1593 cujus
1910 1556 2002 1582 tenor
2018 1553 2094 1584 talis
2112 1559 2159 1584 est
2178 1565 2184 1583 :

1828 1657 1917 1692 Lyon,
1935 1659 2098 1693 septembre
2116 1660 2193 1687 1254.

1300 1728 1313 1742 »
1348 1717 1524 1747 Universis
1555 1722 1726 1756 presentes
1754 1719 1882 1750 litteras
1914 1720 2133 1758 inspecturis,
2164 1723 2269 1753 frater

1259 1780 1272 1795 1>
1297 1769 1512 1805 Guillelmus,
1530 1770 1745 1801 miseratione
1768 1772 1881 1802 divina
1901 1772 2040 1804 humilis
2064 1775 2165 1805 abbas
2188 1775 2268 1806 Clu-

1259 1833 1272 1848 »
1298 1822 1478 1857 niacensis,
1493 1827 1524 1853 et
1539 1828 1721 1854 conventus
1738 1825 1885 1864 ejusdem
1901 1825 1976 1861 loci,
1993 1827 2134 1858 salutem
2151 1828 2186 1858 in
2202 1829 2268 1859 Do-

1260 1887 1272 1901 »
1298 1875 1399 1904 mino.
1427 1876 1565 1906 Noverit
1586 1877 1788 1907 universitas
1807 1883 1917 1908 vestra
1933 1880 2019 1918 quod
2036 1890 2112 1916 nos,
2129 1887 2268 1920 pensata

1260 1939 1273 1954 r>
1297 1927 1442 1958 utilitate
1460 1929 1576 1959 domus
1594 1934 1704 1960 nostre
1721 1931 1759 1960 de
1777 1931 1927 1967 Limans,
1946 1933 2179 1970 Lugdunensis
2196 1935 2268 1965 dio-

1260 1992 1272 2006 »
1297 1981 1394 2014 cesis,
1408 1981 1527 2011 dilecto
1544 1982 1639 2012 nobis
1656 1983 1690 2012 in
1706 1983 1839 2014 Christo
1857 1985 2023 2023 Stephano
2040 1986 2077 2016 de
2092 1987 2188 2023 Fuer,
2202 1988 2267 2018 civi

1260 2046 1272 2059 »
1298 2034 1525 2071 Lugdunensi,
1541 2035 1662 2065 dictam
1679 2037 1812 2066 domum
1829 2038 1869 2067 ad
1887 2038 1988 2067 vitam
2007 2048 2101 2069 suam
2120 2044 2268 2071 tantum-

1260 2099 1272 2113 »
1298 2087 1393 2116 modo
1411 2088 1643 2125 possidendam
1669 2089 1730 2118 sub
1752 2099 1862 2119 annuo
1883 2100 1985 2121 censu
2004 2093 2215 2124 concedimus
2237 2099 2269 2125 et

1260 2152 1272 2165 »
1299 2139 1472 2170 tradimus.
1497 2141 1536 2170 Et
1559 2141 1646 2171 idem
1670 2142 1858 2180 Stephanus
1877 2143 2015 2182 juravit,
2038 2145 2132 2175 tactis
2157 2155 2267 2177 sacro-

1259 2204 1271 2218 »
1298 2193 1422 2222 sanctis
1439 2193 1637 2231 evangeliis,
1657 2195 1743 2233 quod
1764 2195 1859 2225 nobis
1876 2200 1906 2226 et
1923 2198 2170 2228 successoribus
2190 2208 2268 2230 nos-

1260 2257 1271 2270 »
1298 2245 1357 2274 tris
1381 2245 1539 2275 obediens
1557 2247 1619 2276 erit
1635 2251 1666 2276 et
1682 2247 1806 2283 fidelis,
1825 2253 1856 2277 et
1872 2249 1959 2286 quod
1974 2250 2086 2280 omnia
2101 2251 2187 2281 bona
2203 2252 2267 2281 im-

1259 2310 1271 2324 »
1298 2298 1434 2327 mobilia
1450 2299 1535 2328 dicte
1552 2299 1668 2329 domus
1685 2300 1736 2329 vel
1752 2301 2030 2339 pertinentiarum
2047 2312 2183 2334 suarum
2201 2314 2267 2335 non

1259 2364 1270 2376 »ι
1296 2351 1425 2384 vendet,
1451 2360 1515 2381 non
1538 2352 1687 2389 donabit,
1717 2362 1781 2383 non
1807 2354 1978 2392 obligabit,
2004 2365 2070 2385 non
2094 2357 2265 2394 alienabit,

1259 2416 1271 2429 »
1296 2412 1361 2433 non
1386 2404 1584 2441 infeudabit,
1610 2414 1674 2435 non
1694 2407 1875 2442 acensabit,
1896 2416 1955 2437 nec
1975 2408 2101 2447 aliquid
2124 2410 2268 2441 scienter

1259 2468 1270 2481 »
1296 2456 1406 2491 saciet,
1426 2457 1513 2495 quod
1529 2457 1563 2486 in
1580 2458 1801 2497 prejudicium
1820 2464 1969 2489 nostrum
1989 2470 2047 2491 seu
2068 2462 2195 2493 ordinis
2216 2464 2268 2494 vel

1258 2521 1270 2535 »
1296 2509 1441 2547 predicte
1462 2509 1578 2540 domus
1599 2515 1655 2540 aut
1674 2512 1952 2549 pertinentiarum
1968 2523 2104 2544 suarum
2121 2524 2179 2545 seu
2197 2525 2268 2547 mo-

1258 2573 1270 2586 »
1296 2561 1435 2591 nasterii
1453 2562 1557 2591 nostri
1573 2562 1807 2593 Cluniaccnsis
1825 2565 1984 2595 redundet
2004 2576 2010 2594 τ
2030 2571 2061 2596 et
2078 2568 2163 2606 quod
2180 2569 2268 2599 dicta

1258 2626 1270 2639 »
1296 2614 1426 2648 domus,
1446 2618 1518 2652 post
1535 2620 1672 2645 mortem
1689 2616 1811 2654 ipsius.
1830 2626 1904 2647 cum
1927 2619 2138 2656 pertinentiis
2158 2622 2267 2651 omni-

1258 2678 1270 2691 »
1296 2666 1356 2695 bus
1376 2666 1508 2704 juribus
1529 2667 1633 2697 libera
1651 2672 1681 2698 et
1699 2668 1859 2699 immunis
1877 2670 1915 2699 ab
1935 2672 2024 2700 omni
2043 2672 2169 2707 debito,
2191 2683 2265 2704 cum

1258 2730 1270 2744 »
1295 2719 1449 2748 omnibus
1473 2719 1652 2750 mobilibus
1676 2725 1706 2750 et
1726 2721 1955 2752 immobilibus
1979 2728 2009 2753 et
2032 2726 2121 2753 omni
2150 2727 2265 2757 melio-

1258 2783 1270 2797 »
1295 2771 1423 2801 ratione
1449 2776 1479 2801 ct
1496 2772 1712 2805 incremento„
1733 2774 1771 2803 ad
1790 2776 2027 2805 monasterium
2044 2777 2266 2810 Cluniaceuse

1258 2836 1270 2849 »
1295 2828 1518 2853 reverteretur
1539 2825 1674 2862 pacifice
1693 2830 1722 2855 ct
1740 2827 1863 2864 quiete.
1886 2828 2139 2860 Procurationcs
2156 2837 2267 2862 autem

1299 2880 1428 2905 nostras
1453 2880 1480 2905 cl
1506 2885 1734 2907 succvssoruui
1758 2883 1962 2910 nostrorum,
1982 2881 2009 2910 si
2026 2882 2065 2910 ad
2082 2883 2267 2920 predictum

1259 2889 1264 2901 )
