2441 3330
178 213 232 242 102
900 209 1142 242 meismes
1163 190 1472 240 D‘ALEXANDRE
1495 210 1551 240 iv.

176 286 274 316 quem
290 276 466 306 diocesano
483 276 642 306 canonice
657 276 893 315 presentabitis
908 286 967 316 per
984 285 1041 307 vos
1056 275 1096 306 de
1111 284 1187 314 pro-

175 329 331 359 ventibus
359 328 506 368 ejusdem
535 328 673 359 ecclesie
699 329 807 368 portio
834 333 1024 368 competens
1052 336 1090 358 ex
1121 336 1187 366 qua

175 390 319 419 congrue
335 381 517 411 sustentari
535 385 567 411 et
582 381 782 420 episcopalia
798 385 829 412 et
844 381 910 412 alia
925 381 1032 420 ipsius
1047 379 1186 411 ecclesie

176 443 277 465 onera
299 437 492 473 supportare
512 433 621 464 valeat
644 434 846 472 assignetur.
869 435 938 464 Nos
961 434 1051 464 enim
1072 433 1186 463 decer-

177 488 288 517 nimus
312 487 445 517 irritum
465 504 514 516 —.
538 487 631 517 Nulli
651 491 712 517 etc.
739 491 850 518 nostre
871 486 1097 518 concessionis
1122 489 1184 516 etc.

176 541 250 571 Dat.
267 539 418 579 Neapoli,
436 539 534 570 nonis
550 539 677 579 aprilis,
695 548 782 570 anno
797 540 914 578 primo.
934 552 948 567 n

248 706 331 735 341

213 770 376 797 Abbatibus
391 769 426 795 de
442 768 472 796 S.
491 769 603 796 Albano
619 773 647 796 et
663 769 698 796 de
715 768 814 804 But-go
828 768 858 796 S.
872 769 959 803 Petri,
975 768 1186 796 Lincolniensis

177 819 312 852 diocesis,
331 818 454 848 mandat,
476 822 507 844 ut
526 818 642 844 eosdem
665 819 788 853 priorem
809 822 838 844 et
857 822 1030 844 conventum
1052 818 1186 844 inductos

177 869 204 895 in
229 868 444 903 possessionem
461 868 602 894 ecclesiae
620 867 655 893 de
673 866 817 894 Silkeston
835 867 938 902 quovis
958 867 1042 893 modo
1058 868 1187 894 vacantis

178 926 228 952 per
244 925 275 943 se
291 916 335 942 vel
351 917 424 943 alios
439 916 602 943 defendant.
621 916 703 950 (Rea.
721 916 764 948 24,
782 925 807 944 c.
825 915 900 950 985²,
918 917 935 942 f.
952 916 1009 950 42.)

782 705 902 739 Naples,
918 705 932 731 5
947 704 1018 731 avril
1035 704 1113 732 1‘255.

220 1032 232 1046 «
255 1042 287 1055 ..‚
307 1019 340 1048 de
354 1020 465 1049 Sancto
479 1020 594 1049 Albano
610 1024 636 1048 el
656 1042 689 1055 ..‚
708 1019 742 1048 cle
758 1020 856 1057 Bur-90
873 1020 980 1048 Sancti
996 1020 1091 1055 Petri,
1112 1020 1187 1048 Lin-

178 1074 341 1103 colniensis
369 1073 512 1108 diocesis,
545 1073 712 1102 abbatibus.
747 1072 882 1102 Sincere
911 1072 1096 1103 devotionis
1123 1076 1183 1102 etc.

179 1134 285 1164 usque
300 1135 306 1154 :
327 1125 516 1163 attemptari
529 1142 579 1154 —.
596 1126 670 1155 Dat.
688 1129 723 1155 ut
740 1134 851 1163 supra.
871 1137 884 1152 »

251 1289 339 1317 342

215 1352 236 1377 G
245 1351 341 1378 uideni
353 1351 388 1377 de
404 1350 544 1386 Nealpha,
557 1350 666 1377 decano
678 1351 817 1377 eeclesiae
829 1350 860 1377 S.
873 1351 987 1378 Martini
997 1351 1186 1387 Turonensis,

180 1400 318 1434 indulget,
334 1403 374 1431 ut,
388 1399 630 1434 quandocumque
647 1408 697 1434 pro
713 1400 852 1426 ecelesiae
868 1400 999 1434 ejusdem
1017 1400 1188 1427 utilitatibus

179 1449 328 1483 equitabit,
354 1457 442 1475 unum
467 1449 510 1475 vel
531 1449 605 1475 duos
628 1450 784 1475 canonicos
807 1449 835 1476 in
858 1449 996 1476 societate
1016 1457 1068 1475 sua
1089 1449 1186 1476 ducat.

183 1499 264 1530 (Rho.
280 1498 326 1529 24,
343 1506 369 1525 c.
386 1498 447 1530 280,
466 1498 484 1525 s.
503 1498 557 1531 42.)

759 1288 877 1324 Naples,
894 1289 927 1316 ‘20
944 1298 1020 1316 nial-s
1038 1290 1115 1316 1255.

223 1613 235 1625 κ
255 1600 388 1629 Guicloni
410 1601 443 1629 cle
464 1601 615 1638 Nealpha,
634 1601 790 1638 capellano
804 1606 920 1636 nostre,
940 1602 1052 1631 decano
1071 1603 1189 1632 ecclesie

179 1654 257 1682 beati
279 1654 409 1682 Martini
437 1654 631 1688 Turonensis,
656 1654 695 1682 acl
719 1654 888 1682 Romanam
911 1655 1075 1684 Ecclesiam
1101 1656 1188 1685 nullo

182 1707 277 1736 madio
293 1707 489 1744 pertinentis.
509 1706 591 1736 Cum
615 1706 701 1736 sicut
723 1706 819 1736 nobis
837 1716 999 1745 exponere
1015 1708 1186 1744 curavisti,

178 1760 370 1797 frequenter
386 1759 426 1788 ad
439 1758 588 1788 diversas
604 1763 713 1796 partes
730 1763 821 1789 extra
837 1759 1005 1789 civitatem
1020 1760 1188 1790 Turonen-

177 1822 247 1842 sem
263 1816 409 1850 oporteat
430 1816 459 1841 te
478 1812 628 1840 conferre
645 1820 682 1841 ac
700 1820 757 1849 per
772 1811 833 1841 hoc
850 1812 967 1841 existat
986 1813 1188 1844 conveniens

177 1870 210 1895 ut
231 1870 281 1899 tu,
300 1865 357 1903 qui
371 1864 509 1894 ecclesie
525 1864 614 1893 beati
628 1864 765 1893 Martini
779 1865 984 1895 Turonensis
1002 1870 1099 1904 caput
1115 1875 1187 1897 esse

177 1916 372 1946 dinosceris.
391 1916 573 1946 secundum
590 1920 644 1945 tue
660 1924 799 1953 persone
818 1920 940 1946 statum
958 1921 988 1946 et
1004 1917 1111 1955 ipsius
1128 1918 1187 1948 ho-

177 1978 290 1999 norem
311 1969 450 1999 ecclesie
473 1969 642 1998 decentem
666 1968 789 1998 habeas
808 1969 1017 2005 comitivam,
1042 1979 1102 2000 nos
1120 1971 1187 2001 tuis

177 2022 476 2060 St1111plic;11iomln1s
496 2021 666 2056 inclinati,
687 2021 881 2051 auctoritate
905 2021 964 2052 tibi
980 2023 1186 2060 presentium

175 2074 405 2111 indulgemus,
430 2078 465 2103 ut
491 2074 765 2112 quandocumque
794 2084 852 2112 pro
879 2075 1018 2104 ecclesie
1042 2075 1186 2113 predicte

176 2127 378 2157 utilitatibus
402 2127 584 2165 equitabis,
608 2126 705 2156 liceat
730 2127 790 2156 tibi
812 2136 915 2157 unum
931 2127 982 2157 vel
998 2127 1080 2158 duos
1097 2129 1186 2167 ejus-

175 2180 249 2210 dem
265 2180 403 2210 ecclesie
420 2180 607 2215 canonicos,
626 2190 708 2219 quos
725 2180 765 2209 ad
780 2180 842 2210 hoc
856 2181 957 2211 utiles
974 2191 1046 2211 esse
1065 2191 1185 2219 cogno-

174 2233 262 2263 veris
279 2233 313 2262 in
329 2233 484 2263 societate
500 2237 552 2262 tua
570 2237 677 2263 tecum
691 2233 810 2263 ducere
824 2243 860 2263 ac
874 2233 997 2264 habere
1011 2234 1068 2273 qui
1085 2235 1184 2265 etiam

174 2285 251 2315 dum
274 2285 309 2314 in
331 2285 403 2323 ipsa
426 2285 583 2315 societate
607 2285 748 2321 suerint,
771 2286 946 2315 dummodo
965 2287 1006 2316 ad
1023 2287 1058 2316 id
1078 2287 1184 2326 ipsius

174 2338 312 2368 ecclesie
333 2338 469 2376 capituli
492 2338 621 2368 accedat
647 2348 804 2369 assensus
823 2339 1010 2369 habeantur
1024 2349 1083 2378 pro
1100 2341 1184 2370 resi-

174 2390 328 2419 dentibus
349 2390 382 2419 in
405 2390 542 2420 ecclesia
563 2396 753 2426 memorata,
772 2391 939 2421 contraria
954 2392 1111 2430 jamdicte
1130 2402 1183 2423 ec—

173 2442 274 2472 clesie
295 2443 534 2472 consuetudine
557 2443 748 2473 vel.statuto
764 2443 900 2479 vallato,
917 2445 1108 2483 juramento
1125 2454 1183 2476 seu

172 2495 359 2525 firmatione
380 2495 445 2525 alia
468 2504 532 2525 non
553 2496 716 2526 obstante.
736 2496 829 2525 Nulli
845 2501 906 2526 etc.
924 2501 1035 2528 nostre
1052 2507 1182 2528 conces-

173 2547 277 2577 sionis
297 2552 357 2578 etc.
380 2549 454 2577 Dat.
474 2548 629 2587 Neapoli,
653 2549 738 2578 XIII
760 2548 919 2579 kalendas
942 2549 1074 2587 aprilis,
1093 2560 1180 2581 anno

169 2600 288 2638 primo.
309 2612 321 2626 n

241 2757 330 2785 343

206 2818 408 2853 tun-ascriptos
442 2819 573 2845 homines
607 2819 860 2855 Foropopuliensis
890 2821 1015 2848 diocesis
1046 2823 1176 2857 bonaque

756 2757 873 2793 Naples,
893 2759 923 2786 13
939 2760 1009 2786 avril
1028 2761 1104 2787 1255.

1269 275 1324 309 pit,
1342 275 1566 302 confiscationes
1581 275 1726 310 quondam
1742 274 1889 302 Frederici
1905 274 2088 310 imperatoris
2106 273 2277 302 revocando.

1267 322 1352 356 (Rau.
1364 323 1408 355 24,
1425 331 1451 351 c.
1464 323 1527 353 287,
1545 324 1565 352 Γ.
1581 323 1638 357 42.)

1309 436 1322 451 u
1339 425 1495 454 Nobilibus
1510 426 1589 454 viris
1604 426 1706 455 Leutio
1719 425 1753 454 de
1770 426 1848 455 Valle
1864 426 1952 460 bona,
1966 425 2073 455 Jacobo
2088 425 2122 454 cle
2137 425 2277 460 Bucuan,

1266 478 1389 507 Nicolao
1410 479 1505 516 Niqro
1529 484 1554 508 et
1572 479 1725 516 Huyolino
1743 478 1777 508 de
1798 479 1907 514 Pleda,
1924 479 2190 516 Foropopuliensis
2211 479 2279 508 dio-

1266 531 1351 560 cesis.
1369 530 1408 560 Et
1424 530 1554 569 equitas
1570 530 1715 569 postulat
1733 534 1763 561 et
1778 530 1864 561 ratio
1879 530 2056 569 persuadet
2075 535 2122 567 ut,
2145 531 2279 562 devoto-

1264 591 1341 612 rum
1356 582 1474 613 merita
1489 582 1635 621 benigna
1650 583 1916 613 consideratione
1930 587 2122 622 pensantes,
2138 582 2279 613 retribu-

1267 633 1392 664 tionem
1409 634 1608 673 condignam
1632 635 1780 674 ipsorum
1803 634 1973 674 obsequiis
1993 634 2225 673 rependamus,
2241 638 2280 667 ut

1267 690 1298 717 et
1317 686 1381 725 ipsi
1399 695 1457 725 per
1474 686 1536 717 hoc
1550 687 1591 717 ad
1606 687 1744 718 servitia
1762 687 1857 718 Sedis
1873 686 2052 726 apostolice
2068 686 2188 717 fortius
2205 686 2280 717 ani-

1267 743 1400 770 mentur
1427 743 1458 769 et
1484 739 1525 769 ad
1553 739 1587 769 id
1614 748 1728 770 eorum
1752 739 1901 778 exemplo
1932 743 2058 770 ceteros
2085 739 2277 770 invitemus.

1268 792 1458 830 Eapropter.
1477 791 1588 822 dilecti
1607 792 1642 821 in
1658 792 1800 822 Domino
1813 792 1887 828 filii,
1899 796 1996 831 prout
2007 792 2162 823 convenit
2177 795 2280 823 atten-

1268 844 1384 875 dentes
1404 844 1492 883 quod
1517 844 1552 874 in
1578 844 1752 875 devotione
1775 844 1954 883 apostolice
1977 845 2073 876 Sedis
2094 844 2187 875 illam
2209 848 2280 876 stu-

1268 897 1389 928 duistis
1402 897 1577 928 observare
1590 898 1822 934 constantiam,
1836 898 1923 937 quod
1939 907 1999 929 nec
2012 898 2154 937 dampna
2169 906 2281 928 rerum

1268 958 1329 979 nec
1346 959 1486 988 persone
1505 950 1653 989 pericula
1670 959 1727 981 vos
1749 960 1767 980 a
1785 949 1944 981 fidelitate
1963 949 2110 980 Ecclesie
2131 953 2295 982 avertere.

1268 1007 1458 1041 potuerunt,
1479 1007 1510 1033 et
1532 1003 1681 1033 debitum
1704 1003 1903 1034 extimantes
1922 1007 1958 1034 ut
1978 1003 2099 1034 vestris
2114 1002 2281 1042 petitioni-

1269 1055 1331 1086 bus
1353 1056 1582 1086 favorabiliter
1608 1065 1812 1092 annuamus,
1838 1056 1958 1086 vestris
1981 1055 2281 1095 supplicationibus

1269 1108 1434 1144 inclinati,
1450 1117 1608 1147 personas
1622 1113 1749 1139 vest-ras
1765 1109 1800 1138 in
1816 1109 1990 1139 devotione
2006 1108 2154 1139 Ecclesie
2169 1107 2211 1138 ad
2224 1107 2282 1138 de-

1269 1161 1456 1191 fensionem
1472 1161 1633 1191 catholice
1646 1161 1724 1191 fidei
1741 1165 1772 1191 et
1784 1161 1950 1192 libertatis
1967 1161 2191 1191 ecclesiastice
2208 1169 2282 1199 per-

1269 1214 1438 1249 sistentes,
1457 1218 1573 1249 terras,
1592 1214 1832 1252 possessiones,
1848 1218 1967 1249 castra,
1982 1213 2235 1254 jurisdictiones
2249 1217 2282 1244 et.

1269 1266 1335 1296 alia
1350 1266 1461 1296 omnia
1478 1266 1564 1296 bona
1580 1270 1691 1296 vestra
1703 1275 1767 1305 que
1778 1266 1857 1296 olim
1873 1271 2019 1304 tempore
2035 1275 2099 1305 quo
2115 1265 2282 1305 quondam

1269 1320 1322 1349 Fr.
1342 1319 1521 1357 imperator
1537 1319 1841 1349 excommunicatus
1858 1328 1915 1357 per
1933 1319 2051 1350 sedem
2067 1318 2283 1357 apostolicam

1269 1372 1378 1402 extitit
1389 1372 1610 1410 possidebatis
1620 1376 1649 1402 et
1660 1381 1723 1411 que
1733 1372 2025 1410 impresentiarum
2037 1371 2283 1402 rationabiliter

1269 1425 1447 1464 possidetis
1467 1429 1521 1455 aut
1545 1425 1579 1454 in
1604 1426 1755 1455 futurum
1776 1425 1878 1465 justis
1900 1425 2006 1455 modis
2027 1428 2196 1464 prestante
2215 1425 2282 1454 Do-

1270 1478 1361 1508 mino
1380 1478 1531 1517 poteritis
1550 1478 1707 1516 adipisci,
1728 1478 1769 1508 ad
1790 1478 1897 1508 instar
1917 1477 2027 1508 felicis
2042 1476 2282 1508 recordationis

1270 1531 1296 1561 I.
1319 1540 1402 1569 pape
1424 1531 1668 1569 predecessoris
1686 1531 1806 1566 nostri,
1825 1530 1887 1561 sub
1905 1530 1994 1560 beati
2010 1530 2102 1561 Petri
2123 1533 2154 1560 et
2169 1533 2283 1560 nostra

1269 1584 1472 1622 protectione
1487 1583 1688 1622 suscipimus
1702 1588 1763 1614 etc.
1778 1593 1884 1622 usque
1900 1593 1906 1613 z
1925 1583 2180 1614 communimus.
2198 1582 2283 1613 Sen-

1271 1636 1392 1666 tentias
1415 1645 1563 1675 quoque,
1586 1636 1712 1670 banna,
1737 1640 1880 1671 statuta,
1898 1635 2144 1679 ordinationes,
2166 1643 2280 1674 penas,

1269 1689 1533 1724 confiscationes,
1547 1689 1721 1727 privilegia
1734 1693 1765 1718 et
1776 1688 2008 1719 concessiones
2020 1688 2124 1718 factas
2135 1687 2174 1717 de
2185 1686 2282 1718 bonis

1269 1743 1389 1773 vestris
1415 1742 1455 1772 ab
1478 1743 1591 1772 eodem
1617 1743 1651 1772 F.
1675 1742 1728 1772 vel
1750 1741 1814 1772 alio
1839 1751 1898 1780 pro
1920 1742 1992 1780 ipso
2015 1741 2281 1780 quibuscumque
2303 1733 2306 1735 Α

1269 1795 1564 1826 comnmnitatibus
1587 1799 1618 1825 et
1635 1795 1786 1833 personis
1804 1803 1931 1824 necnon
1948 1794 2136 1832 pactiones,
2154 1793 2281 1823 securi-

1268 1852 1352 1878 tates
1377 1848 1527 1877 dationes
1542 1871 1547 1882 ,
1578 1847 1797 1877 refutationes
1833 1851 1864 1877 et
1891 1847 2113 1877 instrumenta
2143 1854 2161 1876 a
2187 1845 2281 1875 vobis

1269 1902 1355 1931 dicto
1375 1902 1408 1931 1⁴¹.
1427 1900 1477 1930 rel
1497 1900 1598 1930 alicui
1620 1910 1678 1939 pro
1695 1910 1732 1930 eo
1749 1910 1785 1930 ex
1803 1909 2011 1939 quacumque
2027 1908 2127 1930 causa
2142 1898 2282 1937 prestita

1269 1958 1297 1983 et
1317 1954 1380 1983 alia
1398 1953 1507 1983 onmia
1525 1962 1588 1992 que
1605 1957 1719 1983 contra
1735 1962 1791 1983 vos
1804 1957 1835 1983 et
1850 1953 1935 1983 bona
1952 1957 2061 1983 vestra
2080 1951 2281 1990 generaliter

1268 2006 1320 2036 vel
1343 2006 1532 2045 specialiter
1558 2006 1644 2035 idem
1670 2007 1722 2036 Fr.
1749 2006 1906 2036 statuisse
1929 2005 2061 2040 dicitur,
2084 2004 2280 2035 auctoritate

1268 2059 1491 2097 presentium,
1514 2068 1578 2088 non
1602 2058 1812 2088 obstantibus
1829 2057 2030 2097 juramentis
2053 2056 2239 2096 superbiis
2261 2064 2280 2086 a

1268 2112 1362 2142 vobis
1373 2111 1533 2150 prestitis,
1547 2120 1750 2141 revocamus.
1764 2110 1856 2141 Nulli
1868 2115 1927 2141 etc.
1943 2115 2054 2140 nostre
2065 2109 2279 2148 protectionis

1268 2169 1299 2195 et
1317 2164 1538 2194 revocationis
1559 2169 1617 2194 etc.
1642 2165 1715 2194 Dat.
1734 2164 1888 2202 Neapoli,
1909 2164 2020 2194 idibus
2043 2163 2173 2202 aprilis,
2192 2171 2279 2193 anno

1266 2217 1384 2255 primo.
1407 2230 1419 2243 »

1336 2402 1425 2430 3-14

1302 2465 1530 2499 Arelliepiscopo
1554 2464 1675 2499 'l‘ytensi
1702 2468 1730 2490 et
1755 2465 1852 2491 abbati
1879 2464 2045 2491 monasterii
2066 2472 2091 2490 s.
2113 2463 2218 2490 Mariae
2240 2463 2276 2490 de

1266 2512 1346 2538 Valle
1366 2513 1508 2546 ,losapbnt
1528 2513 1748 2539 concessionem
1771 2513 1938 2539 monasterii
1961 2513 2068 2539 Montis
2085 2512 2200 2538 Thabor
2217 2512 2276 2538 sra-

1263 2562 1356 2588 tribus
1375 2562 1531 2596 Hospitalis
1551 2562 1653 2588 factam
1671 2564 1709 2595 (v.
1729 2553 1852 2593 nean)
1877 2562 2020 2591 notificat,
2037 2561 2172 2588 scribens
2188 2565 2218 2587 ut
2234 2561 2277 2588 vi-

1263 2611 1352 2645 gilent
1368 2611 1526 2637 defensioni
1542 2612 1566 2645 ej
1575 2611 1674 2637 usdem
1693 2611 1870 2638 monasterii.
1888 2611 1971 2642 (Rau.
1988 2610 2039 2644 24,
2055 2618 2080 2636 e.
2098 2609 2161 2642 5288,
2179 2609 2198 2636 f.
2216 2608 2274 2642 42.)

1855 2402 1973 2437 Naples,
1994 2402 2021 2428 ll
2037 2402 2108 2428 avril
2126 2402 2205 2429 1255.

1303 2724 1316 2738 κ
1334 2734 1366 2746 ..,
1384 2713 1608 2750 arclussepiscopo
1623 2714 1758 2750 Tyrense',
1774 2718 1799 2742 ct
1813 2713 1920 2742 dilecto
1929 2712 1996 2749 silio
2011 2734 2044 2747 ..‚
2059 2712 2160 2740 abbati
2171 2714 2275 2740 sancte

1259 2765 1354 2793 Marie
1379 2765 1412 2793 de
1442 2766 1519 2793 Valla¹
1540 2766 1683 2802 Josapltat
1708 2766 1828 2794 ordinis
1852 2765 1953 2794 sancti
1979 2764 2146 2799 Benedicti,
2174 2763 2272 2792 Accon

1259 2819 1474 2846 commoranti.
1509 2818 1614 2847 Favor
1644 2818 1817 2855 religionis
1851 2822 1882 2847 et
1913 2835 1961 2846 —.
2001 2818 2073 2847 Dat.
2112 2814 2270 2854 Neapoli,

169 2876 280 2902 eornm,
296 2868 330 2893 ad
347 2867 436 2894 instar
453 2867 612 2894 innocentii
632 2877 729 2903 papae,
746 2869 801 2895 sub
818 2878 870 2896 sua
886 2872 1064 2905 protectione
1080 2873 1176 2898 susci·
1215 2889 1220 2906 ,
1258 2869 1307 2898 III
1325 2869 1399 2899 idus
1417 2870 1543 2907 aprilis,
1563 2879 1649 2900 anno
1667 2871 1784 2909 primo.
1806 2883 1818 2896 »
