2498 3325
1020 142 1243 182 PREMIERE
1265 143 1424 181 ΑΝΝΕΕ.
2216 156 2272 185 289

174 219 273 254 tibus,
300 218 551 248 matrimonium
574 218 614 248 ad
638 218 782 249 invicem
810 217 965 256 possi[n]t
987 216 1182 247 contrahere

175 280 211 300 ac
225 270 325 300 simul
339 270 430 300 licite
447 279 630 306 remanere,
648 270 842 300 auctoritate
860 274 973 300 nostra
990 269 1182 308 dispensare

174 331 341 362 procures.
379 324 452 352 Dat.
490 323 666 359 Laterani,
703 323 814 353 idibus
853 322 1056 358 decembris,
1096 331 1183 351 anno

176 376 294 414 primo.
317 387 330 401 »

246 532 333 560 959
685 532 798 565 Latran,
817 532 848 558 rlS
865 532 1016 558 decembre
1036 532 1112 558 1-255.

214 593 357 628 Episcopo
381 592 569 620 Cremonensi
591 593 716 624 mandat,
740 594 900 619 cessionem
926 594 1044 627 recipiat
1066 592 1184 618 Cremo-

177 641 261 672 siani,
284 642 394 668 abbatis
419 642 585 668 monasterii
609 650 634 669 5.
664 641 809 668 Laurentii
837 641 1051 674 Cremonensis,
1076 641 1185 667 ordinis

177 698 202 716 s.
221 689 385 721 Benedicti,
402 690 450 724 qui
469 700 481 713 «
498 694 526 716 et
542 690 671 716 nonnulli
688 689 743 715 sibi
759 691 1009 723 consanguinitate
1024 689 1183 723 conjuncti,

178 742 307 773 pretextu
330 739 492 765 devotionis
512 747 597 772 quam
619 738 651 764 ad
674 738 832 764 Romanam
850 743 953 772 gerunt
975 738 1152 772 Ecclesiam,
1170 746 1186 763 a

176 787 285 813 laribus
302 788 386 821 ejecti
403 787 606 822 propriis‚jam
624 796 674 821 per
691 787 918 821 quinquennium
936 791 963 813 et
979 787 1102 821 amplius
1117 785 1185 812 tole-

177 844 239 862 rare
263 843 352 869 penas
373 836 450 862 exilii
476 839 544 862 sunt
564 836 654 862 coacti
677 847 689 859 »
711 847 716 861 :
739 834 978 869 praefato'autem
998 834 1185 860 Cremosiano

178 886 240 911 seni
261 884 295 910 de
318 885 402 910 bonis
424 884 590 910 monasterii
613 884 807 918 provisionem
829 892 986 917 congruam
1007 883 1136 916 assignet.
1159 886 1187 909 et

178 933 352 959 monasterio
369 933 403 959 de
419 933 473 958 alio
490 932 591 959 abbate
608 932 765 966 provideat.
783 932 865 965 (Rae.
879 932 923 965 ⁶24,
941 940 966 957 c.
985 932 1045 961 770,
1062 931 1080 957 f.
1100 931 1182 962 113v.1

221 1047 234 1061 a
256 1057 287 1069 ..,
306 1036 439 1072 episcopo
458 1035 663 1064 Cremonensi.
682 1033 830 1064 Dilectus
848 1033 937 1062 filius
949 1033 1185 1063 Cremosianus

177 1104 226 1115 —.
242 1088 315 1116 Dat.
334 1086 500 1121 Laterani,
517 1087 579 1116 XV
592 1085 919 1124 kalendasjanuarii,
934 1094 1020 1114 anno
1036 1085 1153 1123 primo.
1171 1097 1184 1111 »

250 1244 338 1273 360

214 1307 321 1333 Abbati
345 1311 373 1333 et
394 1307 548 1333 conventui
569 1307 737 1332 monasterii
761 1305 850 1332 Vallis
871 1305 1031 1332 Umbrosae
1054 1307 1188 1332 unionem

691 1243 802 1274 Lati-an,
824 1243 853 1269 13
869 1243 1020 1269 decembre
1040 1243 1115 1269 1255.

181 1356 346 1382 monasterii
363 1365 386 1381 s.
406 1355 512 1385 Ylarii,
531 1355 641 1381 ordinis
658 1363 682 1382 s.
700 1354 860 1388 Benedicti,
880 1354 1035 1380 Fesulanae
1052 1354 1188 1386 diocesis,

181 1412 230 1439 per
247 1405 416 1438 magistrum
435 1404 550 1429 Petrum
568 1403 697 1436 Henrici,
714 1404 847 1429 basilicae
871 1402 1012 1437 Principis
1032 1403 1189 1437 Apostolo-

179 1461 242 1479 rum
259 1453 439 1483 canonicum,
454 1453 539 1486 juxta
561 1452 704 1486 pontificis
726 1451 888 1477 mandatum
907 1452 1020 1485 saetam,
1038 1452 1071 1477 ad
1090 1451 1189 1478 Dioni-

179 1501 238 1527 siae
254 1505 322 1527 tunc
337 1501 500 1527 abbatissae
518 1504 546 1527 et
562 1501 727 1526 monialium
743 1500 845 1525 exinde
859 1500 1068 1534 expulsionem,
1084 1500 1189 1526 confir-

179 1554 243 1576 mat.
263 1550 345 1584 (Rho.
361 1550 404 1581 24,
424 1558 449 1576 c.
468 1550 528 1581 771,
547 1549 565 1575 f.
586 1549 649 1580 114,
670 1548 814 1575 Poiruixs'r
834 1549 937 1580 1013t)

219 1664 231 1675 «
246 1674 278 1686 ..,
291 1652 402 1685 abbati,
421 1656 447 1680 et
460 1651 624 1680 conventui
636 1651 816 1679 monasterii·
836 1650 924 1678 Vallis
940 1650 1088 1678 Umbrosr.
1104 1649 1187 1679 Cum

177 1714 194 1733 a
224 1704 319 1733 nobis
345 1721 392 1732 —.
420 1704 492 1733 Dat.
522 1703 695 1737 Laterani,
725 1702 836 1731 idibus
865 1702 1068 1737 decembris,
1099 1711 1186 1731 anno

177 1757 294 1794 primo.
315 1768 327 1782 »

245 1913 329 1942 961
686 1913 802 1947 Latran,
825 1913 852 1948 lt}
869 1912 1019 1938 decembre
1040 1912 1114 1938 1255.

211 1977 316 2002 Abbati
337 1976 434 2002 Sancti
452 1976 574 2002 Dionisii
592 1976 620 2002 in
642 1975 762 2002 Francia
780 1975 903 2005 mandat,
921 1975 1058 2009 quatinus
1075 1974 1187 2000 clericis

175 2024 324 2059 obsequiis
352 2026 429 2059 regis
451 2029 479 2050 et
502 2025 617 2059 reginae
642 2024 778 2050 Franciae
803 2024 1004 2050 insistentibus
1030 2027 1187 2057 prox-entus

176 2073 403 2108 praebendarum
425 2073 510 2100 faciat
532 2073 703 2107 ministrari,
722 2081 776 2098 non
794 2073 975 2098 obstantibus
996 2072 1185 2106 praelatorum

176 2125 224 2148 aut
241 2122 430 2156 capitulorum
450 2121 699 2156 denegationibus.
718 2121 799 2157 (tim.
817 2121 861 2152 ⁶24,
878 2130 903 2147 c.
921 2121 982 2151 772,
1002 2120 1019 2146 f.
1041 2120 1110 2153 111.)

218 2235 230 2249 «
303 2224 404 2252 (tobati
420 2224 526 2252 Sancti
543 2224 675 2252 Dionisii
699 2224 730 2252 in
751 2223 901 2257 Francia,
921 2223 1104 2250 I’e‘trixiensis
1121 2223 1187 2251 ‹tio-

175 2278 258 2306 cesis.
278 2276 417 2306 Clerieis
434 2277 604 2315 obsequiis
622 2277 787 2306 carissimi
805 2277 838 2305 in
856 2275 989 2306 Christo
1003 2275 1064 2304 lilii
1081 2275 1186 2304 1105111

178 2353 210 2365 ..,
230 2330 318 2367 regis
336 2330 506 2365 Frai‘iciae
526 2330 740 2359 etcarissime
753 2329 786 2358 111
799 2329 933 2359 Christo
945 2329 1012 2359 filie
1025 2332 1135 2358 nostre
1152 2352 1184 2364 ..‚

175 2382 291 2419 regine
309 2382 480 2417 Franciae,
499 2381 693 2417 illustrium,
713 2381 963 2412 insistentibus,
983 2381 1023 2411 ad
1038 2381 1186 2419 ipsorum

175 2435 264 2472 regis
288 2439 317 2464 et
342 2435 454 2471 regine
476 2434 767 2472 supplicationem,
789 2444 846 2473 per
869 2438 999 2464 nostras
1020 2434 1081 2463 sub
1098 2437 1187 2463 certa
1227 2430 1228 2440 ¹

175 2487 280 2516 forma
297 2487 425 2516 litteras
448 2487 591 2516 dieimur
607 2486 807 2523 indulxisse,
827 2491 862 2516 111
883 2487 1030 2525 ipsorum
1049 2486 1186 2515 clerieo-

176 2549 249 2569 rnm
270 2540 410 2578 quilibet
432 2540 558 2569 fruetus
578 2543 607 2569 ct
631 2544 809 2577 proventus
829 2540 929 2569 unius
951 2549 987 2569 ex
1010 2538 1185 2577 prebendis

176 2602 234 2623 seu
251 2593 401 2623 ecclesiis
418 2603 481 2632 que
499 2593 651 2623 obtinent
668 2602 742 2622 eum
757 2603 794 2623 ea
811 2593 1000 2631 integritate
1019 2593 1185 2631 percipere

175 2645 317 2680 valcant,
336 2645 631 2675 distrilmtionibus
650 2646 827 2675 cotidianis
844 2646 1012 2675 dumtaxat
1028 2644 1183 2682 exceptis,

175 2707 273 2736 quam
290 2697 365 2727 illos
381 2698 589 2736 perciperent
606 2698 632 2726 si
651 2698 685 2727 in
703 2698 880 2736 prebendis
898 2698 947 2728 vel
964 2697 1114 2727 eeclesiis
1127 2696 1185 2725 hn—
1226 2689 1228 2693 ¹

171 2751 317 2790 jusmodi
336 2751 529 2780 residerent.
550 2751 624 2780 Non
641 2751 851 2781 obstantibus
870 2751 1038 2790 aliquibus
1056 2753 1186 2779 eontra-

175 2803 235 2832 riis
251 2803 549 2833 consuetudinilnis
564 2803 613 2833 vel
632 2803 776 2839 statutis,
793 2804 993 2842 juramento,
1015 2803 1186 2832 contii-ma-
1226 2817 1229 2847 ἰ

299 2868 523 2893 ALEXANDRE
541 2869 589 2897 1V,
608 2871 626 2893 1.
647 2869 667 2892 Ι.

1265 215 1354 246 tione
1371 217 1551 254 apostolica
1562 217 1612 247 vel
1630 226 1837 256 quacumque
1852 217 2007 248 firmitate
2021 218 2086 248 alia
2097 219 2272 250 roboratis.

1264 269 1387 298 Verum
1404 270 1492 307 quia,
1512 270 1597 300 sicut
1609 271 1806 308 accepimus,
1825 270 1978 300 nonnulli
1994 271 2112 309 prelati
2130 281 2188 302 seu
2204 282 2276 311 per-

1267 329 1345 350 sone
1365 330 1401 350 ac
1418 322 1562 360 capitula
1581 322 1797 352 ecelesiarum
1814 323 1984 361 inquibus
1998 328 2177 353 memorate
2190 325 2275 354 obti-

1268 377 1388 403 nentur
1402 374 1579 412 prcbende,
1599 379 1786 405 asserentes
1803 375 1837 404 in
1856 375 2006 405 ecclesiis
2022 376 2104 414 ipsis
2122 377 2191 406 sore
2209 381 2275 407 sta-

1268 429 1373 455 tutum
1400 426 1589 465 juramento
1619 427 1777 457 vallatum
1807 437 1847 457 ne
1878 428 2005 458 fructus
2038 433 2067 458 et
2097 433 2275 467 proventus

1267 477 1458 517 hujusmodi
1495 480 1664 509 canonicis
1702 480 1919 509 eeclesiarum
1956 480 2104 518 ipsarum
2136 481 2273 511 debeant

1268 531 1417 560 exbiberi
1440 532 1496 570 qui
1516 532 1658 570 primam
1682 532 1898 562 residentiam
1922 542 1987 562 non
2009 534 2160 569 fecerint,
2181 534 2276 564 dene-

1268 587 1345 621 gant
1362 584 1534 614 occasione
1552 584 1742 623 hujusmodi
1759 585 1962 615 ministrare.
1982 586 2067 621 Nos,
2085 595 2158 615 eum
2174 587 2275 616 iidem

1268 635 1380 665 clerici
1397 636 1570 666 serviendo
1585 637 1654 674 regi
1671 646 1707 666 ac
1724 637 1837 674 regine
1855 638 2013 675 predictis
2028 638 2177 668 ecelesiis
2194 639 2275 677 ipsis

1267 689 1367 718 utiles
1386 689 1583 719 habeantur.
1605 699 1703 727 super
1721 689 1782 719 hoc
1803 691 1976 728 providere
1999 691 2162 725 volentes,
2183 701 2276 721 nian-

1268 741 1384 771 damus
1398 742 1567 780 quatinus,
1587 743 1653 772 hiis
1670 752 1735 772 non
1755 743 1975 778 obstantibus,
1993 745 2130 782 prefatis
2148 745 2278 775 clericis

1267 794 1395 824 fructus
1415 798 1445 824 et
1462 799 1641 832 proventus
1660 795 1824 833 predictos
1844 805 1900 834 per
1919 800 1948 825 10
1966 796 2016 826 vel
2033 806 2089 834 per
2108 797 2209 827 alium
2227 798 2277 827 fa—

1268 846 1336 876 cias
1358 847 1540 876 secundnm
1566 847 1772 885 indulgentie
1795 848 1957 886 premisse
1978 852 2126 879 tenorem
2150 850 2278 887 integre

1267 899 1465 928 ministrari.
1483 899 1763 930 Contradictores.
1780 901 1854 930 Non
1873 900 2024 931 obstante
2042 902 2278 932 constitutione

1269 951 1307 980 de
1326 951 1453 981 duabus
1473 952 1571 981 dietis
1591 952 1678 981 edita
1701 952 1736 981 in
1760 952 1900 982 concilio
1918 953 2083 990 generali,
2103 953 2278 983 dummodo

1267 1004 1356 1034 ultra
1373 1005 1509 1034 terciam
1523 1005 1573 1035 vel
1591 1009 1742 1044 quartam
1760 1009 1820 1036 etc.
1838 1007 1910 1036 Dat.
1931 1007 2098 1041 Laterani,
2115 1007 2212 1037 XVII
2225 1007 2279 1036 ka-

1269 1058 1384 1087 lendas
1400 1058 1558 1097 januarii,
1579 1067 1665 1088 anno
1681 1059 1796 1097 primo.
1820 1071 1832 1085 1>

1341 1229 1429 1256 962

1307 1290 1447 1323 Magistro
1465 1289 1592 1316 Roberto
1609 1290 1643 1316 de
1660 1290 1689 1316 S.
1708 1290 1831 1324 Agatha,
1848 1289 1989 1323 indulget,
2007 1293 2046 1320 ut,
2065 1293 2176 1323 praeter
2191 1297 2279 1315 eano-

1272 1338 1398 1364 nicatum
1417 1342 1444 1365 et
1461 1339 1651 1372 praebendam
1670 1339 1888 1364 Lincelnienses
1905 1342 1933 1364 et
1948 1338 2100 1364 ecclesiam
2113 1338 2146 1363 de
2158 1338 2281 1364 (31111110-

1799 1228 1912 1261 Lati-an,
1930 1228 1944 1255 3
1961 1229 2112 1255 decembre
2131 1228 2209 1255 1255.

1271 1386 1342 1412 dene
1358 1395 1454 1412 curam
1472 1387 1630 1413 animarum
1648 1387 1810 1417 habentem,
1829 1388 1914 1420 cujus
1931 1390 2088 1420 proventus
2104 1387 2189 1412 trium
2208 1394 2283 1412 mar-

1271 1444 1368 1461 carum
1391 1436 1596 1469 sterlingorum
1621 1436 1769 1461 valentiam
1795 1444 1849 1461 non
1873 1435 2025 1467 excedunt,
2051 1435 2142 1469 possit
2166 1435 2281 1461 unicum

1271 1484 1346 1509 aliud
1371 1484 1600 1510 ecclesiasticum
1626 1484 1796 1510 beneficium
1823 1484 1962 1518 recipere.
1988 1483 2070 1517 (tim.
2095 1483 2144 1517 ²34,
2168 1491 2192 1509 c.
2220 1483 2280 1510 773.

1271 1532 1289 1558 f.
1309 1532 1380 1566 114.)

1313 1646 1324 1658 a
1346 1634 1490 1670 Mngyz'stro
1509 1634 1627 1661 [roberto
1650 1633 1682 1661 (le
1702 1633 1815 1662 Sancta
1836 1633 1971 1669 Agmina,
1995 1633 2142 1661 canonico
2162 1633 2283 1661 1111101-

1270 1686 1384 1714 niensi.
1402 1685 1590 1723 Apostolice
1615 1685 1710 1715 Sedis
1734 1685 1923 1722 benignitas
1940 1703 1988 1712 —.
2009 1686 2082 1714 Dat.
2106 1685 2280 1718 Laterani,

1270 1739 1320 1767 ΙΙΙ
1338 1747 1442 1767 nonas
1459 1738 1654 1773 decembris,
1672 1746 1758 1767 anno
1776 1738 1894 1775 primo.
1915 1749 1927 1763 n

1341 1910 1429 1937 9133

1306 1973 1412 1998 Abbati
1430 1977 1457 1998 et
1472 1972 1625 1998 conventui
1643 1972 1677 1997 dc
1695 1971 1820 2005 Capella,
1839 1970 2071 1997 Constantiensis
2088 1970 2229 2003 (11000515,
2247 1984 2279 1990 -

1269 2022 1375 2055 quibus
1395 2021 1532 2054 Pletrusl,
1550 2029 1575 2047 s.
1592 2020 1708 2054 Georgii
1724 2020 1758 2046 ad
1776 2019 1878 2046 Velum
1894 2019 2024 2045 Aureum
2039 2019 2177 2044 diaconus
2193 2018 2281 2044 cardi-

1824 1908 1949 1942 Anagffl,
1966 1908 1981 1934 t]
1998 1907 2115 1933 octobre
2135 1907 2209 1933 12515.

1228 2084 1229 2089 =
1271 2070 1353 2100 nalis,
1368 2074 1436 2096 tunc
1454 2070 1479 2095 in
1498 2070 1552 2095 illis
1571 2069 1699 2103 partibus
1715 2069 1888 2103 apostolicae
1902 2068 1985 2094 Sedis
1998 2068 2119 2101 legatus,
2132 2067 2283 2093 eeclesiam

1270 2118 1303 2143 (le
1323 2118 1421 2152 Bai-ro,
1435 2117 1668 2144 Constantiensis
1683 2117 1820 2150 diocesis,
1838 2117 1864 2142 in
1881 2125 1936 2150 qna
1949 2117 2000 2150 jus
2015 2119 2183 2150 patronatus
2197 2115 2283 2141 habe-⁷

1270 2167 1337 2192 bant
1358 2169 1385 2192 et
1408 2166 1467 2192 xli
1490 2174 1600 2192 mareas
1621 2166 1730 2199 argenti
1753 2174 1786 2190 ex
1808 2165 1997 2191 concessione
2015 2164 2171 2198 apostoliea
2189 2164 2284 2198 perci—

1227 2224 1229 2233 =
1269 2214 1384 2248 piebant
1400 2215 1558 2245 annuatim,
1574 2214 1714 2240 retinendi
1733 2214 1758 2239 in
1778 2222 1849 2239 usus
1866 2213 1999 2247 proprios
2015 2212 2092 2238 dedit
2108 2212 2282 2241 facultatem,

1227 2269 1228 2278 ¹
1269 2277 1304 2283 —
1328 2264 1399 2288 bane
1423 2263 1643 2288 concessionem
1670 2262 1830 2288 confirmat.
1856 2261 1939 2293 (Rm.
1964 2261 2009 2295 ³24,
2034 2269 2060 2287 c.
2086 2261 2147 2290 774.
2173 2260 2191 2286 f.
2216 2259 2281 2291 tt4;

1270 2310 1442 2341 Beanoucm,
1460 2311 1526 2336 Acta
1541 2310 1642 2343 pontif.
1661 2311 1772 2339 lleivet,
1790 2313 1809 2335 t.
1828 2308 1849 2339 I,
1869 2315 1898 2334 u0
1914 2309 1987 2340 651.)

1312 2424 1323 2438 α
1346 2435 1377 2446 ..,
1397 2412 1514 2446 abbaci,
1533 2416 1558 2440 [et
1575 2412 1739 2440 conventui
1756 2411 1937 2439 monasterii
1958 2410 1990 2438 (le
2007 2410 2145 2446 Capella,
2171 2409 2283 2439 Cister-

1269 2466 1378 2494 ciensis
1403 2465 1536 2498 ordinis,
1565 2465 1806 2493 constantiensis
1828 2463 1963 2491 diocesis.
1990 2463 2033 2492 Ut
2058 2461 2186 2491 illibata
2210 2470 2283 2499 per-

1269 2521 1424 2546 maneant
1447 2534 1495 2545 —-.
1523 2518 1596 2546 Dat.
1624 2516 1787 2553 Anagnie,
1815 2517 1877 2545 VII
1906 2515 1980 2544 idus
2006 2514 2164 2549 octobris,
2196 2522 2282 2543 anno

1268 2571 1387 2608 primo.
1411 2582 1422 2595 >i

1341 2741 1429 2769 964
1784 2739 1896 2771 Lan-an,
1919 2739 1946 2764 17
1964 2738 2115 2763 decembre
2136 2737 2210 2762 issoi».

1306 2803 1352 2834 O.,
1371 2803 1547 2837 patriarchae
1564 2802 1756 2833 Antiocheno,
1769 2802 1919 2827 confirmat
1937 2800 2156 2826 concessionem
2176 2798 2282 2832 primam¹

2131 2860 2159 2883 37
