2498 3325
241 279 300 310 312
968 280 1210 313 REGISTRES
1230 278 1538 310 D’ALEXANDRE
1561 280 1615 311 IV.

241 345 387 381 proficisci
403 345 557 380 curabunt,
569 347 642 373 viam
659 347 733 374 ritae
749 347 886 382 gentibus
901 347 957 374 illis
973 347 1059 374 verbo
1075 351 1104 374 et
1118 345 1252 382 exemplo

241 394 405 425 ostensuri,
422 394 496 420 illam
514 394 720 429 indulgentiam
737 396 874 430 elargitur
896 404 970 431 quae
989 395 1208 430 Crucesignatis
1223 396 1251 422 in

241 442 336 478 ipsam
351 441 468 470 Terram
491 443 709 470 transeuntibus
731 443 824 471 datur.
844 443 926 475 (Rae.
941 444 986 479 2²4,
1003 444 1022 471 f.
1041 444 1107 476 1‘28,
1123 452 1190 471 ann.
1206 442 1250 478 11,

241 499 269 519 c.
285 491 337 524 ‘23;
355 491 502 519 Por‘rffls'r
518 491 626 526 16163.)

285 604 299 619 ι
316 593 471 622 Πηίυενείε
480 594 632 629 fratribus
639 593 760 623 ordinis
769 594 1012 623 Predicatorum.
1022 594 1122 624 Terra
1132 593 1254 624 Sancta

244 653 344 683 quam
359 662 409 674 —.
426 645 500 675 Dat.
517 645 690 681 Laterani,
714 646 765 676 III
783 654 888 676 nonas
906 646 1070 686 januarii,
1095 655 1182 676 anno
1200 654 1254 676 56-

242 697 362 728 cundo.
382 709 396 724 ι»

319 881 439 910 1033
754 882 867 915 Latran,
884 882 917 910 23
931 882 1084 909 decembre
1104 882 1180 910 1256.

280 942 456 970 Monastcrio
472 952 496 970 s.
515 943 621 970 Mariae
637 944 672 970 de
689 943 786 971 Gloria
800 945 965 980 Anagnino,
977 944 1012 972 G.
1030 953 1118 980 papae
1135 945 1254 980 praede-

245 991 374 1018 cessoris
389 991 566 1025 plantationi,
583 993 694 1019 confert
709 993 861 1020 ecclesiam
879 1001 904 1020 s.
921 993 1027 1020 Mariae
1042 993 1077 1020 de
1094 993 1254 1026 Balnearia,

248 1038 410 1065 Milctensis
433 1039 570 1074 diocesis,
587 1045 727 1075 perpetuo
743 1041 961 1076 possidendam,
982 1041 1114 1077 Philippo
1134 1042 1255 1069 nichilo-

246 1086 344 1113 minus
361 1088 388 1113 in
406 1088 528 1122 priorem
544 1089 609 1122 ojus
625 1089 768 1116 ecclesiae
787 1089 820 1116 ad
839 1091 924 1117 vitam
941 1090 1092 1117 servando.
1109 1090 1182 1124 (tim
1210 1091 1252 1122 ⁶24,

246 1135 267 1163 s.
285 1135 344 1167 ¹28,
359 1145 425 1163 ann.
441 1135 484 1171 ΙΙ,
501 1145 526 1163 c.
543 1137 600 1171 24.)

288 1249 301 1262 a
318 1259 350 1272 ..,
365 1237 467 1266 abbati
479 1242 505 1266 et
518 1240 684 1268 conventui
694 1241 875 1269 monasterii
887 1246 989 1270 sancte
1002 1242 1096 1272 Marie
1107 1243 1141 1271 de
1153 1243 1256 1272 Gloria

242 1290 417 1327 Anagnini,
434 1290 610 1320 Florentiae
624 1291 756 1321 ordinis.
773 1291 916 1330 Speciali
932 1293 1140 1331 prerogativa
1157 1293 1256 1324 dilec-

246 1341 348 1371 tionis
369 1351 427 1372 vos
449 1346 479 1372 et
500 1347 649 1372 vestrum
668 1344 908 1374 monasterium
929 1351 1169 1385 prosequentes
1190 1347 1269 1383 fer-‚

243 1398 372 1430 venter,
390 1399 541 1433 optamus
558 1399 625 1425 tam
643 1405 701 1426 vos
720 1405 819 1436 quam
834 1397 943 1436 ipsum
962 1398 1050 1429 circa
1066 1399 1255 1438 spiritualia

245 1449 278 1476 et
304 1446 499 1484 temporalia
522 1449 691 1478 continuis
714 1449 873 1487 proficere
894 1450 1127 1488 incrementis,
1154 1462 1192 1484 ex
1217 1463 1255 1484 eo

245 1499 423 1537 presertim
438 1500 526 1538 quod
540 1500 649 1531 felicis
667 1502 907 1533 recordationis
925 1503 965 1534 G.
981 1513 1063 1543 pape
1080 1496 1256 1544 predeces-

247 1551 333 1581 soris
350 1552 455 1582 nostri
480 1553 560 1583 estis
579 1553 741 1592 plantatio
757 1555 924 1594 specialis.
946 1557 1127 1596 Eapropter
1141 1559 1256 1590 volen-

245 1607 296 1634 tes
307 1604 451 1642 gratiose
464 1605 557 1636 vobis
573 1607 751 1644 apostolice
764 1607 983 1646 benignitatis
999 1611 1166 1642 dextoram
1182 1622 1256 1652 ape-

245 1657 324 1692 rire,
337 1658 457 1687 vestris
469 1658 768 1696 supplicationibus
779 1660 944 1698 inclinati,
957 1663 1131 1694 ecelesiam
1142 1670 1255 1697 sancte

248 1709 354 1739 Mario
375 1709 414 1740 de
438 1710 631 1747 Balnearia,
660 1712 788 1743 ordinis
813 1715 920 1744 sancti
944 1716 1140 1754 Augustini,
1165 1718 1256 1748 Mili-

250 1762 357 1792 tensis
381 1762 535 1799 diocesis,
561 1764 601 1794 ad
625 1765 809 1796 Romanam
829 1767 1012 1798 Ecclesiam
1036 1769 1128 1800 nullo
1147 1771 1256 1802 medio

246 1815 485 1854 pertinentem,
507 1826 581 1846 cum
597 1818 752 1849 omnibus
767 1821 1052 1858 possessionibus.
1067 1823 1202 1862 ,iuribus
1225 1830 1255 1855 et

246 1868 461 1906 pertinentiis
484 1870 570 1905 suis,
590 1870 683 1900 vobis
709 1876 740 1902 ct
763 1881 823 1910 per
843 1882 901 1903 vos
922 1874 1029 1905 eidem
1053 1878 1256 1908 monasterio

246 1921 453 1958 presentium
485 1923 680 1953 auctoritate
710 1925 930 1959 conserimus,
958 1927 999 1956 ad
1024 1937 1103 1958 usus
1129 1935 1256 1961 vestros

247 1978 405 2011 perpetuo
425 1974 669 2012 possidendam.
695 1977 744 2006 Ita
768 1981 877 2007 tamen
898 1979 985 2017 quod
1004 1979 1145 2012 dilectus
1165 1982 1256 2013 filius

248 2025 448 2064 Phylippus,
469 2027 559 2064 prior
578 2027 685 2065 ipsius
707 2028 864 2065 ecclesie,
889 2031 997 2069 quoad
1022 2033 1139 2063 vixerit
1163 2034 1255 2065 illam

246 2077 389 2107 retincat
415 2087 488 2108 cum
513 2080 796 2117 possessionibus,
821 2082 956 2121 juribus
983 2088 1013 2113 et
1041 2086 1255 2123 pertinentiis

247 2130 459 2168 supradictis,
477 2132 621 2170 exceptis
639 2132 707 2163 hiis
722 2142 785 2172 que
807 2133 907 2165 habet
921 2137 1049 2173 prefata
1063 2138 1202 2169 ecclesia
1218 2141 1254 2170 in

246 2183 380 2213 civitate
393 2184 602 2215 ,ΧΠ-5531161151
619 2190 648 2215 ct
666 2186 861 2217 tenimentis
875 2189 958 2227 ejtis,
973 2199 1113 2228 quorum
1128 2201 1255 2230 posses-

247 2236 375 2266 sionem
400 2241 431 2266 et
452 2237 580 2267 fructus
597 2238 668 2268 sive
684 2244 863 2277 proventus
880 2249 1008 2271 exnunc
1027 2243 1179 2275 volumus
1197 2255 1255 2276 vos

245 2288 380 2318 habere.
394 2289 483 2319 Idem
498 2299 574 2320 vero
591 2291 682 2328 prior
696 2291 947 2329 nichilominus,
962 2295 996 2324 in
1014 2296 1148 2334 signum
1163 2302 1193 2327 et
1207 2308 1254 2329 re-

245 2341 445 2371 conditione.
459 2342 545 2380 quod
559 2343 672 2373 eadem
685 2343 825 2374 ecclesia
836 2350 944 2376 vestra
957 2348 1011 2382 sit,
1025 2349 1128 2379 vobis.
1142 2360 1254 2389 quam-

245 2394 301 2424 diu
318 2394 423 2432 ipsam
449 2396 603 2431 tcnuerit,
626 2406 725 2426 uuam
744 2407 884 2428 unce-am
908 2401 981 2429 auri
997 2401 1036 2431 de
1052 2403 1194 2434 Tarento
1214 2405 1255 2434 ad

244 2447 373 2484 pondus
388 2447 483 2484 regni
502 2448 626 2486 Sycilie
649 2451 823 2480 annuatim
840 2451 875 2480 in
900 2453 984 2483 sesto
1006 2454 1255 2494 Assumptionis

244 2498 339 2529 beate
360 2500 511 2537 Virginis
537 2502 672 2531 nomine
694 2511 814 2533 census
839 2504 953 2534 solvat.
983 2507 1101 2537 Libros
1126 2514 1252 2546 autem,

243 2555 353 2581 vestes
376 2560 413 2581 ac
437 2551 503 2582 alia
525 2553 637 2583 omnia
657 2554 882 2586 ecclesiastica
903 2565 1096 2590 ornamenta
1120 2571 1254 2593 conscr-

244 2612 322 2633 vare
344 2604 512 2642 predictus
534 2606 625 2643 prior
649 2607 791 2638 fideliter
814 2613 979 2646 teneatur,
1004 2621 1064 2642 nec
1085 2615 1190 2651 possit
1214 2615 1253 2646 de

243 2660 353 2686 cetero
374 2656 409 2685 in
428 2657 543 2687 eadem
563 2657 703 2688 eeclesia
726 2659 870 2699 aliquem
895 2663 1042 2701 recipere
1064 2665 1097 2694 in
1116 2668 1254 2697 canoni—

242 2717 316 2738 cum
335 2708 386 2739 vel
405 2709 562 2742 oblatum,
581 2719 688 2749 neque
707 2712 848 2743 vendere
865 2714 915 2744 vel
931 2714 1039 2747 locare
1059 2722 1114 2747 aut
1130 2718 1253 2750 donare

242 2762 312 2792 sive
329 2762 503 2793 infeudare
520 2772 579 2793 seu
595 2764 839 2802 quomodolibet
857 2766 1003 2799 alienare
1020 2769 1059 2799 de
1073 2773 1252 2808 possessio-

242 2814 342 2844 nibus
359 2814 499 2846 ecclesie
514 2822 706 2847 memorate.
724 2818 869 2849 Cedente
885 2825 996 2851 autem
1010 2822 1061 2852 vel
1074 2823 1252 2856 decedente

242 2867 349 2896 autad
358 2866 458 2897 aliam
470 2868 645 2898 ecclesiam
655 2869 814 2901 translato
824 2873 1012 2910 supradicto
1021 2875 1140 2913 priore,
1153 2876 1252 2908 liceat

241 2919 336 2950 vobis
358 2929 417 2958 per
435 2929 492 2950 vos
511 2921 563 2951 vel
582 2931 640 2960 per
657 2921 739 2953 31105
759 2924 922 2962 prefatam
944 2926 1119 2958 ecclesiam
1143 2929 1253 2961 taliter

1334 344 1428 375 vobis
1446 349 1479 375 et
1495 345 1698 377 monasterio
1718 349 1827 377 vestro
1842 353 2034 376 concessam
2053 344 2250 376 auctoritate
2265 354 2344 384 pro-

1333 397 1406 436 pria
1427 397 1558 436 ingredi
1577 406 1615 428 ac
1632 398 1740 437 ipsius
1755 406 1830 428 611111
1850 397 2135 437 possessionibus.
2154 397 2289 437 juribus
2309 400 2346 428 et

1332 450 1546 488 pertinentiis
1568 450 1640 481 suis
1663 450 1819 481 omnibus
1833 450 2079 490 possessionem
2094 449 2345 490 apprehendere

1333 501 1549 540 corporalem.
1579 503 1654 533 Non
1680 502 1891 534 obstantibus
1923 502 2190 542 quibuscumque
2218 501 2345 534 litteris
2388 502 2395 510 '

1334 553 1525 592 apostolicis
1541 563 1641 593 super
1655 555 1770 586 eadem
1788 555 1929 586 ecelesia
1945 555 1997 586 vel
2012 555 2110 586 bonis
2122 555 2195 594 ejus
2211 562 2344 586 eonces-

1335 606 1382 636 sis
1399 606 1495 636 fratri
1512 606 1680 642 Michaeli,
1698 607 1865 647 quondam
1879 607 1983 646 priori
1998 607 2106 638 sancti
2121 607 2214 638 Petri
2227 607 2270 638 de
2285 605 2344 638 Vi·

1335 658 1408 688 neis
1422 659 1602 697 Anagnini,
1621 659 1672 690 vel
1687 659 1832 690 obtentis
1845 659 1886 689 ab
1901 660 1985 698 ipso,
2000 668 2099 699 quem
2115 659 2271 690 nolumus
2283 656 2344 690 ali-

1334 710 1415 750 quid
1432 711 1471 742 de
1493 711 1590 742 bonis
1607 711 1747 742 ecclesie
1762 712 1909 751 predicte
1930 712 2087 751 deinceps
2103 712 2274 751 percipere
2289 710 2346 743 vel

1334 762 1458 793 habere
1474 763 1561 802 quod
1577 763 1746 802 aliquibus
1760 763 1837 794 aliis
1853 763 2031 802 apostolice
2047 763 2143 795 Sedis
2154 763 2278 794 litteris
2289 763 2345 797 vel

1335 816 1546 854 processibus
1562 816 1686 846 habitis
1702 825 1760 855 per
1775 816 1920 847 easdem.
1936 816 2029 847 Nulli
2045 820 2107 847 etc.
2121 820 2235 848 nostre
2244 815 2344 847 collar-

1336 868 1438 899 tionis
1459 873 1520 899 etc.
1546 869 1618 899 Dat.
1643 869 1815 904 Laterani,
1836 869 1869 900 X
1889 869 2050 900 kalendas
2068 869 2234 909 ianuarii,
2254 877 2347 900 anno

1336 922 1493 953 secundo.
1512 935 1525 949 n

1411 1105 1527 1134 ¹034
1849 1106 1963 1140 Latran,
1977 1106 2010 1134 22
2026 1106 2179 1133 decembre
2195 1105 2275 1135 ¹255.

1373 1168 1537 1195 Attendens
1551 1168 1627 1203 quod
1644 1169 1801 1204 capitulum
1816 1168 1970 1195 Reatinum
1985 1168 2348 1203 quasdam-possessione·

1337 1216 1477 1243 ecclesiae
1495 1217 1635 1251 magistro
1652 1216 1781 1252 Regiano
1796 1217 1918 1252 physico
1933 1217 1970 1243 ob
1985 1221 2067 1250 grata
2082 1217 2207 1244 servicia
2219 1224 2347 1244 conca-

1337 1269 1452 1298 serunt,
1466 1265 1655 1292 concessione
1671 1269 1765 1292 tamen
1782 1266 1878 1292 minus
1894 1265 2029 1296 honesta,
2046 1273 2100 1292 nec
2113 1265 2148 1291 ad
2163 1273 2226 1292 eam
2242 1268 2347 1293 tenen-
2385 1294 2390 1300 ,
2428 1272 2434 1277 ’

1336 1314 1400 1340 dam
1416 1314 1590 1349 apostolicae
1606 1313 1691 1341 Sedis
1707 1315 1882 1341 intervenire
1897 1317 1992 1349 potest
2004 1314 2172 1347 auctorita,
2186 1315 2280 1350 ipsam
2294 1313 2348 1341 de-

1337 1363 1430 1390 cernit
1444 1371 1501 1390 non
1518 1363 1622 1394 valere,
1638 1364 1808 1390 auctoritate
1824 1367 1920 1390 autem
1932 1363 2090 1398 apostolica
2104 1363 2199 1390 eidem
2214 1362 2347 1398 Regiam

1337 1411 1373 1438 de
1388 1419 1461 1438 novo
1477 1411 1598 1440 confert.
1612 1411 1695 1447 (Rea.
1712 1412 1756 1443 24.
1771 1412 1791 1439 s.
1810 1411 1870 1444 128,
1887 1420 1955 1439 ann.
1969 1411 2009 1443 ΙΙ,
2025 1419 2051 1438 6.
2068 1411 2125 1445 25.)

1379 1525 1392 1539 α
1410 1535 1443 1549 ..,
1458 1514 1592 1551 episcopo
1604 1514 1741 1543 Reatino.
1754 1512 1985 1544 Intelleximus
1998 1512 2097 1552 quod,
2110 1511 2191 1542 olim
2205 1502 2349 1544 ‹em-:tesia

1337 1565 1479 1596 Reatina
1489 1569 1626 1596 vacante
1636 1570 1779 1604 pastore,
1789 1565 1972 1604 capitulum
1983 1565 2132 1604 ejusdem
2141 1564 2349 1601 unanimiter

1337 1622 1369 1648 et
1385 1617 1592 1648 concorditer
1606 1618 1815 1653 ordinarunt,
1833 1622 1868 1648 ut
1886 1621 2003 1653 terras,
2022 1617 2148 1650 domos.
2160 1616 2348 1656 possessio-
2391 1624 2403 1630 ·

1324 1679 1398 1701 *nes
1417 1675 1448 1701 et
1481 1670 1547 1700 alia
1570 1670 1657 1701 bona
1685 1670 1835 1710 ejusdem
1859 1670 1999 1701 ecclesie
2022 1669 2130 1700 locata
2155 1669 2210 1700 vel
2233 1669 2348 1700 infeu-

1338 1723 1413 1753 data
1429 1723 1696 1762 quibuscumque
1711 1723 1863 1762 personis
1878 1723 1986 1762 ipsius
2001 1722 2157 1758 ecclesie,
2175 1721 2348 1754 canonicis

1337 1776 1508 1807 dumtaxat
1529 1777 1689 1815 exceptis,
1709 1786 1773 1816 que
1791 1776 1832 1806 ad
1854 1785 1910 1806 605
1931 1784 2089 1814 processu
2110 1775 2268 1814 temporis
2287 1784 2348 1806 va-

1338 1829 1442 1859 cando
1457 1828 1587 1859 devolvi
1602 1829 1825 1866 contingeret,
1847 1837 1955 1867 usque
1975 1837 2040 1867 quo
2059 1827 2209 1858 redditus
2223 1831 2256 1858 et
2269 1837 2348 1867 pro-
2391 1827 2395 1830 ”

1338 1885 1457 1912 ventus
1477 1890 1591 1911 eorum
1612 1881 1757 1912 valorem
1782 1881 1919 1919 triginta
1941 1881 2046 1911 libras
2067 1880 2196 1910 usualis
2214 1884 2348 1912 monete

1339 1934 1540 1971 attingerent
1556 1934 1741 1968 annuatim,
1759 1933 1800 1963 ad
1818 1933 2004 1963 communis
2019 1941 2134 1963 mense
2149 1932 2348 1972 deputarent

1337 1990 1568 2024 augmentum,
1590 1995 1624 2016 se
1643 1986 1866 2024 astringentes
1887 1986 1927 2016 ad
1949 1986 1983 2015 id
1997 1985 2132 2016 vinculo
2149 1985 2346 2025 juramenti.

1337 2039 1487 2078 Cumque
1508 2039 1717 2078 postmodum
1737 2039 1878 2078 quedam
1899 2048 1937 2069 ex
1955 2039 2054 2069 dictis
2075 2038 2347 2078 possessionibus

1338 2096 1369 2121 et
1388 2091 1484 2122 bonis
1505 2092 1707 2127 vacaverint,
1729 2101 1779 2123 ea.
1802 2092 1998 2131 priusquam
2019 2091 2240 2130 adimplerent
2258 2089 2348 2130 quod

1337 2153 1437 2182 super
1453 2144 1665 2183 deputatione
1687 2144 1879 2184 hujusmodi
1901 2144 2111 2179 ordinarant,
2134 2143 2255 2174 dilecto
2274 2142 2347 2174 filio

1336 2197 1496 2235 magistro
1518 2197 1667 2235 Regiano
1691 2197 1846 2236 physico,
1872 2197 1937 2226 civi
1963 2197 2091 2235 Regino
2112 2200 2146 2226 et
2165 2195 2348 2227 heredibus

1337 2249 1420 2285 suis,
1438 2249 1478 2279 ob
1495 2254 1586 2288 grata
1603 2250 1739 2279 servitiu
1756 2259 1819 2288 quc
1838 2250 1878 2279 ab
1894 2250 1966 2288 ipso
1980 2253 2174 2288 receperant
2189 2251 2222 2278 et
2236 2248 2273 2277 in
2290 2247 2347 2278 fu-

1337 2305 1449 2331 turum
1465 2301 1807 2340 sperabantrecipere,
1819 2307 2066 2332 concesserunt.
2080 2301 2150 2331 Nos
2159 2304 2282 2336 autem,
2295 2303 2347 2330 at-
2379 2322 2383 2331 .

1337 2354 1510 2385 tendentes
1532 2354 1619 2393 quod
1639 2355 1752 2384 eadem
1770 2355 1940 2385 concessio
1955 2354 2068 2384 minus
2083 2353 2225 2384 honesta
2237 2352 2347 2384 fuisse

1337 2406 1522 2436 dinoscitur
1544 2415 1603 2436 nec
1626 2407 1666 2436 ad
1689 2416 1760 2436 eam
1781 2407 1956 2437 tenendam
1979 2405 2159 2445 apostolice
2180 2405 2277 2436 Sedis
2290 2404 2346 2435 in—

1337 2459 1501 2489 tervenire
1517 2464 1623 2497 potest
1639 2460 1835 2495 auctoritas,
1855 2460 1963 2498 ipsam
1977 2459 2188 2490 decernimus
2203 2466 2271 2488 11011
2286 2465 2349 2488 vad
2376 2486 2384 2493 ,

1334 2510 1415 2541 lere.
1432 2512 1527 2541 Dicto
1544 2521 1620 2541 vero
1634 2513 1803 2550 magistro,
1822 2521 1919 2551 quem
1936 2512 2008 2542 suis
2021 2511 2230 2550 exigentibus
2242 2510 2346 2541 meri-
2392 2511 2394 2513 ’

1336 2563 1379 2593 tis
1411 2564 1556 2601 gratioso
1588 2565 1700 2594 favore
1729 2565 1973 2604 prosequimur,
1997 2573 2056 2602 per
2080 2563 2185 2594 alium
2209 2563 2347 2594 modum

1336 2624 1436 2654 super
1457 2615 1518 2646 hoc
1535 2617 1708 2654 providere
1732 2617 1895 2652 volentes,
1917 2617 2115 2646 mandamus
2130 2615 2290 2655 quatinus
2304 2623 2346 2646 ea

1336 2669 1450 2707 quein
1466 2670 1572 2699 forma
1590 2670 1675 2700 dicte
1698 2671 1925 2700 concessionis
1946 2670 2113 2700 habentur
2133 2668 2345 2700 ordinatione
2368 2688 2370 2690 v

1334 2722 1493 2761 predicta,
1513 2723 1702 2762 juramento
1717 2724 1768 2753 vel
1789 2732 1998 2762 quacumque
2013 2722 2080 2753 alia
2100 2722 2258 2752 firmitate
2272 2720 2345 2752 val—
2368 2714 2379 2724 ⁴

1334 2775 1401 2805 lata
1417 2784 1627 2815 nequaquam
1643 2776 1805 2812 obstante,
1825 2776 1889 2806 sibi
1907 2780 1937 2806 et
1950 2775 2130 2806 heredibus
2145 2775 2216 2805 suis
2230 2774 2345 2813 legiti-
2358 2785 2365 2790 ·

1334 2828 1398 2858 mis
1413 2827 1453 2858 de
1475 2837 1560 2858 novo
1576 2829 1771 2859 auctoritate
1793 2833 1906 2858 nostra
1922 2827 2094 2858 concedas.
2113 2826 2345 2858 Contradicto-

1333 2889 1387 2910 res
1413 2884 1474 2910 etc.
1497 2881 1572 2910 Dat.
1601 2881 1772 2916 Laterani,
1801 2881 1850 2911 XI
1878 2880 2038 2911 kalendas
2059 2879 2225 2919 januarii,
2252 2886 2354 2910 anno·
2387 2884 2393 2905 ’.

1333 2933 1488 2963 secundo.
1512 2945 1525 2960 n
