2441 3330
171 191 224 222 132
896 187 1136 221 REGISTRES
1157 185 1464 217 D’ALEXANDRE
1487 188 1543 218 IV.

170 264 268 284 curam
296 257 454 282 animarum
482 254 591 280 babens
617 254 692 280 licite
719 253 854 288 recipere.
879 252 963 286 (Rau.
988 252 1036 284 24,
1063 260 1088 278 c.
1115 252 1174 282 359.

171 305 190 331 f.
208 305 277 337 53¹.)

211 419 224 433 α
242 407 386 444 Mayistro
399 406 526 442 Radulso
539 405 573 434 de
588 406 741 439 Sturlone,
759 405 867 434 clerico
886 387 1104 441 Wiqornieusis
1116 404 1178 433 dio-

168 461 251 489 cesis.
272 458 342 488 Etsi
360 462 492 496 propter
508 457 723 488 ambitionem
740 474 788 486 —.
810 457 884 486 Dat.
904 456 1054 495 Neapoli,
1071 458 1102 487 X
1123 456 1178 487 ka-

169 512 284 543 lendas
301 512 392 547 maii,
410 520 497 541 anno
510 511 627 550 primo.
651 523 662 537 »

240 691 325 720 441
758 689 874 724 Naples‚
892 690 926 716 ‘28
941 690 1010 716 avril
1028 689 1104 717 1255.

204 754 420 781 ominationem
443 761 528 786 quam
548 753 624 778 inter
638 753 742 779 fratres
761 751 910 778 Cartusiae
926 761 960 779 ex
984 757 1062 787 parte
1080 761 1134 779 una
1149 756 1178 779 et

168 803 278 838 priores
293 801 491 828 Cartusiensis
507 802 617 828 ordinis
632 809 666 827 ex
683 802 771 828 altera
787 809 875 836 super
891 802 1077 835 processibus
1093 806 1120 828 et
1131 809 1178 828 οι·-

168 852 313 878 dinatione
329 850 472 885 generalis
492 851 611 885 capituli
635 850 781 884 litigantes
800 849 949 877 Johannes
972 851 1045 877 tituli
1061 859 1086 878 s,
1105 850 1177 877 Lau-

169 900 252 927 rentii
273 900 300 926 in
326 899 434 926 Lucina
462 899 612 934 presbyter
632 899 785 925 cardinalis
805 899 884 932 fecit,
901 900 1070 926 auctoritate
1091 908 1178 934 apos-

168 949 252 976 tolica
283 948 449 978 confirmat,
481 952 609 974 tenorem
640 947 732 982 ipsius
762 947 945 974 instrumenti
977 947 1177 982 praesentibus

166 999 308 1025 inserens.
326 997 467 1031 (nauali,
484 1005 509 1024 c.
528 997 614 1028 350st
634 997 694 1029 53'3
715 996 860 1023 Pori-mar
880 996 985 1030 15828.)

210 1112 222 1126 «
243 1100 381 1130 Cortusie
399 1108 435 1128 ac
457 1100 661 1129 Carlusiensis
676 1099 795 1128 ordinis
810 1100 965 1128 universis
978 1099 1135 1136 prioribus
1150 1105 1176 1129 et

167 1154 328 1190 fratribus.
347 1152 425 1182 Orta
441 1151 564 1181 dudum
581 1151 668 1181 inter
684 1169 732 1180 —.
750 1152 823 1181 Dat.
848 1151 999 1189 Neapoli,
1025 1152 1094 1181 IIII
1115 1151 1175 1182 ka-

167 1206 282 1235 lendas
299 1205 389 1239 maii,
410 1213 496 1235 anno
512 1205 629 1243 primo.
650 1216 662 1231 n

237 1384 325 1412 442

202 1445 349 1472 Giteberto
373 1445 512 1471 canonico
539 1443 639 1471 Fontis
663 1444 801 1476 Ebraudi,
833 1444 1013 1471 pictavensis
1037 1445 1172 1480 diocesis,

754 1381 871 1416 Naples,
887 1382 921 1410 ‘23
937 1382 1006 1408 avril
1026 1382 1101 1409 1255.

169 1503 219 1530 pro
234 1494 422 1529 expediendis
447 1494 570 1527 negotiis
591 1493 752 1520 abbatissae
777 1498 805 1520 et
826 1498 987 1520 conventus
1009 1496 1175 1522 monasterii

168 1543 269 1570 Fontis
285 1543 408 1570 Ebraudi
421 1542 455 1569 ad
472 1542 575 1569 Sedem
594 1543 780 1577 apostolicam
797 1551 924 1574 accesso,
943 1544 1074 1570 concedit
1085 1545 1175 1572 facul-

167 1596 252 1619 tatem
270 1591 456 1618 contrabendi
482 1595 612 1618 mutuum
640 1599 689 1626 pro
710 1592 846 1626 expensis
870 1600 961 1627 usque
981 1593 1014 1619 ad
1031 1602 1173 1621 summam

167 1641 355 1667 ducentarum
374 1648 532 1666 marcarum
549 1640 752 1673 sterlingorum
774 1644 802 1666 et
822 1641 964 1675 obligandi
988 1642 1095 1669 ‹lictum
1114 1652 1174 1670 mo-

167 1690 334 1716 nasterium.
348 1689 429 1722 (Rae.
443 1688 486 1719 24,
503 1697 528 1716 c.
545 1688 606 1719 361,
622 1689 640 1715 f.
658 1689 712 1722 5⁴¹1.)

208 1805 220 1817 «
242 1792 386 1821 GilebeJ-to
400 1792 547 1820 canonico
562 1791 665 1820 Fontis
681 1791 826 1826 Ebraudi,
840 1792 1026 1822 I’ictarensis
1039 1793 1173 1824 diocesis.

166 1845 247 1876 Cum
266 1845 351 1880 sicut.
368 1844 402 1873 in
426 1847 537 1873 nostra
554 1843 755 1881 proposuisti
778 1845 947 1882 presentia
962 1846 1173 1883 constitutus,

165 1907 223 1936 pro
236 1896 449 1935 expediendis
463 1896 608 1933 negociis
623 1896 741 1926 dilecte
755 1897 790 1926 in
804 1896 938 1927 Christo
948 1897 1016 1928 filie
1033 1922 1065 1933 ..,
1079 1899 1175 1929 abha-

167 1951 246 1980 tisse
261 1954 289 1979 et
307 1953 489 1979 conventus
500 1949 695 1979 monasterii
707 1941 821 1979 Fontis
834 1949 989 1985 Ebraudi,
1001 1951 1176 1982 Pictaven-

167 2004 213 2033 sis
236 2003 388 2037 diocesis,
411 2011 468 2040 pro
485 2002 606 2041 quibus
629 2002 668 2031 ad
692 2002 809 2032 Sedem
829 2003 1042 2041 apostolicam
1066 2014 1176 2036 acces-

167 2056 252 2086 sisti.
275 2064 393 2093 magna
416 2059 446 2085 te
470 2055 582 2085 subire
599 2060 745 2094 oporteat
764 2064 865 2085 onera
887 2065 1116 2095 expensarum,
1135 2068 1176 2090 ne

166 2118 224 2147 pro
240 2109 368 2137 defectu
386 2108 533 2146 ipsarum
553 2108 666 2138 eadem
682 2108 717 2138 in
739 2109 889 2146 expedita
910 2118 1081 2141 remanere
1098 2120 1176 2142 con-

165 2162 282 2199 tingat.
303 2170 360 2190 nos
378 2160 443 2190 tuis
461 2160 760 2198 supplicationibus
776 2161 940 2198 inclinati,
959 2164 1176 2194 contrahendi

166 2217 318 2243 mutuum
341 2217 471 2251 propter
494 2212 555 2242 hoc
582 2222 686 2251 usque
708 2213 748 2243 ad
773 2223 937 2244 summam
958 2215 1176 2246 ducentarum

166 2274 354 2295 marcarum
367 2265 603 2303 sterlingorum
617 2270 648 2295 et
660 2265 829 2303 obligandi
841 2267 1060 2297 creditoribus
1077 2292 1109 2303 ..,
1123 2269 1176 2299 ab-
1217 2266 1219 2277 ⁴

165 2318 336 2353 batissam,
347 2318 572 2356 ..priorissam
585 2322 616 2347 et
629 2323 827 2348 conventum
840 2319 971 2350 acbona
981 2322 1176 2351 monasterii

166 2370 279 2400 Fontis
300 2370 442 2400 Elii-audi
459 2375 489 2400 et
508 2370 649 2400 Ethonie
663 2371 812 2410 ejusdem
826 2371 979 2407 diocesis,
998 2382 1033 2402 ae
1050 2382 1175 2404 renun-

166 2423 274 2453 ciandi
293 2423 522 2452 constitutioni
542 2423 579 2453 de
597 2423 724 2453 duabus
741 2423 838 2454 dietis
860 2424 966 2458 edicta
983 2425 1016 2454 in
1034 2427 1175 2458 concilio

164 2459 313 2513 {generali
335 2479 365 2504 et
385 2470 545 2505 beneficio
566 2475 788 2505 restitutionis
802 2477 835 2505 in
851 2477 1028 2515 integrum,
1045 2488 1174 2509 necnon

166 2532 197 2557 et
213 2528 424 2557 conventioni
437 2527 587 2566 J'udicum
608 2528 755 2566 ipsorum
775 2529 973 2560 creditorum
992 2532 1126 2562 nomine
1145 2532 1173 2562 si

166 2580 362 2618 apostolicas
386 2580 514 2610 litteras
536 2581 774 2619 cujuscumque
799 2583 924 2612 tenoris
946 2583 981 2612 in
1005 2589 1173 2622 posterum

165 2632 336 2670 impetrari
350 2633 537 2670 contigerit,
555 2633 750 2663 auctoritate
764 2634 824 2663 tibi
840 2635 1044 2672 presentium
1061 2646 1172 2668 conce-

165 2684 273 2713 dimus
291 2684 492 2714 facultatem.
511 2686 559 2715 Ita
576 2689 684 2715 tamen
703 2686 789 2724 quod
803 2687 981 2723 abbatissa,
1000 2689 1170 2727 priorissa,

165 2742 347 2767 conventus
374 2742 405 2767 et
432 2738 634 2768 monasteria
658 2739 804 2777 predicta
830 2744 1006 2770 teneantur
1031 2743 1172 2773 credito-

165 2791 257 2820 ribus
275 2791 314 2820 ad
330 2791 521 2830 hujusmodi
540 2792 714 2829 pecuniam
730 2792 980 2830 persolvendam
1002 2799 1033 2824 et
1057 2795 1096 2824 ad
1114 2805 1172 2834 pe-

166 2852 252 2878 nam,
271 2844 422 2882 dampna,
437 2853 596 2882 expensas
614 2849 641 2873 et
661 2845 833 2880 interesse,
852 2846 880 2875 si
898 2846 931 2875 in
948 2847 1090 2877 termino
1106 2857 1123 2877 a
1141 2853 1171 2879 te

1261 252 1436 282 statuendo
1452 254 1627 291 pecuniam
1643 263 1708 284 non
1731 254 1951 293 persolverint
1970 260 2196 292 memoratam,
2214 265 2272 288 su-

1261 303 1350 334 blata
1366 305 1449 343 ipsis
1465 306 1686 337 creditoribus
1702 307 1900 338 necessitate
1922 308 2085 346 probandi
2105 309 2192 348 quod
2214 318 2271 348 pe-

1260 357 1359 386 cunia
1373 357 1487 388 eadem
1501 367 1566 388 non
1580 359 1623 389 sit
1636 368 1796 390 conversa
1806 360 1841 390 in
1855 360 2034 391 utilitatem
2047 361 2271 400 predictorum

1260 410 1538 440 monasteriorum
1562 416 1713 450 pretextu
1735 411 1878 452 alicujus
1899 413 2149 444 constitutionis
2171 421 2271 444 cano·-

1261 461 1334 492 nice
1358 462 1409 492 vel
1431 462 1551 494 civilis.
1578 464 1651 494 Non
1673 464 1884 495 obstantibus
1900 465 2069 504 aliquibus
2084 465 2271 504 privilegiis

1261 523 1319 545 seu
1338 515 1558 553 indulgentiis
1574 517 1613 547 de
1629 517 1752 556 quihus
1767 518 1802 547 in
1820 518 1943 548 nostris
1958 517 2080 549 litteris
2094 518 2167 549 fieri
2179 527 2271 558 opor·

1260 572 1328 598 teat
1343 570 1545 600 mentionem
1560 574 1591 600 et
1607 579 1665 609 per
1678 579 1742 610 que
1756 571 1869 601 eedem
1883 571 2052 602 abbatissa
2064 576 2096 602 et
2110 572 2273 610 priorissa

1261 630 1297 652 ac
1316 630 1526 652 successores
1543 631 1658 653 earum
1680 622 1813 654 valeant
1835 632 1870 654 se
1893 624 1991 654 tueri.
2017 625 2091 655 Dat..
2113 624 2289 664 Neapoli,-

1261 674 1309 704 IX
1324 674 1484 705 kalendas
1501 675 1592 710 maii,
1610 684 1698 706 anno
1713 676 1831 714 primo.
1851 688 1864 702 »

1275 847 1280 852 ¹
1329 847 1418 875 443
1849 847 1967 882 Naples,
1988 848 2018 875 17
2035 848 2105 875 avril
2121 848 2199 876 1255.

1295 899 1632 935 Conventui'monaste1·ii
1647 917 1672 936 s.
1688 909 1793 936 Mariae
1811 909 1847 936 de
1863 909 1959 936 Gloria
1976 909 2138 945 Anagnini,
2156 903 2272 938 Floreni

1259 955 1380 988 ordinis,
1392 957 1525 984 concedi!
1536 961 1565 984 ut
1576 958 1727 985 ecclesiam
1740 958 1774 984 de
1788 958 1890 992 Leeds,
1902 958 2122 986 Cantuariensis
2132 958 2269 991 diocesis,

1259 1004 1404 1039 aliquibus
1429 1006 1495 1032 viris
1512 1006 1655 1040 religiosis
1670 1006 1704 1033 ad
1727 1011 1893 1042 perpetuam
1914 1007 2023 1034 firmam
2045 1006 2203 1034 concedere
2219 997 2270 1034 va-

1258 1054 1324 1082 leat.
1344 1054 1425 1086 (Rau.
1442 1054 1487 1088 24,
1503 1063 1528 1081 c.
1547 1056 1607 1086 362,
1626 1056 1644 1083 f.
1661 1056 1728 1090 54¹.)

1301 1168 1313 1182 «
1330 1179 1364 1191 ..,
1377 1157 1479 1186 abbati
1491 1162 1517 1186 el
1530 1159 1695 1187 conventui
1707 1159 1888 1188 monasterii
1899 1163 2001 1188 sancte
2013 1159 2108 1188 Mario
2120 1158 2154 1188 de
2165 1159 2270 1188 Gloria

1257 1208 1430 1246 Anagnini,
1449 1209 1572 1238 Florem·
1593 1210 1724 1239 ordinis.
1741 1210 1848 1240 Justis
1864 1210 2047 1248 petentium
2059 1214 2120 1241 etc.
2140 1218 2266 1250 usque:

1258 1260 1433 1299 complere.
1463 1262 1657 1300 Eapropter‚
1682 1262 1794 1292 dilecti
1819 1263 1853 1292 in
1879 1262 2013 1293 Christo
2039 1262 2118 1298 filii,
2147 1263 2268 1294 vestris

1253 1314 1355 1352 justis
1370 1314 1669 1353 supplicationibus
1685 1315 1850 1350 inclinati,
1866 1316 1907 1345 ad
1919 1316 2026 1346 instar
2038 1315 2148 1346 felicis
2162 1324 2268 1347 recor-

1257 1366 1402 1396 dationis
1418 1367 1456 1396 G.
1476 1368 1832 1406 pape‚·predecessm·is
1851 1369 1972 1403 nostri,
1990 1367 2196 1408 presentium
2210 1377 2269 1400 vo-

1257 1418 1308 1449 bis
1325 1419 1520 1450 auctoritate
1537 1421 1749 1451 concedimus
1764 1425 1800 1450 ut
1817 1421 1992 1452 ecclesiam
2005 1421 2044 1452 de
2060 1421 2170 1457 Lides,
2185 1421 2268 1455 Can·
2284 1419 2287 1422 ’

1259 1472 1440 1502 tuariensis
1471 1472 1632 1508 diocesis,
1668 1473 1762 1503 vobis
1794 1478 1825 1504 et
1857 1473 2059 1504 monasterio
2089 1477 2200 1504 vestro
2227 1473 2271 1504 ad

1258 1526 1408 1564 proprios
1432 1535 1514 1556 usus
1539 1527 1610 1566 ejus
1637 1531 1830 1566 vestrosque
1859 1536 2050 1558 concessam
2061 1551 2068 1563 ,
2099 1526 2269 1567 aliquibus

1257 1579 1340 1609 viris
1356 1579 1523 1617 religiosis
1539 1580 1778 1619 cujuscumque
1793 1580 1932 1616 ordinis,
1951 1580 2188 1611 constitutione
2209 1589 2270 1612 seu
2311 1602 2314 1607 -

1256 1631 1482 1670 prohibitione
1505 1632 1653 1671 qualibet
1674 1633 1839 1663 contraria
1857 1641 1924 1663 non
1946 1633 2108 1669 obstante,
2131 1633 2173 1663 ad
2193 1641 2269 1672 per·
2286 1639 2288 1641 '

1257 1689 1390 1724 petuam
1418 1686 1546 1715 firmam
1574 1686 1753 1717 concedere
1778 1686 1928 1716 valeatis.
1953 1686 2046 1717 Nulli
2069 1690 2130 1717 etc.
2156 1689 2269 1718 nostre
2314 1722 2320 1728 .
2365 1710 2377 1726 ,Ι

1258 1739 1483 1769 concessionis
1495 1743 1556 1769 etc.
1572 1739 1645 1769 Dat.
1660 1739 1812 1778 Neapoli,
1826 1740 1888 1770 XV
1901 1739 2059 1770 kalendas
2072 1739 2164 1775 maii,
2180 1747 2268 1770 anno

1257 1792 1375 1830 primo.
1396 1804 1407 1818 η

1294 1911 1325 1937 In
1343 1920 1369 1939 e.
1390 1919 1428 1938 m.
1446 1910 1555 1937 eisdem
1579 1919 1670 1945 usque
1690 1911 1914 1943 :concedimus,
1934 1915 1963 1938 ut
1979 1911 2129 1938 ecclesiam
2150 1910 2186 1937 de
2206 1910 2268 1938 Ma-

1259 1969 1319 1995 gor,
1346 1960 1541 1986 Landavensis
1566 1959 1705 1990 diocesis,
1733 1959 1814 1986 vobis
1837 1962 1866 1986 et
1891 1961 2064 1986 monasterio
2084 1947 2185 1986 ⁴vestro
2209 1963 2265 1986 etc.

1260 2009 1396 2043 usquein
1412 2009 1508 2035 tinem.
2159 2010 2162 2012 ’

1327 2177 1417 2204 444
1844 2174 1962 2210 Naples,
1980 2175 2014 2202 ‘20
2028 2174 2098 2202 avril
2116 2174 2192 2204 1255,-

1296 2238 1390 2269 Petro,
1401 2239 1619 2272 archiepiscopo
1627 2237 1800 2265 Turonensi.
1809 2237 1949 2272 indulget,
1960 2241 1991 2264 ut
2003 2245 2051 2272 per
2060 2237 2170 2264 litteras
2183 2243 2270 2272 apo&

1258 2286 1342 2314 tolice
1359 2287 1443 2313 Sedis
1459 2295 1510 2313 seu
1528 2287 1686 2320 legatorum
1703 2287 1768 2321 ejus
1784 2287 1857 2312 ultra
1881 2294 1965 2312 unam
1986 2286 2089 2312 dietum
2106 2289 2186 2312 extra
2201 2285 2265 2312 dio-

1257 2337 1346 2363 cesim
1363 2343 1444 2362 suam
1463 2343 1517 2362 non
1536 2335 1628 2370 possit
1643 2335 1774 2366 evocari,
1793 2335 1848 2361 nisi
1864 2335 1956 2361 dictae
1971 2334 2081 2361 litterae
2096 2334 2130 2361 de
2150 2335 2266 2362 nomine

1257 2385 1322 2419 ejus
1333 2384 1407 2411 etde
1423 2384 1568 2419 praesenti
1583 2384 1762 2418 indulgentia
1778 2385 1899 2411 fecerint
1914 2384 2100 2410 mentionem.
2117 2383 2202 2417 (Rite.
2217 2383 2275 2419 20„

1258 2442 1283 2460 c.
1304 2433 1365 2467 363,
1382 2434 1400 2460 f.
1419 2434 1473 2467 54.)

1299 2548 1311 2563 α
1329 2537 1428 2571 Petro,
1451 2536 1676 2573 archiepiscopo
1701 2536 1880 2564 Turonensi.
1897 2535 1965 2565 Tue
1985 2534 2103 2565 merita
2123 2534 2265 2565 sinceri-

1256 2589 1334 2619 tatis
1351 2592 1540 2627 exposcunt,
1557 2592 1594 2617 ut
1610 2588 1644 2617 in
1665 2587 1732 2618 hiis
1748 2597 1812 2626 que
1833 2592 1973 2626 possunt
1990 2587 2089 2625 digne
2108 2586 2182 2617 fieri
2203 2595 2264 2618 nos

1254 2641 1317 2670 tibi
1344 2641 1448 2671 simus
1473 2644 1634 2678 oportuno
1657 2644 1801 2678 tempore
1823 2639 1972 2678 gratiosi.
1997 2639 2084 2669 Hinc
2106 2643 2156 2669 est
2177 2638 2265 2678 quod

1255 2703 1316 2724 nos
1344 2693 1411 2723 tuis
1443 2693 1742 2731 supplicationibus
1773 2692 1942 2726 inclinati,
1974 2691 2170 2722 auctoritate
2202 2691 2264 2722 tihi

1254 2747 1459 2785 presentium
1475 2745 1698 2783 indulgemus,
1710 2750 1746 2775 ut
1760 2754 1818 2784 per
1832 2744 1961 2774 litteras
1978 2743 2155 2782 apostolice
2167 2743 2262 2775 Sedis

1254 2808 1313 2829 seu
1329 2798 1512 2836 legatorum
1526 2798 1596 2837 ejus
1613 2798 1805 2836 impetratas
1820 2806 1878 2836 per
1894 2806 1976 2836 quas
1993 2796 2139 2827 nondum
2157 2795 2198 2826 ad
2214 2795 2262 2826 cir

1254 2851 1413 2880 tationem
1429 2850 1573 2889 partium
1589 2850 1632 2880 sit
1647 2858 1838 2888 processum
1851 2849 1903 2880 vel
1915 2848 2142 2888 impetrandas
2153 2848 2260 2888 eujus-
