2456 3585
167 313 201 342 14
890 305 1130 338 REGISTRES
1152 304 1458 335 D'ALEXANDRE
1481 305 1535 335 IV.

167 377 267 405 Castro
282 376 416 403 Motartae
430 383 504 402 anno
525 374 653 400 MCCLII
671 374 717 400 die
738 373 841 400 xxvi
866 373 974 400 mensis
992 372 1069 407 Junii
1089 373 1170 398 datas

163 429 192 452 et
207 425 370 452 mandatum
386 423 546 450 Innocentii
564 431 651 457 papae
668 421 707 448 tv
723 422 820 448 datum
841 421 951 448 Perusii
970 420 1104 448 kalendas
1122 421 1170 454 ju-

164 472 202 500 nii
218 480 292 499 anno
308 471 351 498 IX
368 471 552 506 pontificatus
568 471 730 497 inserendo.
747 470 830 502 (Res.
847 470 892 504 24,
907 477 934 497 c.
951 469 994 501 ⁴3,
1011 469 1032 496 f.
1046 469 1085 501 Ἱ.)

207 597 220 611 «
236 585 384 621 Greqorio,
399 584 500 612 abbati
510 584 690 612 monasterii
700 585 800 613 sancti
810 583 950 612 Severini
964 583 1168 620 Neapolitani.

164 639 317 668 Pori-ecta
330 636 424 665 nobis
438 640 493 665 tua
505 636 620 674 petitio
633 636 820 665 continebat
834 635 920 674 quod
931 635 1071 665 dilectus
1082 633 1172 664 tilius

165 694 276 720 noster
290 690 341 724 R„
357 688 760 725 5111101111113011111110011115
773 688 963 719 cardinalis.
977 687 1172 718 auctoritate

165 742 351 772 litterarum
372 741 479 771 felicis
502 740 741 770 recordationis
768 741 794 770 Ι,
820 749 901 778 pape
928 739 1172 779 predecessoris

166 794 281 829 nostri,
301 798 407 823 tecum
430 798 476 828 ut,
496 802 559 821 non
582 793 733 822 obstante
754 793 884 822 defectu
903 801 1001 831 quem
1017 792 1051 822 111
1072 801 1172 822 manu

166 848 297 878 dextera
320 847 459 885 pateris,
485 846 650 875 abbatiam
675 846 867 875 monasterii
893 846 998 875 sancti
1022 845 1174 876 Severini

166 899 376 938 Neapolitani
390 899 532 929 retinere
546 898 654 928 valeas
668 899 884 936 dispensavit,
900 903 993 937 prout
1006 898 1040 928 in
1052 898 1173 928 litteris

166 952 345 982 cardinalis
372 952 476 989 ipsius
501 951 632 989 plenius
657 951 856 980 continetur.
885 951 953 980 Nos
979 950 1080 987 igitur
1107 950 1173 980 tuis

166 1004 463 1043 supplicationibus
473 1004 636 1034 inclinati.
650 1004 735 1042 quod
746 1012 804 1041 per
816 1003 957 1033 cundem
971 1003 1173 1033 cardinalem

167 1066 266 1095 super
281 1057 341 1087 hoc
358 1058 481 1086 factum
502 1062 550 1086 est¹
567 1060 674 1085 ratum
691 1061 720 1086 01
743 1060 872 1093 gratum
891 1056 1068 1091 hahentes,
1090 1055 1172 1085 illud

167 1110 361 1140 auctoritate
382 1109 559 1147 apostolica
576 1110 809 1138 contii-manius
826 1112 886 1138 etc.
904 1117 1009 1147 usque
1026 1117 1173 1138 commu-

167 1163 290 1192 nimus.
309 1163 508 1192 Litterarum
524 1162 663 1200 predicti
679 1161 858 1191 cardinalis
874 1165 1021 1191 tenorem
1036 1170 1174 1199 presen—

167 1215 256 1245 tibus
272 1215 376 1245 inscri
392 1215 552 1245 facientes
569 1215 625 1253 qui
643 1214 717 1244 talis
734 1218 782 1245 est
800 1224 806 1243 z

569 1331 581 1344 u
599 1319 699 1346 Castro
717 1319 834 1346 Molarie
851 1331 875 1354 υ,
891 1320 925 1347 ἳ6
937 1319 1002 1355 Juin
1022 1320 1098 1348 1252.

210 1400 223 1415 «
242 1388 417 1419 Universis
430 1393 601 1427 presentes
611 1388 740 1418 litteras
753 1388 966 1426 inspecturis,
979 1389 1172 1425 Riccardus,

169 1452 183 1467 »
206 1440 420 1471 miseratione
433 1441 545 1470 divina
561 1441 667 1470 sancti
679 1440 798 1478 Angeli
810 1441 969 1471 diaconus
981 1441 1172 1477 cardinalis,

169 1505 183 1520 »
208 1493 348 1523 salutem
361 1494 396 1522 in
409 1494 560 1523 Domino.
580 1493 799 1524 Universitati
812 1497 921 1524 vestre
934 1494 1085 1524 volumus
1102 1503 1175 1524 esse

170 1558 183 1572 n
208 1550 321 1575 notum
351 1546 438 1584 quod
463 1546 655 1576 mandatum
684 1546 901 1585 apostolicum
927 1547 1112 1585 recepimus
1139 1547 1175 1576 in

170 1611 185 1626 ι»
207 1599 269 1629 hac
284 1599 389 1629 forma
407 1609 414 1628 :

739 1673 875 1704 Pei-ouse,
893 1674 1006 1708 terjuin
1026 1673 1102 1700 1‘2‘2.

213 1754 225 1767 «
246 1741 459 1771 Innocentius
475 1741 648 1779 episcopus
670 1746 744 1776 etc..
768 1741 887 1771 dilecto
905 1742 973 1772 filio
993 1743 1046 1777 R..
1068 1742 1175 1771 sancti

173 1806 186 1820 »
211 1793 329 1831 Angeli
350 1794 486 1823 diacono
503 1794 680 1829 cardinali,
705 1794 847 1824 salutem
866 1798 927 1824 etc.
947 1795 991 1824 Ex
1013 1799 1104 1832 parte
1125 1795 1175 1824 di-

172 1857 185 1872 »
209 1845 285 1875 lecti
296 1846 355 1875 filii
365 1847 416 1881 G.,
430 1846 558 1876 abbatis
568 1846 761 1876 monasterii
771 1847 876 1876 sancti
886 1847 1037 1877 Severini
1050 1848 1175 1885 Neapo-

172 1911 185 1925 »
210 1898 323 1933 lilani,
354 1899 468 1928 fratris
495 1899 607 1928 dilecti
631 1899 692 1928 filii
724 1923 756 1934 ..,
783 1899 954 1935 Theatini,
985 1900 1048 1929 suit
1079 1900 1174 1930 nobis

172 1963 185 1978 »
209 1951 382 1981 humiliter
404 1951 624 1990 supplicatum
646 1956 681 1981 ut
701 1960 774 1981 cum
800 1952 871 1990 ipso
896 1952 983 1991 quod
1009 1953 1175 1982 abhatiam

172 2016 184 2030 »
209 2004 315 2042 ipsius
337 2004 530 2034 monasterii
551 2004 694 2034 retinere
716 2004 833 2039 valeat,
860 2014 925 2034 non
946 2005 1096 2035 obstante
1119 2005 1176 2035 de-

171 2069 184 2083 »
209 2057 297 2086 fectu
331 2066 429 2095 quem
464 2057 498 2085 111
528 2066 629 2085 manu
667 2056 779 2086 dextra
809 2057 950 2095 patitur,
983 2067 1175 2088 curaremus

171 2124 184 2138 »
208 2111 468 2142 misericorditer
492 2111 695 2149 dispensare.
724 2112 770 2142 De
797 2115 851 2141 tua
874 2112 976 2149 igitur
999 2113 1175 2150 prudentia

171 2176 184 2191 »
208 2164 340 2203 plenam
360 2164 394 2193 in
414 2164 555 2194 Domino
577 2164 731 2194 fiduciam
751 2164 955 2199 obtinentes,
979 2165 1175 2196 mandamus

170 2229 184 2244 »
209 2217 366 2256 quatinus
395 2217 612 2247 consideratis
642 2217 796 2247 omnibus
823 2217 1083 2247 circumstantiis
1112 2228 1175 2257 que

170 2282 183 2296 n
209 2270 296 2299 circa
325 2279 399 2299 011111
424 2270 550 2299 fuerint
575 2269 788 2305 attendendo,
817 2278 891 2299 cum
918 2270 1032 2300 eodem
1059 2270 1176 2301 abbate

170 2334 183 2349 n
209 2332 308 2361 super
326 2322 387 2352 hoc
408 2322 602 2352 auctoritate
619 2326 731 2352 nostra
747 2322 930 2361 dispenses,
948 2327 1044 2361 prout
1061 2332 1175 2354 secun-

169 2387 182 2402 »
208 2375 286 2405 dum
308 2376 413 2405 Deum
435 2374 544 2404 anime
566 2383 624 2404 sue
645 2374 745 2404 saluti
768 2379 798 2404 et
819 2375 959 2413 predicti
981 2376 1175 2406 monasterii

169 2440 182 2454 η
207 2427 330 2457 videris
350 2427 514 2465 expedire.
537 2428 609 2456 Dat.
634 2427 782 2462 Perusii,
804 2427 956 2458 kalendis
975 2429 1075 2467 junii,
1098 2437 1176 2467 pon-

169 2492 182 2508 »
210 2481 352 2510 titicatus
364 2480 469 2509 nostri
483 2489 568 2509 anno
581 2489 677 2509 nono.
694 2492 705 2506 »

208 2545 222 2560 »
243 2533 351 2571 Hujus
365 2533 468 2570 igitur
484 2533 678 2562 auctoritate
701 2533 848 2563 mandati
868 2534 1085 2565 consideratis
1100 2543 1176 2573 pre-

169 2597 182 2613 »
211 2585 308 2615 dictis
336 2585 596 2614 circumstantiis
622 2593 695 2614 cum
722 2585 867 2623 predicto
894 2585 1011 2617 abbate
1041 2587 1176 2626 dispen-

168 2650 181 2664 »
209 2647 339 2673 samus7
362 2637 465 2676 quod⁷
490 2646 555 2666 non
578 2637 729 2667 obstante
752 2638 882 2668 defectu
906 2638 1096 2679 hujusmodi
1117 2649 1176 2679 per

167 2703 182 2718 n
208 2699 306 2730 quem
327 2699 393 2719 non
412 2694 518 2728 potest
542 2690 581 2719 ad
606 2690 857 2729 presbyteratus
879 2692 1028 2722 ordinem
1050 2702 1175 2731 promo-

167 2755 181 2771 »
206 2743 287 2778 veri⁷
305 2743 408 2781 possit
426 2742 591 2772 abbatiam
612 2743 752 2780 predicti
771 2744 966 2774 monasterii
986 2744 1075 2775 licite
1095 2745 1176 2775 reti-

167 2807 181 2823 »
206 2804 297 2825 nere.
326 2796 364 2824 In
392 2795 486 2833 cujus
514 2795 562 2824 rei
593 2795 820 2825 testimonium
847 2800 1019 2834 presentes
1047 2797 1176 2828 litteras

167 2860 180 2875 »
205 2848 347 2879 fecimus
375 2848 480 2877 nostri
509 2847 612 2885 sigilli
635 2848 821 2878 munimine
850 2848 1010 2879 roborari.
1038 2851 1112 2880 Dat.
1139 2850 1175 2880 in

165 2913 180 2928 ι)
205 2901 320 2932 Castro
354 2900 507 2935 Molarie⁷
545 2909 630 2930 anno
664 2901 798 2930 Domini
830 2901 1032 2938 M0CC0L110,
1068 2902 1174 2932 indic-

166 2966 180 2981 »
205 2954 295 2984 tione
304 2953 361 2989 Xfl,
379 2961 493 2983 mense
504 2953 593 2992 junii
609 2953 660 2983 die
676 2953 799 2983 XXVI.
819 2966 831 2979 »

1292 369 1385 401 Nulli
1408 374 1469 400 etc.
1496 374 1608 401 nostre
1632 370 1894 401 confirmationis
1919 374 1980 400 etc.
2006 370 2080 400 Dat.
2105 368 2263 408 Neapoli,

1252 424 1304 454 III
1319 422 1395 453 idus
1407 423 1571 462 januarii,
1589 431 1677 453 anno
1691 422 1810 461 primo.
1829 434 1843 449 n

1324 603 1382 630 52
1801 598 1918 634 Napies,
1937 598 1968 625 12
1983 598 2097 632 janvier
2114 598 2190 625 ¹255.

1290 661 1464 688 Abbatissae
1479 665 1508 688 et
1522 662 1677 688 conventui
1694 668 1850 696 pauperum
1867 660 2044 686 inclusarum
2061 659 2092 687 S.
2106 659 2212 686 Mariae
2227 659 2264 686 de

1256 710 1451 737 Misericordia
1466 710 1670 741 imolensibus.
1687 717 1809 744 quarum
1826 708 2031 736 monasterium
2045 712 2074 735 et
2089 709 2263 736 monasteria

1254 768 1279 786 s.
1298 758 1435 793 Stephani
1451 767 1524 786 ac-s.
1543 759 1647 785 Mariae
1664 759 1691 785 in
1708 758 1833 793 Zagonia
1849 762 1930 784 extra
1947 761 2054 791 portam
2073 757 2168 788 Aloni.
2184 757 2264 784 ordi-

1256 808 1300 833 nis
1316 816 1340 833 s.
1358 806 1516 838 Benedicti.
1535 808 1692 842 episcopus
1707 806 1861 833 Imolensis
1877 806 1903 832 in
1922 814 2009 832 unum
2025 813 2132 840 corpus
2146 804 2202 831 sub
2217 812 2263 832 re-

1255 856 1322 889 gula
1337 863 1361 882 s.
1379 855 1511 882 Damiani
1525 855 1669 886 counivit¹
1686 856 1760 882 hanc
1779 855 1912 882 unionem
1933 854 2094 881 confirmat.
2114 853 2196 884 (Rau.
2212 853 2264 888 2⁴,

1255 912 1281 930 c.
1299 904 1343 938 44,
1360 904 1379 931 s.
1397 905 1428 937 ῖς
1447 903 1593 932 Ροττ111151·
1614 904 1718 937 15634)

1298 1017 1310 1031 «
1332 1028 1365 1040 ..‚
1382 1005 1537 1040 abbatisse,
1560 1010 1585 1034 ει
1606 1006 1771 1034 conventui
1790 1013 1962 1042 pauperum
1988 1005 2182 1034 inclusarum
2197 1012 2265 1032 mo-

1256 1058 1386 1086 nasterii
1414 1063 1516 1086 scmcte
1538 1058 1633 1087 Mario
1655 1058 1689 1087 de
1714 1057 1924 1087 Misericordia
1949 1057 2117 1091 Imolensis,
2144 1056 2266 1085 ordinis

1255 1111 1355 1139 sancti
1377 1110 1535 1139 Damiani.
1559 1111 1604 1140 Ea
1625 1119 1688 1149 que
1710 1109 1906 1140 auctoritate
1929 1127 1978 1138 —.
2002 1109 2077 1139 Dat.
2102 1107 2263 1147 Neapoli.

1256 1163 1289 1192 II
1304 1162 1380 1192 idus
1391 1162 1550 1201 januarii,
1567 1172 1652 1193 anno
1665 1162 1783 1201 primo.
1803 1174 1815 1189 n

1326 1341 1384 1368 53
1803 1339 1920 1375 Naptes,
1939 1341 1967 1367 11
1983 1341 2098 1375 janvier
2114 1340 2191 1367 1255.

1293 1402 1425 1438 Philippo
1439 1403 1474 1429 de
1490 1402 1618 1430 Gaudio.
1631 1402 1742 1430 «Iacobo
1762 1406 1790 1429 et
1807 1402 1933 1429 Johanni
1953 1403 2090 1430 fratribus
2109 1403 2144 1429 de
2160 1401 2267 1430 Caleno

1256 1451 1407 1477 confirmat
1427 1451 1529 1482 silvas,
1549 1450 1668 1486 paludes
1687 1455 1716 1477 et
1736 1454 1848 1477 montes
1867 1451 2018 1478 districtus
2033 1450 2130 1478 Caleni
2145 1454 2174 1478 et
2188 1450 2267 1478 Roc-

1256 1507 1306 1526 cae
1323 1498 1430 1526 Montis
1447 1498 1587 1526 Draconis
1601 1504 1630 1526 et
1642 1499 1888 1526 connestabutiam
1904 1499 2002 1526 Caleni
2013 1503 2040 1526 ct
2056 1499 2180 1530 Roceae.
2192 1506 2268 1534 quos

1256 1547 1458 1581 progenitores
1473 1548 1645 1581 θοι-1111131110
1662 1550 1818 1573 tenuerunt.
1833 1551 1961 1582 tempore
1973 1546 2118 1574 Guillelmi
2133 1546 2211 1582 regis
2221 1545 2268 1574 Si-

1256 1596 1338 1622 ciliae
1358 1599 1387 1621 et
1404 1595 1549 1622 Frederici
1562 1595 1755 1631 imperatoris,
1769 1595 1852 1630 (tim.
1869 1595 1914 1630 24,
1929 1603 1955 1622 c.
1973 1596 2016 1627 ⁴5,
2034 1595 2054 1622 f.
2070 1595 2107 1630 7.)

1299 1710 1311 1724 «
1330 1699 1430 1727 Nobili
1445 1699 1512 1728 viro
1527 1699 1677 1737 Phylippo
1692 1699 1726 1728 de
1740 1698 1865 1734 Gaudio,
1885 1698 1992 1728 Jacobo
2009 1702 2035 1727 et
2049 1698 2187 1727 Johanni
2200 1697 2270 1734 sra-

1258 1752 1355 1780 tribus
1373 1752 1406 1780 de
1422 1752 1541 1780 Caleno.
1560 1752 1606 1780 Ex
1627 1755 1738 1781 tenore
1759 1755 1868 1781 vestre
1886 1750 2059 1790 petitionis
2081 1749 2269 1788 accepimus

1257 1803 1354 1842 quod,
1379 1812 1454 1833 011111
1478 1804 1706 1841 progenitores
1729 1804 1830 1834 vestri
1856 1804 1913 1833 diu
1938 1807 1968 1833 et
1996 1803 2096 1832 etiam
2122 1806 2268 1840 tempore

1257 1856 1344 1886 clare
1359 1856 1517 1886 memorie
1534 1856 1706 1886 Guillelmi
1718 1856 1807 1893 regis
1824 1855 1948 1895 Sycilie
1960 1863 2074 1886 omnes
2085 1854 2198 1890 silvas,
2210 1862 2270 1892 pa-

1256 1909 1351 1938 ludes
1368 1913 1396 1938 et
1415 1913 1542 1938 montes
1560 1908 1730 1939 districtus
1747 1908 1862 1939 Caline
1881 1912 1911 1938 et
1928 1909 2035 1938 Rocce
2049 1907 2172 1937 Montis
2184 1907 2269 1936 Dra-

1258 1961 1360 1995 conis,
1380 1960 1569 1992 Catinensis
1585 1961 1738 1996 diocesis.
1757 1970 1792 1991 ac
1809 1961 1909 1991 etiam
1925 1959 2198 1990 comestabuliam
2210 1958 2269 1988 mi-

1257 2014 1389 2043 litarem
1416 2014 1451 2042 in
1481 2014 1604 2044 Caleno
1638 2019 1667 2043 et
1698 2015 1805 2044 Rocca
1834 2013 1992 2052 predictis
2022 2012 2209 2043 tenuissent
2238 2015 2270 2042 et.

1258 2066 1393 2104 pacifice
1411 2066 1648 2104 possedissent.
1668 2066 1799 2096 tandem
1821 2065 1987 2105 quondam
2006 2066 2060 2095 Fr.
2076 2065 2267 2103 imperator.v

1257 2119 1394 2149 obtentu
1410 2119 1494 2149 bone
1515 2119 1673 2149 memorie
1696 2120 1732 2149 P.
1755 2119 1793 2149 de
1814 2119 1926 2157 Capua
1949 2118 2056 2148 sancti
2074 2117 2210 2156 Georgii
2228 2116 2270 2147 ad

1257 2171 1377 2202 Velum
1395 2180 1533 2201 aureum
1547 2171 1677 2201 diaconi
1690 2171 1880 2205 cardinalis,
1894 2170 2040 2201 Johanni
2052 2170 2171 2208 Capice
2181 2169 2269 2208 patri

1258 2228 1377 2259 vestro.
1390 2224 1485 2253 fratri
1497 2233 1568 2259 suo,
1579 2224 1672 2263 cujus
1682 2224 1743 2253 lilii
1753 2228 1784 2254 et
1793 2223 1931 2253 heredes
1941 2223 2096 2258 existitis,
2105 2221 2270 2260 premissa

1258 2276 1391 2306 dextera
1406 2276 1537 2306 liberali
1554 2277 1717 2306 concessit
1733 2280 1763 2306 et
1780 2276 2019 2306 nichilominus
2040 2273 2266 2309 confirmavit,

1258 2333 1353 2367 prout
1367 2329 1401 2358 in
1418 2328 1592 2366 privilegio
1607 2329 1711 2367 ipsius
1728 2330 1780 2358 Fr.
1799 2329 1947 2358 confecto
1963 2328 2080 2358 exinde
2097 2336 2133 2357 ac
2147 2335 2207 2357 suo
2223 2326 2270 2356 si-

1258 2381 1337 2419 gillo
1358 2382 1488 2419 signato
1511 2381 1642 2419 plenius
1664 2382 1786 2411 dicitur
1807 2381 1984 2411 contineri.
2005 2380 2091 2417 Quia
2109 2387 2187 2410 vero
2210 2387 2270 2409 vos

1256 2438 1388 2472 propter
1405 2434 1693 2472 supervenientem
1709 2434 1916 2472 postmodum
1933 2433 2095 2463 malitiam
2110 2431 2270 2470 temporis

1253 2486 1329 2525 J'ure
1344 2490 1454 2516 vestro
1470 2495 1569 2524 super
1586 2487 1761 2524 premissis
1778 2486 1898 2516 nedum
1912 2486 1962 2516 uti
1979 2486 2084 2516 libere
2098 2483 2267 2524 potuistis,

1257 2546 1372 2568 verum
1386 2538 1485 2568 ctiam
1504 2543 1594 2568 extra
1610 2538 1719 2569 natale
1736 2538 1842 2569 solum
1863 2538 1978 2568 fuistis
2001 2537 2133 2568 exulare
2151 2535 2268 2572 coacti,

1255 2595 1388 2628 propter
1406 2591 1491 2629 quod
1507 2591 1652 2629 petiistis
1668 2592 1761 2621 vobis
1777 2601 1875 2630 super
1895 2591 1962 2621 hiis
1977 2595 2117 2630 paterna
2130 2589 2271 2620 benivo-

1255 2641 1358 2672 lentia
1372 2643 1555 2678 subveniri,
1574 2653 1633 2673 nos
1647 2644 1766 2674 vestris
1784 2643 2085 2682 supplicationibus
2100 2641 2266 2677 inclinati,

1257 2694 1370 2730 silvas,
1388 2695 1536 2733 paludes,
1551 2701 1680 2726 montes
1696 2701 1727 2727 et
1738 2696 2012 2726 comestabuliam
2023 2695 2167 2729 eosdem,
2181 2693 2270 2724 sicut

1257 2756 1312 2778 eos
1327 2748 1448 2785 prefati
1461 2748 1688 2786 progenitores
1700 2749 1946 2779 rationabiliter
1956 2753 1987 2778 et
1998 2747 2145 2787 paciffice
2157 2754 2269 2784 posse-

1257 2799 1375 2830 derunt
1389 2804 1419 2830 et
1432 2800 1465 2829 in
1477 2801 1652 2840 privilegio
1664 2801 1742 2831 dicti
1756 2803 1808 2832 Fr.
1823 2802 1922 2832 etiam
1932 2801 2121 2831 continetur
2131 2807 2169 2829 ac
2181 2797 2268 2829 sicut

1257 2852 1298 2881 ad
1313 2861 1370 2882 vos
1390 2854 1552 2891 premissa
1575 2854 1614 2884 de
1632 2855 1707 2894 jure
1728 2855 1894 2893 pertinere
1915 2857 2108 2888 noscuntur,
2126 2851 2220 2882 vohis
2235 2854 2268 2882 et-

1256 2903 1436 2935 heredibus
1452 2906 1571 2936 vestris
1587 2906 1622 2936 111
1644 2907 1816 2938 devotione
1831 2907 1926 2938 Sedis
1945 2905 2124 2945 apostolice
2141 2902 2268 2943 persis-

1257 2957 1404 2987 tentibus
1435 2959 1630 2990 auctoritate
1660 2960 1839 2999 apostolica
1865 2959 2077 2990 concedimus
2105 2961 2137 2987 et
2166 2955 2268 2986 etiam
