2498 3325
960 228 1183 265 PREMIERE
1206 229 2211 269 ANNEE.193

113 303 194 340 deby,
215 303 435 332 tincolniensis
455 302 589 331 diocesis.
610 302 680 332 Etsi
700 306 833 340 propter
855 301 1053 331 ambitiones
1074 318 1120 329 —.

112 356 187 384 Dat.
208 354 370 392 Anagnie,
388 355 454 384 XII
470 353 630 384 kalendas
646 353 791 391 augusti,
810 362 896 383 anno
913 353 1027 391 primo.
1049 364 1062 378 ³>

151 459 183 485 In
201 468 226 485 e.
245 467 284 485 m.
301 467 352 494 pro
368 459 506 492 magistro
522 458 640 485 Nicolao
661 458 695 484 de
716 457 865 488 stanford,
885 459 985 484 rectori
1003 458 1124 484 ecclesie

114 507 149 534 de
165 507 264 538 Cluna,
281 507 506 534 Conventrensis
523 511 550 534 et
567 507 795 533 Lichefeldensis
811 507 979 532 diocesium.

187 702 273 730 649

151 762 312 790 Conventui
326 762 420 789 Bellae
435 762 532 794 Vallis,
546 763 841 789 praemonstratensis
850 762 968 792 ordinis,
980 765 1008 787 et
1021 760 1124 788 rectori

114 812 255 838 ecclesiae
270 811 305 838 de
323 811 461 841 Batiam-t,
476 811 630 838 Remensis
644 811 778 842 diocesis,
795 811 843 845 qui
861 811 1026 837 hominibus
1043 810 1124 835 villae

113 861 149 887 de
170 860 300 887 Baricort
319 860 533 894 opponentibus
556 860 682 886 minutas
697 860 842 891 decimas,
860 859 1017 886 oblationes
1034 862 1062 885 et
1078 866 1124 885 res

112 909 183 935 alias
204 909 351 943 percipere
369 917 422 935 non
441 912 583 943 poterant,
605 917 787 943 quorumque
809 909 925 934 materia
945 907 1124 941 quaestionis

109 958 169 992 jam
185 966 199 983 a
219 957 350 983 Mathaeo
367 957 401 983 de
418 957 554 991 Alperino
570 962 598 983 et
615 962 713 991 postea
730 966 744 983 a
760 957 869 983 Jacobo
885 957 919 982 de
936 956 1059 986 Sabello,
1076 964 1124 981 ca-

113 1006 234 1040 pellanis
260 1015 363 1040 papae,
388 1006 519 1039 judicata
543 1006 646 1039 suerat,
670 1006 840 1032 sententiam
866 1004 1005 1030 Willelmi
1033 1005 1066 1030 de
1092 1003 1122 1030 S.

113 1054 246 1086 Martino,
270 1054 463 1080 archidiaconi
487 1054 644 1088 Roffensts,
667 1054 826 1085 confirmat,
851 1054 960 1080 litteras
983 1052 1124 1078 thtelmi

112 1103 233 1138 Neapoli
255 1102 311 1129 xia
332 1103 377 1129 die
394 1102 503 1129 mensis
516 1103 641 1137 januarii
658 1107 780 1129 exeunte
796 1111 871 1129 anno
888 1101 1028 1128 MCCLW
1044 1101 1124 1128 datas

112 1151 278 1178 inserendo.
296 1151 379 1185 (Rtu.
396 1151 441 1181 24,
458 1159 484 1177 c.
502 1151 563 1184 5⁴38,
582 1152 593 1177 f
619 1151 673 1184 76.)

671 701 798 735 Anagni,
814 700 847 727 ‘2²2
861 701 954 734 juillet
977 700 1050 726 1255.

155 1265 167 1278 «
195 1275 227 1287 ..,
254 1253 364 1288 abbati,
390 1257 416 1281 et
438 1253 602 1282 conventui
616 1253 693 1281 Belle
712 1253 818 1287 Vallis,
835 1253 1125 1281 Prcmonstralensz's

112 1306 243 1340 ordinis,
260 1310 285 1334 ee
303 1328 335 1341 ..‚
353 1306 462 1334 rectori·
478 1306 595 1334 ecclesie
611 1305 644 1334 cle
657 1306 806 1339 Baricort,
822 1306 972 1334 Rmnensis
988 1306 1122 1334 diocesis.

113 1358 195 1389 Cum
213 1358 292 1387 olim
310 1358 398 1388 inter
414 1366 470 1387 vos
487 1367 525 1387 ex
547 1362 639 1395 parte
658 1367 725 1387 una
748 1361 778 1387 et
799 1357 1070 1387 communitatem
1087 1366 1124 1387 ac

114 1410 268 1441 homines
285 1410 362 1441 ville
377 1410 415 1439 de
430 1410 942 1446 30110011,301000515111000515,
958 1419 995 1439 ex
1008 1410 1121 1445 altera,

115 1473 214 1501 super
230 1463 369 1493 minutis
386 1463 535 1498 decimis,
554 1463 778 1493 oblationibus
798 1467 827 1493 et
845 1463 943 1493 rebus
961 1463 1036 1492 aliis
1053 1467 1124 1493 orta

112 1516 233 1545 fuisset
250 1515 389 1545 materia
406 1515 602 1553 questionis,
616 1515 748 1545 tandem
763 1515 871 1545 felicis
885 1515 1123 1545 recordationis

113 1569 139 1598 I.
158 1577 242 1606 papa
258 1568 472 1606 predecessor
488 1565 600 1598 nost'er
611 1568 730 1598 dilecto
742 1568 809 1597 tilio
822 1568 979 1605 magistro
992 1568 1124 1598 Matheo

112 1620 151 1649 de
167 1620 337 1658 Alperino,
353 1620 523 1658 capellano
540 1625 663 1655 nostro,
681 1619 873 1659 hujusmodi
890 1629 1022 1650 causam
1035 1629 1124 1650 00111-

112 1673 221 1702 missit
233 1683 238 1708 ;
257 1673 315 1711 qui
326 1673 467 1710 cognitis
485 1682 582 1703 cause
596 1673 725 1703 meritis
739 1682 797 1711 pro
810 1673 902 1702 vobis
915 1677 1027 1702 contra
1039 1682 1123 1703 com-

111 1726 311 1755 munitatem
328 1729 359 1755 et
375 1725 527 1755 homines
550 1725 634 1755 dicte
659 1725 735 1755 ville
759 1734 858 1763 super
879 1725 946 1755 hiis
964 1726 1123 1764 quasdam

111 1777 306 1807 diffinitivas
317 1778 500 1807 sententias
510 1777 743 1815 promulgavit.
754 1778 818 1808 Sed
829 1778 971 1816 quiapro
981 1788 1123 1808 commu-

111 1830 215 1860 nitate
231 1830 304 1868 ipsa
319 1830 487 1860 dumtaxat
505 1830 617 1860 nullus
632 1834 742 1860 antem
754 1830 910 1868 predictis
928 1830 1122 1861 hominibus

111 1883 198 1912 circa
218 1882 279 1913 hec
297 1883 480 1921 comparuit
500 1883 675 1922 injudicio
696 1887 898 1920 procurator,
920 1892 956 1913 ex
977 1892 1040 1922 quo
1059 1883 1122 1913 1111-

105 1935 252 1974 jusmodi
269 1935 433 1965 sententie
450 1935 594 1974 prefatos
612 1935 764 1965 homines
779 1944 844 1965 non
861 1935 1020 1973 ligabant,
1034 1936 1121 1966 idem

107 1988 322 2026 predecessor
338 1988 376 2017 ad
398 1988 595 2018 instantiam
618 1988 842 2026 procuratoris
864 1988 1010 2027 ejusdem
1033 1998 1121 2018 com-

107 2041 283 2071 munitatis
299 2041 456 2071 dilectum
474 2041 579 2071 filium
595 2041 756 2072 Jacobum
773 2041 811 2071 de
829 2041 970 2075 Sabello,
985 2042 1120 2071 subdia-

108 2102 227 2123 conum
243 2097 274 2123 et
288 2093 495 2131 capellanum
508 2098 669 2127 nostrum,
685 2093 773 2123 dedit
789 2103 887 2132 super
898 2094 959 2124 1100
970 2095 1120 2132 partibus

109 2146 530 2184 3111111010οη11111,011(11115
542 2146 711 2176 hincinde
722 2147 910 2185 propositis,
926 2147 1030 2176 dictas
1045 2156 1120 2177 sen-

107 2198 230 2229 tentias
245 2203 359 2228 contra
378 2199 522 2236 prefatos
540 2198 694 2229 homines
711 2199 812 2234 latas,
831 2209 889 2238 pro
906 2209 943 2230 eo
960 2200 1046 2239 quod
1062 2210 1120 2238 pro

108 2251 192 2290 ipsis
212 2251 389 2290 injudicio
410 2256 603 2290 procurator
626 2253 733 2282 extitit
757 2253 814 2291 qui
836 2253 891 2291 jus
914 2253 1062 2291 ipsorum
1085 2253 1120 2282 in

104 2304 269 2343 judicium
279 2303 440 2333 deducere
448 2304 620 2342 potuisset,
633 2305 866 2342 pronunciavit
876 2305 1121 2335 sententialiter

107 2356 217 2386 nullas
234 2365 316 2386 esse.
336 2357 475 2385 Demum
495 2365 570 2386 vero
592 2361 784 2395 procurator
800 2362 926 2393 vester,
946 2358 1119 2388 attendens

106 2408 299 2448 hujusmodi
312 2408 496 2438 sententias
512 2409 619 2447 quoad
631 2410 776 2447 prefatos
785 2410 938 2440 homines
950 2415 1119 2441 revocatas

109 2470 147 2492 ex
163 2470 263 2491 causa
279 2461 442 2499 premissa
462 2465 493 2491 et
508 2465 624 2499 petens
648 2471 685 2492 ex
704 2462 818 2492 eadem
839 2472 940 2493 causa
960 2464 1119 2502 quasdam

109 2513 192 2544 alias
218 2514 402 2544 sententias
428 2518 542 2543 contra
567 2524 623 2544 vos
651 2524 709 2553 pro
735 2516 971 2546 communitate
994 2517 1067 2554 ipsa
1089 2521 1120 2546 et

108 2566 233 2596 eisdem
256 2566 449 2596 hominibus
473 2576 572 2605 super
594 2567 884 2598 benedictionibus
907 2569 1117 2604 nubentium,

107 2622 314 2648 mortuorum
330 2618 523 2656 sepulturis,
539 2619 737 2657 baptismate
750 2620 963 2658 parvulorum
977 2626 1008 2651 et
1019 2621 1119 2651 rebus

108 2670 185 2700 aliis
203 2680 261 2709 per
278 2671 420 2701 eundem
436 2671 633 2709 magistrum
652 2672 821 2702 Matheuin
837 2673 994 2712 prolatas,
1013 2683 1119 2713 quan-

107 2727 178 2753 tum
191 2724 231 2753 ad
247 2723 336 2762 ipsos
352 2723 506 2754 homines
524 2725 684 2760 revocari,
703 2724 860 2755 dilectum
878 2726 983 2756 filium
1000 2727 1119 2765 magis-

107 2779 196 2805 trum
210 2775 420 2806 NVillelmum
439 2777 477 2806 de
496 2776 616 2807 Sancto
635 2777 796 2814 Martino,
817 2778 1026 2816 capellanum
1043 2788 1120 2809 nos—

106 2832 206 2864 trum,
215 2823 491 2859 'archidiaconum
502 2830 693 2865 Roffensen,
709 2831 748 2860 ab
761 2831 875 2861 eodem
885 2832 1119 2870 predecessore

105 2880 179 2911 dari
193 2890 292 2920 super
303 2881 364 2912 hoc
375 2882 440 2912 sibi
451 2882 597 2912 obtinuit
609 2882 811 2919 auditorem3
825 2884 893 2923 qui,
908 2884 1022 2914 habito
1033 2885 1118 2923 peri-

231 2946 454 2972 ALEXANDRE
473 2947 525 2978 lv,
543 2950 563 2972 t.
582 2947 602 2972 1.

1206 304 1315 330 torum
1343 302 1492 337 consilio,
1516 303 1595 340 quia
1617 302 1650 331 in
1676 307 1792 332 neutro
1812 302 2014 341 judiciorum
2034 313 2091 341 pro
2115 304 2211 334 dictis

1206 351 1399 383 hominibus
1427 354 1548 392 aliquis
1574 355 1755 392 comparuit
1783 359 1989 392 procurator,
2022 355 2213 394 hujusmodi

1207 405 1390 434 sententias
1412 405 1496 435 latas
1518 415 1575 443 pro
1598 407 1681 444 ipsis
1709 406 1852 436 decrevit
1875 407 2118 437 sententialiter
2142 409 2212 437 1010

1207 455 1327 491 nullas,
1349 458 1467 487 ceteris
1484 458 1648 487 contentis
1665 459 1698 486 in
1715 458 1838 488 eisdem
1852 459 2027 489 sententiis
2042 460 2075 489 in
2091 469 2212 489 511010-

1206 507 1283 537 bore
1307 508 1487 543 duraturis,
1512 514 1607 547 prout
1628 511 1663 539 in
1688 510 1809 539 litteris
1830 510 1905 540 inde
1929 512 2087 541 confectis
2109 517 2136 541 01
2164 513 2213 550 111-

1207 560 1277 589 51115
1304 561 1530 590 archidiaconi
1559 562 1669 599 sigillo
1699 562 1838 591 munitis
1862 563 1992 600 plenius
2013 565 2212 594 continetur.

1206 612 1274 641 Nos
1298 612 1410 651 itaque
1429 613 1548 643 vestris
1565 614 1721 651 precibus
1743 614 1907 646 inclinati,
1928 616 2013 653 quod
2032 625 2130 653 snper
2148 617 2214 646 hiis

1207 663 1247 693 ab
1264 664 1377 693 eodem
1394 664 1627 695 archidiacono
1650 666 1784 703 provide
1802 666 1924 695 factum
1945 672 2004 702 051,
2027 672 2133 697 1011101
2155 668 2214 697 110,-

1206 715 1322 746 bentes
1347 720 1378 746 et
1398 721 1544 754 gratum,
1570 717 1653 746 illud
1677 718 1871 747 anctoritate
1896 719 2073 756 apostolica
2096 723 2215 749 contir-

1206 776 1335 797 mamus
1361 772 1391 797 et
1415 769 1580 806 presentis
1608 770 1722 807 scripti
1750 770 1931 807 patrocinio
1957 772 2211 801 communimus.

1206 819 1368 849 Tenorem
1396 820 1584 850 litterarum
1601 821 1748 859 ipsarum
1766 822 1804 851 de
1822 822 1919 851 verbo
1936 823 1975 851 ad
1992 823 2126 851 verbnm
2143 834 2216 861 pre-

1206 872 1357 902 sentibus
1375 873 1480 902 inseri
1495 873 1667 908 facientes,
1686 874 1743 912 qui
1760 874 1835 903 talis
1853 878 1900 903 cst
1917 884 1922 902 :

1755 972 1873 1006 Naplcs,
1889 973 1918 998 ζ21
1936 973 2049 1006 janvier
2068 974 2144 1000 teob.

1249 1052 1261 1066 «
1283 1041 1320 1069 In
1338 1040 1398 1070 Dei
1413 1041 1546 1070 nomine
1558 1041 1703 1070 Domini.
1721 1050 1828 1070 amen.
1842 1041 2032 1071 XVillclmns
2045 1043 2082 1072 de
2097 1043 2217 1073 Sancto

1209 1104 1221 1118 >³
1248 1092 1410 1127 Mai-tino,
1448 1093 1574 1122 domini
1606 1103 1687 1131 pape
1721 1093 1931 1131 capellanus,
1963 1095 2216 1125 archidiaconus

1208 1157 1221 1171 »
1247 1145 1415 1175 Roffensis
1433 1155 1469 1175 ac
1484 1146 1593 1176 felicis
1616 1147 1854 1176 ret-‹sudationis
1877 1147 2009 1177 domino
2029 1149 2053 1177 Ι.
2072 1158 2152 1186 papa
2174 1150 2217 1179 IV

1208 1210 1221 1224 1>
1246 1206 1423 1228 concessus
1447 1199 1577 1228 auditor
1600 1199 1750 1236 partibus
1771 1199 2014 1237 infrascriptis,
2040 1201 2079 1230 ad
2103 1211 2218 1239 perpe-

1208 1262 1221 1276 »
1247 1255 1337 1280 tuam
1364 1251 1413 1280 rei
1440 1251 1645 1280 memoriam.
1671 1252 1749 1281 0110
1776 1252 1898 1281 dudum
1925 1262 2033 1282 coram
2059 1255 2217 1291 magistro

1209 1315 1221 1330 »
1247 1303 1379 1333 Matheo
1405 1304 1443 1333 de
1464 1304 1637 1342 Alperino,
1665 1305 1790 1334 domini
1818 1314 1898 1343 pape
1925 1306 2092 1343 capellano
2119 1312 2149 1336 et
2177 1308 2217 1336 ab

1209 1369 1221 1383 »
1246 1357 1318 1395 ipso
1341 1357 1473 1387 domino
1491 1358 1641 1395 partibus
1661 1358 1809 1387 auditore
1827 1367 1982 1388 concesso
2003 1359 2090 1388 inter
2109 1383 2140 1393 ..,
2160 1360 2217 1389 aln-

1209 1421 1221 1436 »
1246 1409 1355 1439 batem
1379 1414 1409 1439 et
1434 1414 1631 1439 conventum
1662 1410 1870 1444 Bcllevallis,
1899 1412 2217 1441 Premonstratcusis

1209 1474 1221 1488 ›>
1247 1462 1392 1498 ordinis,
1416 1463 1592 1492 Remensis
1609 1463 1768 1497 diocesis,
1787 1468 1817 1492 ct
1836 1467 1996 1493 rectorem
2019 1464 2156 1494 ecclesie
2178 1465 2216 1494 de

1208 1527 1221 1541 »
1247 1515 1398 1544 Baricort
1416 1524 1452 1544 ex
1474 1519 1565 1553 parte
1581 1524 1658 1549 una,
1678 1524 1714 1544 00
1731 1516 2001 1546 communitatem
2016 1521 2047 1546 et
2064 1516 2217 1547 homines

1208 1579 1221 1594 »
1246 1567 1323 1597 ville
1349 1567 1387 1597 de
1414 1568 1564 1597 Baricort
1587 1577 1623 1597 ex
1646 1568 1760 1602 altera,
1785 1577 1884 1606 super
1900 1569 2038 1598 minutis
2058 1569 2215 1605 decimis,

1207 1632 1220 1646 n
1246 1620 1471 1650 oblationibus
1496 1624 1526 1650 et
1547 1620 1647 1650 rebus
1671 1620 1746 1650 aliis
1770 1621 1910 1650 materia
1931 1622 2136 1659 questionis,
2162 1622 2218 1651 dc-

1207 1684 1220 1699 »
1246 1682 1336 1701 mum
1348 1672 1435 1702 idem
1452 1673 1610 1710 magister
1622 1673 1678 1709 M.,
1698 1673 1839 1710 cognitis
1854 1682 1951 1703 cause
1966 1674 2094 1703 meritis
2112 1678 2142 1703 et
2160 1684 2218 1712 pro

1206 1736 1220 1751 11
1246 1724 1363 1754 abbate
1385 1729 1416 1754 et
1437 1728 1602 1754 conventu
1625 1734 1661 1755 ac
1678 1730 1805 1755 rectore
1821 1725 1978 1763 predictis
1998 1730 2111 1755 contra
2130 1735 2218 1755 coin-

1206 1789 1220 1804 »
1246 1777 1443 1807 munitatem
1467 1781 1498 1807 et
1523 1777 1677 1807 homines
1704 1778 1850 1816 predicte
1877 1778 1954 1807 ville
1978 1787 2076 1816 super
2101 1778 2219 1817 hujus-

1207 1841 1219 1855 »
1245 1829 1333 1859 modi
1357 1829 1510 1865 decimis,
1535 1829 1760 1859 oblationibus
1785 1834 1815 1860 et
1833 1831 1932 1860 rebus
1956 1830 2031 1860 aliis
2053 1840 2160 1861 coram
2181 1840 2218 1861 eo

1206 1894 1219 1908 1)
1243 1882 1358 1920 petitis
1383 1882 1612 1920 persolvendis
1639 1882 1750 1912 abbati
1777 1887 1808 1912 et
1833 1884 2011 1913 conventui
2036 1892 2073 1913 ac
2100 1885 2219 1914 rectori

1206 1947 1218 1961 n
1244 1935 1414 1973 predictis,
1434 1935 1594 1973 quasdam
1610 1935 1805 1965 diffinitivas
1828 1937 2011 1966 sententias
2029 1937 2219 1975 promulga-

1206 2000 1218 2014 »
1244 1989 1309 2023 vit,
1338 1989 1424 2018 sicut
1446 1989 1482 2017 in
1506 1988 1627 2018 litteris
1652 1989 1759 2027 ipsius
1784 1989 1937 2027 magistri
1962 1990 2005 2019 M.
2032 1999 2130 2028 super
2158 1990 2218 2019 hoc

1204 2052 1218 2068 »
1244 2041 1404 2071 confectis
1434 2041 1556 2071 dicitur
1581 2041 1713 2079 plenius
1742 2042 1915 2071 contineri.
1953 2042 2107 2072 Ceterum
2140 2043 2219 2081 111110

1205 2106 1217 2120 1)
1243 2103 1301 2132 pro
1324 2094 1518 2124 hominibus
1541 2094 1733 2124 memoratis
1760 2094 1871 2124 nullus
1895 2095 2075 2133 comparuit
2100 2104 2219 2133 procu-

1205 2158 1217 2172 »
1242 2151 1331 2176 rator
1351 2147 1385 2175 in
1406 2146 1533 2185 judicio
1556 2156 1593 2176 ex
1615 2151 1717 2184 parte,
1736 2151 1928 2185 procurator
1945 2147 2013 2186 jam
2028 2147 2112 2177 dicte
2134 2157 2218 2177 coin-

1204 2211 1216 2225 »
1243 2199 1417 2229 munitatis
1430 2199 1554 2237 petitus
1571 2199 1634 2228 fuit
1651 2208 1750 2237 super
1766 2199 1826 2229 hoc
1844 2204 1874 2229 et
1890 2208 2067 2229 concessus
2087 2200 2218 2229 auditor

1204 2263 1216 2277 »
1243 2260 1260 2280 a
1277 2251 1409 2281 domino
1426 2260 1509 2289 papa
1524 2251 1671 2289 predicto
1688 2251 1842 2281 dominus
1860 2252 2004 2282 ι10001105
2019 2252 2057 2281 de
2071 2252 2213 2287 Sabello,

1204 2316 1217 2330 »
1243 2304 1369 2333 domini
1392 2313 1473 2342 pape
1500 2303 1723 2333 subdiaconus
1743 2309 1773 2334 et
1796 2304 2004 2342 capellanus;
2025 2313 2134 2334 coram
2153 2314 2218 2343 quo

1204 2369 1216 2383 »
1243 2361 1357 2386 contra
1386 2357 1530 2394 prefatas
1559 2357 1743 2386 sententias
1768 2356 1863 2394 plura
1888 2366 1946 2395 per
1970 2362 2217 2395 procuratorem

1204 2421 1216 2435 ›1
1243 2410 1492 2439 communitatis
1515 2410 1608 2439 111010
1624 2410 1803 2448 11101105110,
1822 2409 1899 2439 dum
1921 2410 2053 2439 easdem
2072 2419 2147 2447 pars
2169 2410 2217 2439 al-

1204 2474 1216 2488 »
1244 2467 1312 2491 tera
1342 2462 1528 2491 rationibus
1556 2462 1626 2491 suis
1659 2462 1835 2492 defendere
1866 2462 2038 2492 niteret-ur.
2071 2462 2217 2492 Tandem

1204 2526 1216 2541 >1
1242 2524 1319 2544 vcro
1342 2515 1429 2544 idem
1451 2514 1604 2543 dominus
1621 2514 1776 2549 Jacobus,
1796 2514 1864 2544 hiis
1881 2515 1938 2553 qui
1954 2515 2090 2544 fuerunt
2108 2523 2217 2543 coram

1204 2579 1217 2593 n
1243 2576 1280 2597 00
1298 2566 1464 2605 proposita
1486 2566 1628 2596 fideliter
1649 2567 1781 2596 domino
1800 2576 1881 2605 pape
1898 2567 2012 2597 relatis
2030 2571 2060 2597 et
2083 2567 2122 2596 ab
2145 2567 2217 2605 ipso

1204 2631 1216 2646 n
1243 2620 1374 2649 domino
1394 2620 1434 2649 ad
1455 2620 1742 2657 pronunciandum
1763 2620 1944 2657 superbiis
1963 2620 2097 2650 obtenta
2113 2620 2216 2649 licen-

1204 2685 1216 2699 »
1243 2673 1299 2707 tia,
1324 2672 1475 2710 partibus
1492 2672 1526 2701 in
1545 2682 1605 2702 sua
1621 2673 1790 2710 presentia
1806 2672 2014 2707 constitutis,
2034 2672 2216 2701 sentcntia-

1204 2737 1217 2751 »
1242 2724 1318 2754 liter
1334 2724 1555 2762 promulgavit
1574 2725 1608 2753 in
1626 2734 1663 2754 eo
1682 2725 1851 2754 dumtaxat.
1866 2729 2064 2754 memoratas
2082 2728 2216 2753 sentcn-

1204 2790 1217 2804 »
1243 2778 1305 2807 tias
1331 2778 1400 2807 sore
1428 2777 1537 2807 nullas
1565 2786 1627 2815 (1110
1658 2777 1722 2807 1010
1752 2778 1889 2807 1110111111
1920 2781 2034 2806 contra
2062 2776 2215 2805 homines

1204 2843 1217 2857 n
1242 2831 1328 2860 dicte
1356 2830 1447 2865 ville,
1474 2839 1532 2868 pro
1558 2839 1595 2860 eo
1619 2830 1705 2868 quod
1729 2839 1788 2859 nec
1811 2830 1875 2868 ipsi
1891 2839 1949 2867 per
1968 2839 2001 2859 se
2024 2838 2216 2866 comparue-

1204 2896 1217 2911 »
1244 2887 1321 2913 runt
1340 2892 1400 2913 nec
1422 2887 1614 2921 procurator
1630 2892 1687 2921 pro
1705 2882 1752 2912 eis
1772 2882 1947 2921 injudicio
1964 2881 2071 2911 extitit
2090 2881 2145 2919 11111
2160 2881 2217 2919 jus

2060 2947 2090 2970 ⁴25
