2498 3325
196 253 252 282 ‘206
921 250 1161 282 REGISTRES
1182 249 1490 280 D‘ALEXANDRE
1513 251 1570 280 IV.

196 317 362 352 nuntium,
382 317 439 356 qui
460 318 490 347 ei
513 326 612 356 super
627 318 694 348 hiis
710 318 905 349 monitionis
922 316 1040 347 detulit
1062 316 1203 351 litteras,

196 370 362 401 exoculari
379 375 409 400 et
426 380 523 401 aures
544 372 708 410 amputari
724 372 803 402 fecit
822 371 940 406 eidem,
965 380 1002 400 ac
1022 378 1126 399 unum
1142 369 1205 399 mi-

196 423 404 454 nisterialem
419 424 525 462 ipsius
542 424 692 460 ecclesie,
714 424 816 455 nullis
832 424 903 455 suis
921 423 1028 462 culpis
1047 423 1206 461 exigenti-

196 476 268 511 bus,
287 480 391 506 morte
407 477 600 515 turpissima
617 477 862 516 condempnari.
882 476 978 507 Unde
992 475 1072 506 dicti
1088 483 1206 505 execu-

196 532 283 558 tores
304 529 338 557 in
361 528 564 566 sepedictum
581 530 630 564 L.,
648 529 727 568 quia
750 529 915 559 mandatis
929 528 1054 558 eisdem
1072 526 1206 557 obedire

196 581 436 611 contumaciter
451 582 572 616 renuit,
588 586 619 612 et
635 582 669 611 in
686 582 884 612 adherentes
900 581 1007 611 eidem
1022 581 1055 610 in
1072 580 1134 610 hoc
1152 588 1207 610 ca-

198 633 316 663 nonica
330 633 512 664 monitione
528 635 691 672 premissa
707 633 1060 664 excommunicationis
1077 636 1206 663 senten-

197 686 275 716 tiam
293 686 444 724 exigente
458 687 590 726 justitia
604 687 868 726 promulgarunt,
884 696 920 717 30
934 687 1042 716 dictus
1058 686 1207 724 preposi-

197 743 249 768 tus
267 739 301 768 in
318 739 517 769 Germerode
534 740 658 777 gratias
677 744 708 769 et
724 740 887 770 beneficia
903 748 1061 770 revocans
1079 738 1204 773 eadem,

197 792 305 830 ipsum
342 793 375 821 L.
407 796 575 830 tamquam
609 793 778 831 ingratum
812 792 880 823 illis
917 792 1083 831 privatum
1114 791 1208 830 juxta

197 845 335 874 formam
345 844 409 874 sibi
417 844 571 874 traditam
582 845 759 880 nuntiavit,
769 845 804 875 in
814 845 1072 875 contradictores
1082 852 1207 874 excom-

198 897 434 926 municationis
450 897 617 927 sententia
633 898 859 937 promulgata;
877 902 911 927 tu
931 898 1031 927 011301
1053 897 1089 926 10
1106 896 1207 926 abba-

199 954 257 983 tes,
278 949 415 987 priores,
436 949 590 987 prelatos,
610 950 787 981 canonicos
810 955 841 980 et
859 950 997 980 clericos
1014 949 1208 980 IIalbersta-

198 1003 351 1032 densium
373 1003 518 1033 civitatis
543 1008 574 1033 et
595 1004 755 1039 diocesis,
787 1013 914 1034 necnon
936 1008 968 1034 et
988 1003 1148 1033 vassallos
1172 1012 1208 1033 ac

198 1055 436 1086 ministeriales
453 1056 559 1094 ipsius
576 1056 714 1087 ecclesie
731 1057 1036 1092 Halberstadensis,
1052 1056 1131 1095 quia
1146 1056 1207 1085 tibi

199 1117 263 1137 non
280 1108 497 1138 intendebant
515 1113 563 1138 set
579 1109 689 1147 potius
709 1113 823 1139 contra
841 1113 870 1139 te
887 1109 1043 1138 favebant
1066 1108 1208 1138 Ludulfo

199 1161 355 1199 predicto,
373 1161 533 1191 canonica
549 1161 731 1191 monitione
749 1162 911 1200 premissa
928 1166 993 1192 tam
1011 1161 1118 1199 ipsius
1135 1169 1209 1199 pre-

199 1214 382 1244 decessoris
396 1214 590 1243 auctoritate
607 1223 705 1252 quam
722 1215 865 1253 propria,
883 1214 1011 1244 similes
1024 1215 1209 1244 sententias

198 1266 376 1304 protulisti.
396 1266 481 1302 Quia
497 1275 573 1296 vero
592 1267 671 1296 dicti
688 1266 824 1297 abbates
841 1272 872 1296 et
888 1266 946 1296 alii
963 1276 981 1295 a
1001 1275 1061 1296 sua
1077 1270 1209 1304 propter

199 1318 259 1348 hoc
286 1319 470 1357 pertinacia
492 1319 629 1349 minime
655 1319 873 1358 resipiscunt,
906 1323 942 1349 ut
962 1328 1047 1357 pena
1072 1319 1209 1349 docente

199 1376 409 1409 cognoscant,
433 1377 531 1410 quam
552 1372 767 1402 temerarium
784 1372 827 1402 sit.
848 1372 967 1411 prelati
989 1381 1052 1402 non
1074 1372 1208 1402 obedire

199 1425 375 1459 mandatis,
394 1433 448 1454 eos
470 1425 497 1453 si
515 1435 531 1454 a
550 1429 579 1455 te
596 1425 714 1455 moniti
737 1425 915 1463 diligenter
936 1425 997 1454 tibi
1021 1429 1057 1454 ut
1073 1425 1159 1463 patri
1179 1429 1210 1454 et

198 1477 323 1515 pastori
339 1477 526 1506 animarum
550 1486 685 1507 suarum
706 1486 771 1507 non
793 1477 979 1507 obedierint
999 1486 1035 1507 30
1056 1477 1209 1507 intende-

199 1530 266 1558 rint
280 1534 311 1559 et
326 1529 515 1559 destiterint
530 1538 665 1567 prorsus
680 1538 698 1559 a
710 1530 913 1568 prestatione
930 1530 1054 1559 favoris
1066 1529 1209 1559 Ludulfo

195 1583 364 1622 jamdicto,
386 1583 539 1620 privandi
557 1583 627 1612 suis
648 1582 885 1620 dignitatibus,
912 1582 1104 1620 prelaturis,
1134 1592 1209 1621 pre-

198 1636 317 1666 bendis
341 1640 372 1665 et
401 1635 584 1670 beneficiis,
607 1645 671 1674 que
701 1636 734 1665 in
767 1636 970 1665 monasterio
1001 1640 1031 1665 et
1057 1635 1208 1666 ecclesiis

201 1689 379 1718 earundem
389 1689 534 1718 civitatis
545 1693 576 1719 et
588 1689 729 1718 diocesis
739 1688 926 1726 obtine[n]t,
938 1698 1066 1718 necnon
1079 1693 1109 1718 et
1121 1697 1210 1718 com-

199 1741 355 1780 pescendi
375 1742 633 1771 contradictores
656 1750 714 1779 per
733 1750 909 1771 censuram
936 1741 1207 1777 ecclesiasticam,

200 1794 420 1832 appellatione
436 1799 572 1829 remota,
591 1794 650 1824 tibi
667 1794 862 1824 auctoritate
877 1794 1081 1832 presentium
1098 1803 1210 1824 conce-

200 1847 310 1877 dimus
321 1847 524 1882 sacultatem,
535 1856 692 1877 concessa
704 1847 944 1876 nichilominus
956 1851 1116 1884 potestate
1128 1846 1208 1882 illis,

201 1901 240 1930 ad
257 1909 338 1939 quos
354 1899 545 1938 hujusmodi
562 1899 778 1937 dignitatum,
796 1899 1051 1937 prelaturarum,
1069 1899 1211 1937 preben-

200 1954 316 1982 darum
333 1957 363 1982 et
379 1952 615 1982 beneficiorum
633 1952 765 1982 collatio
781 1952 935 1990 pertinet,
959 1962 995 1981 ea
1013 1957 1082 1990 post
1100 1952 1211 1990 priva-

200 2006 323 2036 tionem
341 2005 531 2044 hujusmodi
549 2009 716 2044 tamquam
739 2005 892 2034 vacantia
912 2005 1064 2043 personis
1081 2004 1210 2034 idoneis

201 2059 403 2089 conserendi.
418 2059 492 2088 Non
509 2058 660 2087 obstante
674 2058 702 2087 si
719 2057 889 2096 aliquibus
903 2066 920 2087 a
934 2057 1016 2087 Sede
1030 2057 1210 2095 apostolica

201 2117 249 2141 est
267 2111 432 2140 indultum
449 2110 535 2149 quod
556 2110 709 2140 interdici
725 2121 783 2145 —3
810 2109 912 2139 nullis
934 2109 1056 2139 litteris
1078 2110 1210 2139 veritati

200 2169 231 2195 et
243 2165 374 2203 justitie
391 2163 677 2203 prejudicantibus
696 2172 715 2192 a
730 2163 813 2193 Sede
828 2162 1007 2201 apostolica
1024 2163 1210 2201 impetratis

200 2222 228 2248 et
247 2218 347 2247 etiam
363 2217 593 2255 impetrandis.
610 2217 684 2246 Dat.
699 2216 863 2254 Anagnie,
880 2217 911 2246 ΙΙ
928 2216 1002 2246 idus
1015 2215 1104 2255 julii,
1123 2225 1210 2245 anno

199 2270 317 2308 primo.
338 2283 350 2295 η

272 2428 358 2456 (ἰῖξ)

238 2490 389 2517 Universis
406 2490 520 2516 clericis
536 2489 788 2515 Halberstadensis
804 2489 930 2515 diocesis
947 2488 1060 2515 mandat
1075 2489 1211 2523 quatinus

201 2538 335 2565 obediant
351 2537 502 2565 Wolrado.
524 2538 606 2569 (Heu.
622 2537 672 2570 24,
687 2545 711 2568 c,
731 2537 803 2571 550²,
821 2537 839 2563 s.
856 2537 909 2568 81.)

756 2427 881 2460 Anagni.
902 2427 930 2452 14
945 2426 1041 2460 juillet
1060 2426 1137 2453 1‘255.

243 2653 255 2666 «
276 2663 309 2674 ..,
327 2640 449 2673 decano,
465 2644 490 2667 et
506 2639 641 2676 capitulo
656 2638 965 2674 Halber-stadensibus,
984 2646 1102 2667 necnon
1119 2639 1212 2667 abba-

201 2693 290 2728 tibus,
307 2692 475 2730 prioribus,
491 2692 629 2729 prelatis,
645 2692 803 2720 canonicis
819 2696 844 2719 et
860 2692 978 2720 clericis
995 2691 1151 2720 universis
1166 2691 1211 2720 ci-

199 2746 306 2775 vitatis
328 2750 354 2774 et
375 2745 500 2774 diocesis
521 2744 832 2773 Halberstadensium.
858 2743 1007 2773 Dilectus
1027 2743 1117 2772 filius
1136 2742 1212 2773 Vol—

199 2798 311 2833 radus,
349 2797 474 2827 electus
506 2796 811 2831 Halberstadensis,
842 2805 902 2826 sua
929 2796 1025 2825 nobis
1051 2795 1212 2834 petitione

200 2850 408 2886 monstravit,
425 2849 513 2888 quod
529 2857 604 2879 cum
623 2849 747 2878 dudum
764 2849 799 2878 in
815 2848 1091 2879 Halberstadensi
1107 2848 1212 2878 eccle-

201 2904 251 2934 sia
267 2903 329 2933 due
352 2902 497 2932 fuissent
519 2901 709 2937 electiones,
729 2901 883 2931 videlicet
899 2901 938 2931 de
957 2901 1030 2939 ipso
1047 2905 1125 2930 tune
1140 2909 1212 2931 seo-

1287 314 1404 345 1351100
1418 319 1448 345 01
1465 315 1503 346 (10
1515 315 1658 346 Ludulso
1669 316 1708 346 de
1719 316 1840 347 Sladen
1854 315 2014 346 canonico
2029 315 2135 354 ipsius
2146 315 2298 351 ecclesie,

1288 367 1468 403 celebrate,
1487 368 1565 407 quia
1587 368 1696 398 felicis
1717 368 1956 398 recordationis
1976 368 2002 398 I.
2022 377 2105 407 papa
2125 368 2300 406 predeces-

1289 429 1342 450 sor
1361 424 1484 456 noster,
1502 420 1772 459 procuratoribus
1787 421 1931 459 partium
1950 425 2082 459 propter
2096 420 2158 451 hoc
2173 421 2207 450 in
2226 421 2299 461 'ejus

1287 473 1457 511 presentia
1484 474 1674 504 constitutis
1702 477 1733 504 et
1757 473 1880 503 auditis
1908 482 1971 512 que
1998 474 2092 504 fuere
2116 473 2196 504 hinc
2222 473 2301 504 inde

1289 526 1456 564 proposita
1481 535 1591 556 coram
1616 526 1706 565 ipso,
1735 526 1864 556 invenit
1888 525 2083 557 electionem
2109 526 2148 557 de
2172 526 2301 565 prefato

1290 579 1325 607 L.
1343 578 1400 616 qui
1415 578 1624 616 postmodum
1641 587 1659 608 a
1675 578 1858 608 venerabili
1874 578 1969 608 fratri
1989 582 2101 609 nostro
2118 601 2151 613 ..‚
2169 578 2301 609 archie-

1290 631 1423 669 piscopo
1440 631 1706 669 Maguntinensi‚
1729 631 1792 661 loci
1814 630 2077 670 metropolitano,
2095 639 2217 661 munus
2234 630 2300 661 sibi
2350 659 2358 668 ,

1290 683 1553 713 confirmationis
1583 687 1615 713 et
1639 683 1901 714 consecrationis
1927 683 2075 721 impendi
2097 683 2298 719 obtinuerat,

1289 741 1400 774 utpote
1418 736 1524 767 adhuc
1542 745 1606 766 non
1624 741 1759 766 vacante
1781 736 1868 766 dicta
1884 736 2024 766 ecclesia
2042 736 2112 766 sore
2127 744 2301 774 presump-

1291 793 1367 823 tam,
1386 789 1430 819 M.
1448 789 1615 828 quondam
1628 789 1780 827 episcopo
1798 788 2072 819 Halberstadensi
2085 788 2231 818 nondum
2247 787 2302 818 ob-

1291 842 1416 871 tinente
1446 841 1583 872 cedendi
1613 841 1801 877 licentiam,
1827 841 1905 871 licet
1937 850 2009 871 eam
2038 849 2113 871 cum
2139 840 2304 870 instantia

1291 894 1491 933 postulasset
1507 904 1525 924 a
1541 894 1660 924 dilecto
1678 894 1747 924 filio
1764 898 1876 924 nostro
1892 894 1933 924 H.
1947 893 2035 923 tituli
2053 897 2165 924 sancte
2179 892 2302 924 Sabine

1291 947 1475 986 presbitero
1487 947 1660 983 cardinali,
1680 952 1758 977 tune
1774 947 1807 977 in
1822 946 1972 985 partibus
1985 946 2160 977 Alamanie
2172 950 2304 985 aposto-

1291 999 1353 1029 lice
1377 1000 1472 1030 Sedis
1496 999 1621 1037 legato,
1646 1004 1720 1038 post
1742 999 1930 1037 generalem
1947 999 2046 1029 etiam
2066 998 2303 1029 inhibitionem

1293 1053 1332 1082 311
1354 1053 1426 1091 ipso
1443 1052 1551 1090 legato
1568 1053 1736 1087 emissam,
1756 1057 1792 1082 ut
1808 1052 1900 1082 nulla
1920 1051 2037 1082 electio
2050 1052 2085 1081 in
2102 1060 2205 1090 regno
2224 1051 2305 1081 Ala·
2342 1075 2353 1082 ,

1293 1107 1403 1136 manle
1430 1106 1523 1136 fieret
1549 1107 1620 1145 ejus
1648 1106 1842 1145 irrequisito
1869 1114 2026 1141 assensu,
2055 1114 2155 1144 super
2180 1104 2303 1144 quibus

1292 1159 1399 1189 dictus
1416 1159 1596 1189 cardinalis
1610 1159 1650 1189 ab
1667 1159 1780 1190 eodem
1795 1159 2027 1198 predecessore
2047 1158 2190 1197 speciale
2207 1166 2304 1188 man-

1293 1212 1405 1241 datum
1421 1211 1575 1246 habebat,
1594 1212 1804 1242 denuntiavit
1820 1211 2015 1241 electionem
2033 1210 2224 1250 hujusmodi
2243 1219 2301 1249 pe·
2350 1222 2353 1225 ·

1294 1264 1384 1294 nitus
1406 1264 1535 1293 irritam
1560 1268 1591 1293 et
1616 1263 1812 1294 electionem
1833 1263 2040 1302 postmodum
2065 1263 2104 1293 de
2127 1262 2199 1301 ipso
2224 1262 2305 1293 Vol-

1291 1316 1370 1346 rado
1393 1315 1592 1346 celebratam
1614 1316 1771 1346 canonice
1794 1316 1832 1346 de
1855 1316 1995 1345 fratrum
2013 1323 2149 1345 suorum
2164 1314 2306 1345 consilio

1293 1369 1512 1399 confirmavit.
1540 1370 1665 1399 Verum
1689 1373 1750 1399 etc.
1776 1377 1883 1408 usque
1910 1379 1916 1397 :
1942 1368 2169 1406 promulgata,
2193 1367 2305 1398 verbis

1292 1425 1516 1460 competenter
1536 1421 1685 1451 mutatis.
1706 1422 1808 1451 Porro
1830 1421 1918 1451 idem
1940 1421 1990 1456 L.,
2012 1419 2204 1459 hujusmodi
2227 1428 2305 1450 sen-

1292 1474 1413 1504 tentias
1445 1473 1703 1512 dampnabiliter
1732 1473 1942 1512 vilipendens
1977 1477 2008 1503 et
2036 1472 2306 1503 maledictionem

1292 1527 1410 1557 bibens
1433 1531 1469 1556 ut
1487 1535 1624 1565 aquam,
1648 1527 1773 1556 divinis
1796 1526 1913 1556 officiis
1936 1530 2058 1556 temere
2081 1534 2116 1556 se
2140 1525 2307 1555 immiscet

1292 1579 1327 1608 in
1344 1579 1454 1609 anime
1471 1588 1529 1609 sue
1551 1579 1756 1617 periculum,
1778 1579 1884 1618 ipsius
1911 1578 2007 1608 electi
2030 1577 2251 1617 prejudicium
2274 1581 2307 1608 et

1293 1631 1518 1662 ecclesiastice
1541 1631 1716 1670 discipline
1738 1635 1973 1670 contemptum.
1993 1631 2155 1668 Quocirca
2169 1631 2307 1661 univer-

1294 1684 1385 1713 sitati
1401 1688 1509 1714 vestre
1526 1693 1584 1722 per
1597 1684 1777 1722 apostolica
1791 1684 1914 1722 scripta
1929 1684 1964 1713 in
1980 1684 2102 1714 virtute
2118 1683 2307 1714 obedientie

1295 1737 1444 1766 districte
1464 1737 1676 1775 precipiendo
1698 1737 1894 1766 mandamus
1920 1740 2084 1775 quatenus
2102 1736 2253 1767 universi
2275 1739 2308 1766 et

1294 1789 1419 1827 singuli
1440 1789 1547 1819 eidem
1566 1789 1668 1823 010010
1685 1793 1854 1828 tamquam
1870 1789 1958 1827 patri
1980 1793 2011 1819 et
2027 1789 2153 1827 pastori
2176 1788 2306 1818 anima-

1293 1851 1367 1871 rum
1383 1846 1568 1871 vestrarum
1590 1842 1802 1872 intendentes
1823 1846 1854 1871 et
1878 1842 2070 1872 obedientes
2086 1841 2260 1872 humiliter
2275 1845 2308 1871 et

1294 1895 1419 1930 devote,
1443 1895 1509 1924 sibi
1534 1899 1648 1925 contra
1675 1895 1754 1924 dicti
1779 1896 1812 1925 L.
1843 1895 2043 1933 proterviam
2067 1895 2222 1933 prestetis
2249 1903 2308 1933 per

1295 1957 1351 1977 vos
1368 1956 1403 1977 ae
1421 1952 1547 1977 vestros
1559 1947 1750 1983 consilium,
1764 1947 1926 1977 auxilium
1939 1952 1970 1977 et
1986 1948 2144 1977 savorem.
2158 1947 2205 1977 ita
2220 1946 2308 1986 quod

1294 2000 1482 2030 obedientie
1506 2000 1568 2029 filii
1596 2000 1856 2038 comprobemini
1879 2004 1910 2030 et
1935 2000 1974 2030 de
2000 1999 2095 2029 filiali
2121 1999 2308 2030 devotionis

1295 2054 1414 2083 all'ectu
1430 2053 1495 2091 ipsi
1514 2052 1616 2083 electo
1636 2062 1654 2082 a
1670 2053 1763 2082 vobis
1784 2052 1931 2082 exhibito
1953 2052 2090 2090 possitis
2107 2061 2172 2082 non
2188 2052 2308 2082 imme-

1294 2106 1358 2135 rito
1382 2105 1618 2135 commendari.
1647 2106 1716 2136 Nos
1741 2105 1830 2135 enim
1855 2105 2008 2144 privandi
2030 2105 2176 2144 precepti
2201 2104 2308 2135 nostri

1295 2168 1394 2197 super
1413 2158 1475 2188 1100
1497 2163 1740 2197 contemptores
1761 2158 1999 2197 dignitatibus,
2017 2158 2214 2196 prelaturis‚
2231 2166 2308 2196 pre-

1295 2211 1412 2241 bendis
1429 2215 1459 2240 et
1476 2211 1647 2241 beneficiis
1662 2220 1725 2250 que
1743 2221 1761 2241 3
1776 2211 1990 2241 monasteriis
2007 2215 2038 2240 et
2055 2210 2206 2241 ecclesiis
2224 2210 2308 2240 civi-

1295 2263 1372 2293 tatis
1402 2268 1433 2293 et
1463 2263 1605 2293 diocesis
1635 2264 1970 2296 Halberstadensium
1998 2263 2125 2293 obtinet
2156 2268 2187 2293 et
2218 2271 2308 2292 com-

1294 2315 1451 2354 pescendi
1468 2316 1726 2346 contradictores
1748 2326 1807 2355 per
1827 2325 2004 2346 censuram
2026 2315 2306 2351 ecclesiasticam,

1294 2368 1502 2406 appelatione
1530 2373 1674 2405 remota,
1703 2370 1830 2407 prefato
1861 2369 1964 2399 electo
1993 2369 2220 2399 concessimus
2247 2376 2308 2406 per

1294 2425 1424 2451 nostras
1443 2421 1573 2451 litteras
1596 2421 1802 2457 facultatem,
1821 2430 1979 2452 concessa
1999 2421 2238 2451 nichilominus
2253 2428 2308 2459 po—

1294 2477 1411 2503 testate
1435 2473 1504 2503 illis
1527 2474 1567 2503 ad
1591 2483 1673 2512 quos
1698 2474 1922 2512 predictorum
1944 2473 2076 2504 collatio
2099 2473 2244 2512 pertinet
2268 2481 2308 2502 ea

1293 2530 1366 2564 post
1384 2526 1605 2564 privationem
1625 2526 1816 2566 hujusmodi
1839 2531 2007 2565 tamquam
2023 2525 2175 2556 vacantia
2191 2533 2308 2564 perso-

1294 2579 1346 2608 nis
1367 2579 1498 2608 idoneis
1520 2579 1725 2609 conferendi.
1746 2579 1953 2610 Provideatis
1976 2580 2089 2618 itaque
2112 2578 2205 2608 vobis
2226 2587 2307 2617 pru-

1294 2631 1410 2661 denter
1425 2640 1466 2661 ne
1486 2632 1521 2660 in
1540 2631 1633 2662 illius
1653 2631 1858 2662 difficultatis
1877 2631 2055 2662 articulum
2076 2631 2248 2666 incidatis,
2265 2630 2307 2661 de

1294 2692 1358 2722 quo
1371 2683 1460 2714 exire
1471 2683 1569 2714 facile
1581 2693 1647 2714 non
1658 2685 1812 2723 possetis.
1826 2685 1971 2723 Dignum
1985 2687 2035 2714 est
2050 2683 2150 2720 enim,
2164 2687 2212 2719 ut,
2230 2691 2304 2713 cum

1293 2735 1374 2765 velit
1387 2744 1453 2766 non
1470 2736 1586 2772 valeat,
1606 2736 1664 2775 qui
1679 2737 1787 2767 noluit
1803 2746 1878 2767 cum
1891 2736 2030 2767 valebat.
2047 2737 2122 2766 Dat.
2139 2735 2306 2774 Anagnie,

1293 2792 1330 2817 ut
1347 2797 1457 2826 supra.
1475 2800 1487 2815 n

1330 2905 1362 2932 In
1379 2914 1395 2932 e
1422 2914 1461 2933 m.
1479 2907 1611 2934 vassallis
1633 2911 1662 2935 et
1684 2908 1921 2935 ministerialibus
1941 2906 2195 2934 Halberstadensis
2209 2906 2305 2934 eccle-
