2441 3330
973 213 1196 250 PREMIERE
1218 214 1375 250 ANNEE.

2166 223 2219 253 153

126 289 249 319 dietate
282 287 412 326 reliqua
440 291 653 325 proventura.
686 287 777 318 Idem
809 290 959 324 preterca
989 285 1137 313 inhibuit
1175 285 1179 315 l
1219 285 1290 314 dem
1307 286 1440 316 mittant
1456 288 1593 317 eandem
1612 288 1669 326 qui
1687 288 1756 317 vice
1774 288 1920 317 omnium
1939 297 2112 326 personam
2136 290 2219 319 reci-

127 341 350 380 predecessor,
369 349 409 369 ne
427 340 502 378 quis
519 339 580 369 sub
598 339 714 378 quovis
727 339 863 368 obtentu
874 337 1013 366 dominii
1028 336 1067 365 ab
1080 336 1136 365 ali-

128 402 193 432 quo
205 393 440 431 predictorum,
456 392 585 422 ratione
600 395 716 430 quarte
732 391 836 430 partis
849 393 1068 428 proventuum
1085 388 1136 417 be-

129 445 323 475 neficiorum
340 453 475 474 suorum
491 453 554 482 que
571 450 682 482 quatra
696 443 878 481 vulgariter
894 441 1026 475 dicitur,
1048 441 1137 478 quic-

129 497 210 536 quid
223 501 392 535 presumat
412 497 560 535 accipere
577 497 629 527 vel
648 497 746 526 etiam
766 499 971 533 extorquere,
991 496 1085 530 prout
1102 492 1137 520 in

128 550 352 579 instrumento
367 549 500 587 publico
517 549 594 579 inde
610 549 759 579 confecto
774 547 906 586 plenius
922 545 1044 575 dicitur
1060 553 1138 573 con-
1177 543 1180 550 ¹

131 602 242 632 tineri.
260 603 328 631 Nos
344 602 447 639 igitur
462 602 547 640 quod
563 602 597 631 in
613 602 676 631 hac
690 605 782 639 parte
798 599 932 638 provide
950 599 1074 627 factum
1090 601 1139 626 est

131 658 240 684 ratum
255 654 416 684 habentes
435 659 466 684 et
484 659 631 692 gratum,
654 654 688 683 id
702 653 822 683 vestris
839 650 1138 690 supplicationibus

131 706 296 742 inclinati,
307 707 501 736 auctoritate
511 706 691 744 apostolica
703 706 936 736 confirmamus
946 708 1006 733 etc.
1015 712 1121 742 usque
1131 713 1136 731 :

132 759 386 789 communimus.
402 759 495 789 Nulli
511 763 572 788 etc.
588 763 699 789 nostre
713 758 975 788 confirmationis
989 762 1050 786 etc.
1063 757 1136 785 Dat.

131 811 281 850 Neapoli,
298 812 329 841 X
344 811 504 841 kalendas
517 811 617 850 junii,
636 820 722 841 anno
739 811 857 849 primo.
877 823 890 837 ι)

199 990 287 1019 525
732 988 849 1022 Naples,
867 988 900 1014 ‘25
917 987 972 1014 mai
989 986 1064 1013 1255.

166 1053 272 1080 Abbati
288 1062 311 1079 s.
330 1052 439 1086 Savini,
459 1052 545 1087 priori
564 1061 588 1079 S.
607 1052 738 1087 Sepulcri
753 1057 781 1078 et
798 1052 906 1078 Attono
923 1051 1073 1085 Rampono
1089 1058 1139 1076 ca—

134 1102 236 1128 nonico
249 1110 272 1128 s.
286 1101 426 1128 Antonini
445 1100 601 1127 Placentini
613 1101 722 1131 scribit,
736 1100 903 1126 Surrexium
917 1100 1138 1126 Vicedomiunm

130 1154 159 1176 et
183 1150 340 1184 Opizonem
363 1149 470 1175 dictum
492 1149 595 1175 Senam
617 1150 644 1175 in
668 1149 798 1176 abbatem
827 1150 991 1175 monasterii
1016 1156 1040 1174 s.
1065 1147 1138 1173 sixti

133 1198 290 1225 Placentini
305 1201 510 1224 concurr-enter
526 1206 541 1223 a
557 1198 706 1224 monachis
722 1197 823 1224 divisis
839 1196 946 1223 electos
962 1197 1066 1227 fnisse;
1084 1197 1138 1222 eis-

130 1254 186 1280 que
204 1246 327 1277 mandat,
347 1250 377 1272 ut
388 1246 556 1272 electionem
570 1254 653 1279 quam
670 1246 833 1272 invenerint
848 1246 952 1272 ibidem
966 1246 1000 1271 dc
1018 1253 1139 1279 persona

130 1295 233 1322 idonea
245 1296 382 1321 canonice
394 1294 564 1321 celebratam
577 1294 758 1320 confirment.
774 1294 854 1327 (Rau.
868 1294 911 1324 ⁶24,
925 1302 950 1320 c.
963 1293 1024 1323 431.
1038 1294 1056 1319 f.
1070 1293 1138 1326 61V.)

173 1409 186 1423 «
210 1419 242 1432 ..‚
270 1397 371 1425 abbati
393 1397 493 1425 saneti
512 1396 634 1431 savini,
662 1418 681 1424 ..
704 1397 808 1433 priori
830 1397 931 1425 saneti
951 1396 1091 1433 Sepulcri
1114 1400 1139 1424 et

130 1451 238 1479 Attono
254 1450 417 1487 Rampono,
439 1450 585 1478 canonico
601 1449 718 1478 ecclesie
733 1450 833 1478 sancti
844 1450 997 1478 Antonini
1012 1450 1139 1478 Placea-

132 1503 203 1531 tini.
221 1501 369 1531 Dilectus
391 1501 481 1530 filius
501 1501 619 1531 Petrus
636 1501 742 1531 dictus
759 1500 881 1531 Curtus
898 1505 929 1531 et
948 1501 1138 1531 Bernardus

130 1556 317 1584 Resenatus
334 1563 371 1584 ac
387 1553 445 1584 alii
463 1554 619 1584 monachi
634 1554 830 1584 monasterii
844 1554 951 1584 sancti
968 1554 1051 1584 Sixti
1067 1554 1139 1584 Pla-

129 1607 271 1643 centini,
293 1607 421 1637 ordinis
443 1607 550 1637 sancti
571 1606 760 1639 Benedicti,
782 1616 842 1636 sua
864 1607 959 1637 nobis
979 1607 1139 1645 petitione

128 1663 265 1690 monent
274 1659 371 1698 quod,
382 1659 585 1689 monasterio
597 1659 668 1697 ipso
683 1659 769 1698 quod
783 1659 823 1689 ad
834 1660 1018 1689 Romanam
1031 1659 1139 1690 Eccle-

129 1712 215 1742 siam
235 1712 326 1742 nullo
349 1712 457 1742 medio
479 1712 623 1750 pertinet
644 1712 773 1742 abbatis
795 1712 959 1750 regimine
981 1712 1139 1742 destituto

129 1769 161 1795 et
177 1765 262 1795 votis
281 1773 395 1795 eorum
410 1765 445 1794 in
462 1765 593 1795 diversa
609 1764 738 1800 divisis,
756 1765 844 1795 idem
860 1765 979 1795 Petrus
996 1769 1025 1794 et
1043 1765 1138 1794 adhe-

129 1821 241 1848 rentes
257 1817 322 1847 sibi
339 1817 533 1847 Surrexium
549 1817 804 1847 Vicedominum
822 1821 853 1847 et
871 1817 978 1847 dictus
994 1818 1139 1847 Bernar-

129 1870 190 1900 dus
215 1879 252 1900 ac
277 1878 436 1908 sequaces
462 1870 513 1900 sui
536 1870 713 1908 Opizonem
738 1870 863 1900 dictum
887 1870 1007 1900 Senam
1032 1870 1138 1908 ipsius

128 1923 324 1953 monasterii
344 1922 525 1956 monachos
547 1923 581 1952 in
604 1922 739 1953 abbates
759 1923 838 1952 dicti
854 1923 1049 1953 monasterii
1072 1922 1138 1952 ele-

129 1979 258 2014 gerunt,
275 1979 415 2014 utraque
431 1980 524 2013 parte
540 1980 672 2013 petente
690 1975 885 2005 electionem
903 1975 942 2006 ab
960 1985 997 2005 ea
1018 1976 1138 2005 factam

128 2036 186 2066 per
198 2028 317 2058 Sedem
327 2028 542 2066 apostolicam
555 2029 757 2058 confirmari.
770 2029 931 2065 Quocirca
942 2029 1138 2058 mandamus

129 2080 298 2119 quatinus,
315 2081 342 2110 si
356 2081 449 2111 vobis
463 2068 650 2111 constiterit
664 2082 829 2120 prefatum
843 2082 1083 2111 monasterium
1099 2081 1139 2110 ad

128 2141 188 2162 nos
209 2129 400 2163 immediate
419 2137 584 2171 spectare,
602 2134 765 2172 inquisita
786 2134 824 2164 de
847 2134 942 2164 modo
965 2133 1138 2164 electionis

127 2185 248 2215 studiis
265 2185 461 2223 eligentium
479 2190 510 2216 et
529 2186 709 2216 electorum
726 2187 855 2216 meritis
872 2187 1067 2224 diligentius
1084 2196 1137 2215 ve-

128 2238 241 2273 ritate,
264 2237 356 2267 illam
377 2238 573 2268 electionem
595 2248 693 2277 quam
718 2239 915 2269 inveneritis
936 2239 974 2269 dc
997 2248 1138 2277 persona

127 2290 248 2320 idonea
265 2291 423 2320 canonice
444 2291 654 2326 celebratam,
674 2291 803 2330 reliqua
820 2291 883 2321 rite
900 2295 1038 2327 cassata,
1060 2300 1138 2320 auc-

128 2343 260 2373 toritate
277 2343 456 2381 apostolica
470 2344 716 2379 confirmantes,
734 2343 866 2374 faciatis
885 2344 915 2373 ei
934 2344 987 2374 cni
1004 2343 1138 2379 electio-

127 2403 203 2425 nem
229 2395 506 2425 confirmaveritis
534 2404 552 2425 a
582 2395 728 2425 subditis
755 2396 825 2425 suis
852 2396 1075 2426 obedientiam
1107 2399 1138 2425 et

126 2448 348 2477 reverentiam
368 2448 513 2478 debitam
529 2448 679 2478 exhiberi
697 2457 733 2478 ac
749 2457 871 2478 munus
894 2448 1136 2479 benedictionis

127 2500 293 2538 impendi.
315 2500 480 2538 recepturi
501 2501 541 2530 ab
564 2509 601 2530 eo
621 2501 829 2539 postmodum
852 2501 1022 2531 fidelitatis
1041 2501 1137 2530 solite

123 2553 353 2592 juramentum
369 2553 552 2583 secundum
574 2554 715 2583 formam
734 2563 833 2592 quam
855 2553 949 2583 vobis
970 2554 1031 2583 sub
1047 2553 1138 2582 bulla

128 2609 242 2635 nostra
257 2605 421 2635 mittimus
442 2605 669 2635 interclusam.
688 2606 966 2636 Contradictores.
985 2607 1137 2635 Formam

128 2661 239 2687 autem
252 2658 434 2697 juramenti
457 2658 544 2696 quod
561 2658 632 2696 ipse
650 2658 811 2696 prestabit
830 2658 868 2688 de
891 2659 988 2687 verbo
1005 2658 1045 2687 ad
1063 2667 1136 2687 vcr-

127 2709 206 2739 bum
234 2718 292 2748 per
319 2719 397 2740 suas
424 2714 574 2748 patentes
602 2710 730 2740 litteras
759 2720 818 2740 suo
848 2710 957 2747 sigillo
988 2710 1136 2747 signatas

127 2761 224 2791 nobis
240 2771 297 2800 per
314 2762 484 2800 proprium
501 2762 661 2791 nuncium
677 2763 880 2800 quamtotius
897 2762 1083 2792 destinetis.
1102 2762 1136 2792 Si

125 2821 204 2843 vero
217 2813 412 2843 electionem
426 2817 601 2852 utramque
616 2814 739 2843 cassari
752 2815 938 2852 contigerit,
952 2814 1136 2853 injungatis

124 2866 322 2896 monasterii
341 2866 481 2904 predicti
497 2866 686 2900 conventui,
705 2871 740 2896 ut
757 2867 885 2905 aliquos
907 2876 944 2897 cx
966 2876 1001 2897 se
1022 2867 1062 2896 ad
1077 2867 1136 2897 Se-

251 2931 473 2955 ALEXANDRE
491 2931 544 2962 IV,
562 2934 580 2955 t.
601 2931 620 2955 Ι.

1218 337 1321 374 piant,
1342 338 1380 367 de
1397 348 1461 377 qua
1478 340 1525 369 eis
1544 340 1578 368 in
1593 340 1744 369 abbatem
1763 340 1953 370 duxerimus
1969 341 2217 379 providendum.

1219 389 1312 424 Quod
1332 390 1359 419 si
1383 399 1448 419 non
1470 400 1583 420 omnes
1606 395 1666 421 etc.
1686 393 1759 421 Dat,
1783 392 1938 430 Neapoli,
1959 394 2040 423 VIII
2060 393 2218 423 kalendas

1216 441 1315 478 junii,
1332 450 1418 472 anno
1433 443 1549 480 primo.
1572 456 1584 469 »

1291 623 1380 652 528

1256 683 1432 717 Praeposito,
1447 684 1554 710 decano
1570 689 1597 710 et
1611 685 1734 719 capitulo
1751 686 1888 711 ecclesiae
1905 686 2118 717 S.Au‹io111avi,
2135 689 2221 714 Mori-

1820 625 1935 659 Naples,
1955 627 1985 653 13
2002 628 2054 652 mai
2075 628 2149 653 1255.

1221 732 1320 757 nensis
1340 731 1475 762 diocesis,
1496 732 1627 758 concedit
1648 733 1821 767 facultatem,
1840 740 1868 759 ut
1886 740 2054 768 personatus
2071 744 2121 762 seu
2143 745 2222 770 prae-

1221 780 1329 805 bendas
1351 780 1376 805 in
1399 780 1495 805 eadem
1518 781 1638 806 ecclesia
1659 786 1793 807 vacantes
1813 782 1940 808 conferre
1964 784 2092 816 personis
2113 784 2223 810 idoneis

1222 828 1343 862 possint,
1371 836 1425 854 non
1451 829 1582 854 obstante
1610 831 1798 855 concessione
1826 831 1860 856 ab
1887 830 2052 857 Innocentio
2082 832 2121 857 IV
2153 833 2224 858 tacta

1221 877 1485 911 praepositurarum
1511 886 1584 910 quae
1606 878 1631 903 in
1657 878 1731 904 dicta
1754 879 1874 904 ecclesia
1896 884 2046 904 vacaturae
2068 885 2147 906 erant
2171 880 2224 906 Mi-

1220 925 1310 952 chaeli
1329 925 1364 951 de
1381 925 1503 956 Fienles,
1521 926 1659 952 canonico
1677 926 1842 957 Morinonsi,
1860 931 1887 952 et
1903 926 2020 953 Giroldo
2037 928 2070 953 de
2088 929 2224 954 Abbatis-

1221 973 1297 999 villa.
1314 973 1400 1006 (Rea.
1417 974 1460 1007 2¹4,
1478 982 1504 1001 c.
1522 974 1583 1007 432,
1600 975 1618 1000 f.
1636 975 1702 1005 Gtv.)

1264 1087 1276 1101 «
1300 1097 1332 1109 ,.,
1348 1076 1508 1112 preposito,
1531 1098 1563 1109 ..,
1578 1075 1688 1103 decano
1700 1080 1725 1103 et
1736 1076 1869 1112 capitulo
1883 1077 1999 1104 ecclesie
2010 1076 2116 1104 Sancti
2131 1077 2225 1104 ‚tudo-

1221 1129 1319 1162 mari,
1344 1128 1524 1157 ltlorinensis
1547 1128 1679 1156 diocesis.
1704 1128 1749 1156 Ex
1766 1132 1856 1165 parte
1877 1132 1985 1157 vestra
2010 1128 2103 1157 nobis
2121 1128 2226 1157 extitit

1221 1180 1424 1215 intimatum,
1448 1180 1549 1218 quod,
1568 1188 1641 1209 cum
1659 1179 1799 1209 Michael
1822 1180 1860 1209 de
1881 1180 2028 1215 Fienles,
2049 1181 2226 1210 canonicus

1221 1233 1435 1267 Morinensis,
1451 1233 1485 1261 in
1503 1232 1635 1262 civitate
1650 1232 1701 1262 vel
1716 1232 1839 1262 diocesi
1858 1233 2039 1262 Morinensi
2057 1233 2106 1262 vel
2123 1234 2157 1261 in
2174 1243 2226 1262 co-

1222 1285 1340 1314 mitatu
1360 1284 1530 1314 Bolonesii
1548 1294 1645 1322 super
1661 1285 1848 1322 provisione
1866 1294 1926 1314 sna
1942 1285 1979 1314 de
1998 1285 2157 1322 dignitate
2176 1286 2227 1315 vel

1221 1342 1410 1376 personatu,
1431 1346 1467 1367 ac
1490 1338 1696 1375 postmodum
1718 1337 1875 1374 magister
1893 1337 2046 1367 Giroldns
2063 1338 2100 1367 de
2118 1338 2227 1367 Abba-

1222 1390 1362 1425 tisvilla,
1386 1390 1608 1420 subdiaconus
1631 1394 1753 1425 noster,
1776 1390 1809 1419 111
1834 1391 1979 1419 Romana
2001 1390 2167 1428 provincia
2188 1391 2225 1420 dc

1222 1442 1384 1472 beneficio
1397 1442 1590 1481 prebendali
1604 1443 1690 1481 quod
1703 1443 1833 1472 duceret
1847 1443 2092 1480 acceptandum,
2104 1443 2226 1472 dudum

1223 1495 1358 1526 aselicis
1368 1495 1606 1525 recordationis
1620 1497 1644 1525 Ι.
1654 1505 1746 1533 papa,
1756 1496 1985 1533 predecessore
1994 1499 2114 1529 nostro,
2128 1495 2226 1525 certis

1223 1548 1287 1578 sibi
1304 1558 1403 1587 super
1420 1548 1482 1578 hoc
1505 1549 1734 1578 executoribus
1757 1549 1921 1586 deputatis
1939 1549 1999 1578 sub
2018 1553 2104 1578 certa
2122 1550 2226 1578 forma

1221 1600 1350 1631 litteras
1371 1601 1620 1639 impetrassent,
1650 1600 1773 1630 eisdem
1799 1600 1959 1630 Michaele
1987 1601 2227 1638 Iirc-posituram

1223 1662 1259 1683 ac
1272 1653 1430 1691 magistro
1444 1653 1578 1683 Giroldo
1589 1653 1789 1691 prebendam
1802 1653 1907 1691 primo
1921 1657 2092 1682 vacaturas
2106 1653 2139 1681 iu
2157 1653 2227 1690 ipsa,

1222 1706 1362 1737 ecclesia
1381 1706 1493 1736 Sancti
1509 1705 1689 1735 Audomari
1713 1705 1975 1743 acceptantibus,
1994 1705 2094 1734 iidem
2111 1714 2228 1734 exocu-

1222 1763 1309 1789 tores
1329 1759 1572 1797 preposituram
1589 1762 1619 1788 et
1636 1758 1837 1796 prebendam
1861 1757 2027 1787 collationi
2046 1766 2102 1787 sue
2120 1766 2226 1787 reser-

1222 1816 1337 1842 vantes
1357 1811 1505 1846 easdem,
1524 1811 1743 1840 inhilmerunt
1763 1820 1804 1840 ne
1826 1810 1929 1848 aliqui
1950 1815 2061 1840 contra
2079 1819 2227 1840 reserva-

1222 1865 1345 1895 tionem
1371 1874 1429 1894 seu
1457 1864 1714 1901 acceptationem
1737 1863 1927 1902 hujusmodi
1949 1863 1983 1891 iu
2010 1863 2227 1901 sut-jutlicium

1220 1917 1443 1956 predictorum
1460 1915 1634 1945 Michaelis
1651 1920 1681 1945 et
1697 1915 1823 1945 Giroldi
1840 1915 1966 1953 aliquid
1983 1919 2224 1952 attemptarent.

1222 1974 1262 2006 et,
1284 1971 1311 1999 si
1329 1978 1424 1999 secus
1441 1970 1544 2003 fieret,
1562 1968 1780 1997 tieem-nebant
1798 1967 1929 1996 irritum
1944 1972 1975 1997 ct
1989 1967 2098 1996 inane.
2119 1968 2225 2002 Quare

1222 2023 1317 2052 nobis
1333 2021 1506 2051 humiliter
1522 2020 1744 2058 supplicastis,
1761 2024 1806 2053 ut,
1823 2029 1895 2049 cum
1911 2020 1944 2048 in
1960 2019 2071 2049 eadem
2087 2019 2226 2048 ecclesia

1221 2076 1261 2106 ad
1294 2075 1478 2114 prebendas
1508 2078 1680 2103 vacaturas
1710 2072 1903 2102 auctoritate
1935 2068 2121 2109 apostolica'
2140 2071 2223 2100 ultra

1221 2133 1362 2167 quatuor
1385 2127 1451 2157 sint
1473 2126 1613 2164 recepti,
1640 2125 1810 2163 providere
1836 2125 1928 2154 vobis
1956 2125 1993 2153 de
2021 2124 2224 2161 benignitate

1221 2182 1316 2213 Sedis
1333 2180 1510 2219 apostolice
1532 2188 1734 2208 curaremus.
1757 2179 1824 2207 Nos
1846 2178 1948 2213 icitur
1964 2177 2082 2206 vestris
2100 2176 2225 2213 suppli-

1220 2234 1407 2265 cationibus
1423 2232 1591 2266 inclinati,
1614 2231 1769 2268 predictis
1788 2230 2087 2260 reservationilnis,

1219 2286 1402 2317 tationibus
1423 2289 1453 2314 et
1474 2284 1732 2313 inhibitionibus
1755 2283 1792 2312 de
1819 2283 1942 2312 eisdem
1965 2281 2168 2319 prepositura
2194 2284 2220 2309 et

1220 2339 1386 2378 prebenda
1400 2347 1458 2367 seu
1475 2337 1550 2366 aliis
1566 2336 1735 2366 beneficiis
1750 2336 1782 2365 in
1798 2336 1910 2365 eadem
1925 2335 2062 2364 ecsbsia
2081 2344 2136 2371 pro
2154 2334 2223 2371 qni-

2111 2238 2224 2266 34'('⁴3[)‘

1219 2392 1423 2429 buscumque
1440 2390 1491 2419 vel
1506 2399 1563 2428 per
1580 2398 1804 2427 quoscumque
1824 2389 1919 2417 factis
1936 2387 1985 2417 vel
2005 2387 2035 2415 in
2057 2391 2223 2424 posterum

1219 2444 1382 2474 faciendis
1399 2447 1455 2473 aut
1473 2443 1729 2480 suspensionum
1746 2441 1911 2470 interdicti
1931 2440 1980 2469 vel
1999 2438 2224 2468 cxcouuuuui-

1219 2498 1359 2527 catinnis
1376 2496 1552 2526 sententiis
1568 2496 1644 2525 latis
1657 2496 1690 2524 111
1708 2504 1763 2524 vos
1781 2498 1910 2532 propter
1928 2494 1987 2523 110(-
2004 2503 2061 2522 seu
2080 2491 2223 2521 serendis

1219 2550 1318 2580 etiam
1335 2548 1554 2579 communiter
1570 2548 1619 2577 vel
1632 2547 1765 2576 divisim
1780 2556 1987 2585 nequaquam
2003 2544 2220 2574 obstantibus.

1220 2607 1271 2637 ut,
1290 2611 1363 2631 cum
1385 2601 1517 2631 casdem
1540 2600 1797 2638 preposituram,
1816 2598 2009 2634 dignitates,
2028 2600 2222 2634 personatus

1219 2663 1278 2684 seu
1310 2653 1493 2691 prebendas
1526 2653 1558 2681 in
1586 2652 1698 2681 eadem
1725 2650 1864 2679 ccclesia
1894 2659 2008 2679 vacare
2036 2647 2220 2681 contis-vrit,

1218 2707 1368 2736 conferre
1390 2709 1485 2743 prout
1504 2704 1542 2733 ad
1560 2714 1616 2733 vos
1633 2707 1779 2741 spectare
1797 2702 1980 2731 dinoscitur
1998 2700 2129 2738 possitis
2150 2708 2222 2735 por-

1219 2759 1309 2789 sonis
1324 2758 1463 2792 idoneis,
1477 2757 1606 2795 plenam
1620 2756 1711 2785 vobis
1727 2755 1919 2784 auctoritate
1933 2752 2135 2791 presentium
2149 2760 2221 2779 con-

1217 2812 1364 2842 cedimus
1381 2810 1581 2840 facultatem.
1602 2809 1692 2838 Nulli
1710 2814 1769 2838 etc.
1791 2811 1900 2837 nostre
1919 2804 2141 2835 concessionis
2159 2807 2218 2832 etc.

1220 2866 1292 2894 Dat.
1311 2863 1461 2901 Neapoli,
1478 2863 1526 2892 III
1544 2862 1617 2891 idus
1634 2861 1724 2895 maii,
1746 2869 1831 2889 anno
1847 2859 1964 2898 primo.
1985 2870 1996 2883 »

2070 2921 2099 2944 *20
