2498 3325
235 256 291 285 434
959 246 1199 278 REGISTRES
1221 244 1529 278 D‘ALEXANDRE
1551 249 1608 278 IV.

237 321 349 347 debitae
380 319 544 346 executioni
572 316 734 343 demandet.
768 316 849 347 [Res.
879 315 931 344 2²4.
961 315 979 341 f.
1007 314 1074 347 ⁴210,
1102 322 1170 340 ann.
1195 312 1238 345 ΙΙ,

236 378 262 396 e.
286 369 358 401 482.)

280 478 292 492 a
320 487 352 499 ..,
377 464 500 501 officiali
522 462 743 492 Camcraccnsi.
766 460 874 490 Causa
897 468 960 498 que
982 459 1070 488 inter
1093 474 1143 486 —.
1167 458 1242 487 Dat.

239 517 403 553 Laterani,
423 517 454 546 II
473 515 549 545 idus
565 514 761 548 decembris,
779 520 866 542 anno
880 511 1036 541 secundo.
1056 523 1069 537 »

312 675 426 704 ¹584
745 671 857 702 Latrau,
878 671 907 697 1²3
923 670 1075 696 decembre
1093 668 1172 696 1256.

276 738 392 765 Decanu
407 736 535 763 'l'ullensi
553 736 678 767 mundat,
695 735 832 769 quatinus
851 733 990 767 Roget-io,
1008 732 1116 758 decano
1133 731 1162 757 S.
1180 730 1244 757 Sat-

240 787 346 814 vatoris
368 785 522 816 Meu-usis,
550 788 707 818 proventus
729 783 887 810 decanatus
903 782 984 808 faciat
1003 780 1170 812 ministrari,
1188 788 1243 806 non

239 836 371 863 obstante
393 834 468 868 qnod
491 834 566 860 idem
589 833 734 865 Roget-ius
754 831 954 858 canonicatum
976 833 1130 856 assecutus
1151 832 1194 855 cst
1217 828 1244 854 in

240 886 364 912 ecclesia
380 884 512 910 Meu-nsi.
530 883 615 916 (lieo.
629 882 678 914 24,
694 882 713 908 f.
730 881 792 914 210,
809 888 876 907 ann.
893 879 931 911 11,
948 887 974 906 c.
994 878 1065 913 483.)

321 1009 354 1022 ..,
388 987 498 1015 decano
527 985 672 1014 Tullensi.
708 982 828 1012 Dilecti
858 981 918 1011 11111
956 981 1093 1019 Rogeri,
1129 979 1246 1010 decani

241 1039 353 1071 Sancti
370 1037 550 1068 Salvatoris
567 1036 738 1070 Metensis,
756 1034 918 1073 capellani
934 1034 1047 1064 dilecti
1063 1033 1125 1062 filii
1141 1033 1246 1062 nostri

241 1094 295 1127 H.‚
321 1092 409 1121 tituli
436 1092 554 1121 Sancte
578 1089 700 1120 Sabine
722 1087 910 1127 presbyteri
934 1086 1126 1120 cardinalis,
1151 1085 1247 1116 nobis

241 1145 387 1176 exhibita
408 1143 523 1182 petitio
545 1141 744 1177 continebat,
768 1140 854 1179 quod
876 1140 985 1170 felicis
1008 1139 1247 1170 recordationis

240 1200 267 1229 Ι.
284 1207 378 1237 papa,
395 1196 608 1235 predecessor
623 1198 747 1230 noster,
766 1193 831 1223 sibi
850 1193 941 1222 duxit
955 1202 1012 1231 per
1028 1201 1105 1222 suas
1118 1191 1247 1222 litteras

240 1249 491 1289 indulgendum,
517 1252 553 1278 ut
573 1247 769 1277 decanatum
797 1250 829 1276 et
857 1245 1074 1284 prebendam,
1102 1253 1184 1283 quos
1212 1244 1246 1273 111

238 1304 351 1334 eadem
370 1302 512 1333 ecclesia
527 1300 639 1332 Sancti
659 1299 841 1330 Salvatoris
859 1298 1019 1329 Metensis
1036 1307 1072 1328 se
1089 1297 1247 1327 canonice

239 1357 390 1396 proponit
407 1356 572 1394 adeptum,
591 1363 671 1383 011111.
682 1353 879 1383 canonicatu
897 1356 927 1382 et
943 1351 1111 1390 prebenda
1124 1351 1247 1381 Meten-

239 1411 286 1441 sis
309 1409 459 1443 ecclesie,
489 1417 563 1438 cum
589 1416 643 1437 eos
665 1407 767 1436 luerit
788 1410 976 1439 assecutus,
1002 1413 1068 1434 non
1095 1404 1248 1434 obstante

239 1463 404 1493 contraria
427 1460 680 1493 consuetudine,
700 1459 792 1489 licite
811 1458 918 1489 valeat
942 1458 1097 1493 retinere,
1121 1462 1162 1491 te,
1187 1457 1246 1492 fili,

240 1526 338 1554 super
360 1516 422 1545 hoc
446 1518 620 1545 executore
642 1521 809 1543 concesso.
833 1513 901 1542 Nos
923 1512 1042 1549 igitur.
1066 1511 1172 1549 ipsius
1194 1520 1249 1540 ca-

241 1569 362 1608 pellani
381 1567 563 1605 benignum
585 1566 815 1604 impertientes
839 1573 1025 1599 assensum,
1051 1564 1248 1594 mandamus

239 1622 408 1661 quatinus,
428 1621 455 1650 si
473 1624 521 1650 est
538 1620 594 1655 ita,
613 1623 793 1657 proventus
810 1618 990 1647 decanatus
1013 1621 1043 1647 et
1064 1617 1249 1655 prebenda-

241 1684 314 1706 rum
334 1675 494 1713 ipsarum,
508 1673 603 1712 juxta
619 1671 740 1701 indulti
757 1671 896 1709 predicti
914 1675 1075 1706 tenorem,
1099 1671 1129 1700 ei
1146 1670 1249 1701 facias

240 1729 369 1765 integre
385 1726 582 1759 ministrari,
596 1726 690 1764 juxta
710 1724 953 1763 predecessoris
972 1723 1120 1762 ejusdem
1143 1723 1250 1753 clirec-

242 1787 348 1812 tarum
365 1781 405 1811 ad
424 1784 453 1810 te
470 1778 710 1810 continentiam
727 1778 925 1808 litterarum.
944 1778 1015 1807 Dat.
1034 1777 1199 1813 Laterani,
1219 1778 1251 1807 II

242 1835 316 1865 idus
332 1833 527 1867 decembris,
547 1840 633 1862 anno
650 1831 806 1861 secundo.
827 1843 840 1857 n

283 1000 295 1014 (t

317 1992 435 2021 1585

278 2054 395 2081 Decano
411 2053 553 2080 ecclesiae
568 2052 668 2079 Sancti
685 2052 810 2082 Arnalis,
827 2051 967 2077 Metcnsis
983 2051 1118 2081 diocesis,
1137 2050 1252 2077 mandat

241 2102 379 2137 quatinus
395 2102 458 2128 sine
477 2101 605 2136 qualibet
627 2100 794 2126 difficultate
816 2099 970 2133 procedat,
988 2099 1072 2133 juxta
1090 2098 1133 2130 R,
1152 2098 1252 2126 Sancti

243 2151 360 2185 Georgii
376 2151 410 2177 ad
427 2150 530 2176 Velum
546 2150 676 2176 Aureum
693 2148 806 2175 diaconi
822 2148 987 2180 cardinalis,
1000 2151 1070 2174 tunc
1081 2148 1108 2174 in
1123 2148 1252 2182 partibus

243 2201 299 2227 illis
319 2200 493 2234 apostolicae
516 2198 601 2225 Sedis
624 2197 720 2232 legati,
741 2198 949 2223 continentiam
971 2197 1149 2230 litterarum,
1173 2197 1252 2224 Hen-

244 2249 302 2275 rieo
314 2270 320 2282 ,
336 2248 473 2274 canonico
492 2247 632 2277 Metensi,
654 2246 785 2280 ejusdem
808 2245 959 2272 cardinalis
978 2245 1139 2279 capellano,
1157 2245 1253 2280 provi-

750 1989 863 2023 Latrau,
885 1989 914 2016 1‘2
930 1989 1083 2016 decembre
1101 1989 1178 2016 1256.

243 2297 308 2323 deut
324 2296 357 2322 de
373 2296 467 2330 aliquo
490 2295 645 2327 beneficio,
664 2296 687 2320 si
706 2294 772 2329 quid
797 2294 825 2320 in
848 2293 970 2320 ecclesia
988 2293 1109 2320 Metensi
1128 2298 1251 2320 vacaret.

242 2344 322 2378 (Res.
344 2344 388 2374 24,
407 2344 424 2370 f.
442 2344 517 2377 210¹,
534 2351 600 2369 ann.
619 2342 655 2375 11,
674 2351 698 2369 c.
718 2343 790 2375 48⁷1.)

287 2458 298 2472 κ
326 2469 358 2481 ..,
385 2446 495 2474 (lec-nno
515 2446 632 2474 ecclesie
653 2446 759 2474 Sancti
785 2445 920 2481 Ανηαῖἱκ,
949 2445 1088 2474 Melensis
1114 2446 1251 2475 diocesis.

245 2498 392 2529 Dilectus
412 2497 501 2527 filius
520 2497 685 2527 Heni-icus
702 2515 750 2526 —.
770 2498 844 2527 Dat.
865 2498 1032 2533 Laterani,
1054 2499 1085 2528 ΙΙ
1104 2498 1179 2528 idus
1196 2498 1253 2528 de-

245 2551 396 2586 cembris,
420 2558 506 2579 anno
524 2550 680 2580 secundo.
701 2563 713 2576 »

323 2709 437 2737 1:36ss

285 2771 388 2796 Abbati
406 2775 433 2796 ct
449 2771 603 2797 couventui
619 2770 784 2796 monasterii
808 2770 908 2796 Fontis
931 2770 1080 2803 Laui-eati,
1105 2770 1253 2796 Florensis

773 2708 898 2742 Auagni,
917 2708 947 2735 31
966 2708 1084 2734 octobre
1105 2708 1181 2735 1255.

249 2820 369 2851 ordinis,
386 2820 577 2854 'si-opaccnsis
591 2820 726 2851 diocesis,
743 2820 949 2846 monasterium
961 2820 991 2846 S.
1010 2820 1114 2853 Augeli
1132 2820 1166 2845 de
1181 2819 1255 2846 Mili-

250 2869 318 2899 11110,
336 2870 369 2893 de
387 2869 518 2894 mandato
535 2868 678 2902 Glregorii
697 2868 747 2902 lx]
771 2877 859 2903 papae
882 2869 953 2903 ipsis
969 2868 1003 2895 ad
1021 2868 1253 2895 reformationem

249 2925 447 2948 cortiliitssum,
468 2917 517 2942 sed
537 2921 633 2950 postet
657 2926 704 2951 per
725 2916 918 2950 FrIedericum
936 2916 968 2949 ll]
989 2917 1130 2947 ablatum,
1148 2918 1256 2944 coufir-

1325 318 1392 340 mat.
1423 313 1505 346 (Rs-u.
1532 314 1576 346 2¹4,
1599 315 1618 341 s.
1640 314 1716 347 i'tov,
1738 323 1805 342 ann.
1833 313 1870 348 11,
1894 321 1920 342 c.
1942 314 2008 345 485;
2030 313 2210 344 Romu-xeno,
2235 316 2255 340 t.
2277 311 2330 344 111.

1325 371 1353 398 p.
1370 362 1432 393 41ἳ,
1450 370 1481 389 n⁰
1496 363 1568 396 447.)

1368 477 1381 491 «
1405 466 1510 494 Abbati
1527 470 1553 494 et
1569 466 1733 495 conventui
1755 466 1935 494 monasterii
1959 465 2063 494 Fontis
2080 465 2234 500 Laurenti,
2263 463 2333 494 Flo-

1326 519 1425 547 rensis
1440 518 1569 554 ordinis,
1592 519 1750 556 Tropensis
1767 519 1904 547 diocesis.
1927 517 2045 548 Oblata
2065 517 2161 548 nobis
2183 526 2220 548 ex
2240 520 2334 556 parte

1327 575 1437 601 vestra
1452 570 1567 609 petitio
1583 570 1785 606 continebat,
1807 571 1894 610 quod
1910 570 2019 601 felicis
2037 569 2277 600 reeordationis
2292 569 2333 600 Ga

1326 631 1421 662 papa,
1437 623 1650 661 predecessor
1665 628 1788 658 noster,
1806 623 1974 653 intellecto
1991 623 2078 662 quod
2093 621 2334 653 monasterium

1327 675 1439 706 Sancti
1456 676 1576 713 Angeli
1592 676 1630 706 de
1650 676 1805 711 Militino,
1824 680 1902 706 tunc
1923 676 2051 706 ordinis
2070 675 2183 707 Sancti
2201 674 2332 710 Basilii,

1327 729 1552 760 Rossanensis
1563 729 1716 764 diocesis,
1730 729 1811 759 adeo
1827 733 1895 759 erat
1913 729 1946 758 in
1964 729 2196 768 spiritualibus
2212 733 2244 758 et
2256 732 2335 758 tem*

1327 782 1497 821 poralibus
1511 782 1742 817 deformatum,
1759 782 1845 821 quod
1859 782 1910 812 vix
1925 782 2037 822 aliqua
2051 782 2225 820 religionis
2237 781 2337 812 vesti-

1328 836 1382 874 gia
1398 840 1627 866 remanserant
1647 836 1681 865 in
1706 836 1831 871 eodem,
1855 835 1939 866 bone
1964 836 2162 870 memorie..,
2187 834 2337 865 Bisinia-

1329 889 1425 919 nensi
1452 889 1616 928 episcopo,
1642 889 1780 928 ejusque
1805 889 1929 926 college
1950 889 2022 918 suis
2044 888 2134 919 dedit
2154 887 2276 918 litteris
2300 887 2336 918 iu

1329 942 1506 977 mandatis,
1520 946 1567 977 ut,
1586 942 1625 972 ad
1638 942 1877 972 monasterium
1891 942 1999 980 ipsum
2010 941 2231 980 personaliter
2247 949 2336 971 acce-

1329 995 1455 1031 dentes,
1474 995 1559 1025 illud
1574 995 1663 1025 inl'ra
1677 999 1803 1025 certum
1823 1000 1961 1033 tempus,
1976 995 2070 1034 juxta
2084 994 2232 1034 ejusdem
2247 993 2339 1023 ordi·-

1330 1049 1383 1079 nis
1395 1049 1508 1079 Sancti
1521 1048 1640 1078 Basilii
1657 1048 1827 1086 regulares
1839 1048 2080 1084 observantias,
2095 1047 2123 1077 si
2134 1045 2336 1086 possetsteri5

1329 1102 1559 1137 reformarent,
1577 1101 1726 1140 alioquin
1742 1101 1851 1139 ipsum
1869 1124 1902 1136 ..,
1921 1101 2033 1130 abbati
2052 1100 2153 1131 vestri
2170 1103 2340 1130 monaste}-

1329 1155 1383 1189 rii‚
1411 1154 1655 1184 committerent
1681 1153 1720 1183 de
1748 1153 1899 1183 Florensi
1929 1153 2046 1184 ordine
2076 1152 2337 1187 reformandum,

1329 1207 1498 1237 diocesani
1515 1206 1579 1236 Ioci
1594 1207 1629 1236 in
1648 1206 1804 1236 omnibus
1816 1206 1891 1245 jure
1908 1205 2010 1236 salvo.
2032 1206 2108 1242 Qui,
2126 1206 2220 1246 juxta
2244 1213 2340 1235 man-

1330 1260 1442 1289 datum
1459 1259 1687 1298 apostolicum,
1707 1258 1926 1297 personaliter
1950 1258 2143 1289 aecedentes
2166 1259 2207 1289 ad
2229 1258 2339 1289 locum

1330 1317 1361 1343 et
1378 1312 1502 1342 ibidem
1523 1312 1726 1342 visitationis
1745 1312 1891 1342 officium
1914 1311 2155 1350 impendentes,
2175 1319 2248 1342 cum
2269 1320 2342 1342 mo·-

1331 1367 1515 1397 nasterium
1532 1366 1641 1404 ipsum
1664 1366 1698 1395 in
1716 1366 1831 1396 ordine
1848 1374 1908 1395 suo
1930 1366 2104 1395 reformari
2128 1374 2193 1395 non
2217 1369 2340 1404 posset,

1329 1419 1413 1449 illud
1440 1419 1552 1449 abbati
1580 1423 1690 1449 vestro
1710 1419 1958 1449 reformandum
1979 1418 2025 1448 de
2045 1418 2196 1449 Florensi
2225 1418 2341 1449 ordine

1330 1473 1579 1508 commiserunt,
1598 1472 1685 1511 quod
1702 1471 1801 1502 etiam
1817 1473 1938 1502 fratres
1956 1472 2013 1511 qui
2030 1472 2153 1502 ibidem
2170 1479 2342 1502 remam&-

1330 1530 1405 1556 rant
1429 1530 1648 1564 acceptantes,
1673 1525 1737 1564 ipsi
1767 1525 1877 1555 abbati
1908 1525 2150 1564 professionem
2177 1525 2339 1561 fecerunt,

1330 1579 1552 1618 promittendo
1569 1578 1720 1608 decetero
1736 1577 1926 1608 Florensem
1950 1578 2100 1608 ordinem
2123 1577 2158 1607 in
2186 1573 2342 1608 omnibus

1331 1632 1518 1662 observare.

1375 1699 1387 1713 n
1413 1686 1477 1716 Sed
1488 1685 1695 1724 postmodum
1714 1694 1779 1715 non
1796 1685 1904 1715 solum
1917 1683 2076 1715 officiales
2091 1685 2340 1724 quondam'Fr.,

1332 1739 1410 1769 olim
1424 1741 1649 1769 Romanorum
1660 1738 1881 1776 imperatoris,
1893 1747 1950 1768 vos
1963 1737 2020 1768 illo
2030 1738 2244 1774 monasterio,
2256 1737 2345 1777 quod

1332 1791 1528 1831 aliquandiu
1545 1791 1681 1830 pacifice
1706 1790 1914 1829 possedistis,
1935 1795 2050 1821 contra
2070 1790 2239 1830 justitiam
2265 1799 2343 1830 spo-

1332 1845 1469 1879 liarunt‚
1487 1853 1601 1874 verum
1615 1843 1714 1873 etiam
1727 1843 1815 1873 idem
1832 1844 1884 1873 Fr.
1900 1843 2060 1882 majorem
2074 1847 2200 1882 partem
2211 1851 2343 1882 posses-

1333 1898 1466 1928 sionum
1482 1896 1583 1927 vestri
1601 1895 1795 1926 monasterii
1809 1904 1866 1934 pro
1882 1905 1940 1926 sue
1956 1895 2136 1926 voluntatis
2153 1896 2292 1927 arbitrio
2307 1896 2344 1926 in

1334 1959 1432 1980 suum
1446 1949 1631 1979 dominium
1649 1949 1815 1979 revocavit
1833 1958 1839 1978 ε
1864 1953 1996 1988 propter
2012 1949 2100 1988 quod
2119 1944 2286 1979 defectum
2305 1949 2343 1979 in

1334 2002 1572 2042 temporalibus
1601 2011 1666 2032 non
1696 2002 1862 2032 modicum
1893 2002 2080 2032 sustinetis.
2111 2002 2180 2032 Nos
2211 2002 2341 2042 itaque,

1334 2056 1454 2086 vestris
1471 2054 1770 2093 supplicationibus
1786 2054 1952 2089 inclinati,
1978 2054 2066 2094 quod
2087 2063 2187 2093 super
2213 2054 2281 2085 hiis
2303 2054 2344 2085 ab

1334 2109 1460 2139 eisdem
1476 2108 1630 2147 episeopo
1645 2112 1677 2138 et
1699 2107 1825 2146 collega
1844 2107 1980 2146 provide
2001 2108 2126 2138 factum
2150 2112 2210 2143 est,
2235 2111 2346 2138 ratum

1333 2163 1495 2193 habentes
1511 2166 1542 2192 et
1559 2166 1699 2200 gratum,
1718 2161 1801 2191 illud
1818 2161 2015 2191 auctoritate
2031 2160 2211 2200 apostolica
2229 2161 2346 2191 confir-

1334 2225 1463 2246 mamus
1489 2220 1520 2245 et
1547 2215 1713 2253 presentis
1734 2214 1850 2253 scripti
1873 2214 2058 2253 patrocinio
2085 2214 2344 2245 communimus.

1334 2271 1541 2300 Revocantes
1557 2268 1773 2306 omninoque
1796 2268 1830 2296 in
1853 2267 2026 2306 premissis
2047 2267 2083 2296 in
2106 2270 2253 2297 vestrum
2270 2270 2346 2305 p're-

1331 2321 1496 2362 judicium
1514 2325 1592 2351 sunt
1608 2325 1810 2359 presumpta,
1824 2325 1854 2350 et
1869 2320 2064 2350 mandantes
2077 2319 2201 2350 dictum
2216 2323 2346 2349 monas-

1334 2375 1456 2405 terium
1476 2373 1589 2404 Sancti
1613 2373 1732 2411 Angeli
1755 2373 1875 2403 debere
1899 2373 1992 2402 vobis
2014 2372 2147 2402 restitui
2170 2377 2346 2411 vestreque

1335 2427 1548 2466 dispositioni
1563 2426 1725 2456 committi
1744 2431 1775 2456 et
1792 2426 1917 2456 tamdiu
1931 2425 2074 2456 detineri
2085 2425 2125 2455 ad
2136 2434 2255 2455 manus
2270 2429 2346 2456 v'es-

1337 2485 1415 2515 tras,
1441 2489 1626 2519 quousque,
1649 2480 1755 2518 ipsius
1782 2484 1813 2509 et
1835 2479 1998 2509 bonorum
2014 2479 2086 2518 ejus
2102 2478 2201 2517 plena
2213 2484 2347 2518 posses-

1336 2533 1429 2564 sione
1450 2533 1565 2563 habita
1583 2542 1601 2562 a
1622 2532 1726 2568 vobis,
1750 2532 1788 2562 de
1816 2532 1903 2562 dicto
1926 2531 2078 2562 Florensi
2102 2531 2218 2562 ordine
2238 2530 2348 2562 valeat

1337 2586 1505 2617 commode
1528 2586 1714 2616 reformari.
1732 2585 1825 2615 Nulli
1849 2589 1910 2616 etc.
1937 2589 2049 2614 nostre
2069 2583 2342 2620 confirmationis,

1335 2639 1557 2669 revocationis
1572 2643 1603 2669 et
1618 2639 1764 2678 precepti
1782 2643 1842 2669 etc.
1864 2639 1938 2668 Dat.
1953 2637 2116 2676 Anagnie‚
2137 2637 2170 2667 11
2184 2636 2346 2667 kalendas

1337 2692 1538 2727 novembris,
1558 2701 1644 2722 anno
1661 2691 1818 2722 secundo.
1841 2703 1854 2718 »

1414 2858 1432 2884 ¹
1443 2857 1530 2885 5(ss

1375 2917 1570 2944 lhsinianensi
1595 2924 1622 2944 et
1648 2917 1848 2952 Strongulensi
1872 2917 2019 2952 episcopis
2041 2918 2070 2942 et
2090 2914 2188 2947 Leoni,
2206 2914 2345 2942 canonico

1819 2855 1945 2890 Anagni,
1970 2856 2005 2881 1‘r
2021 2854 2176 2881 novembro
2196 2854 2273 2881 1256.
