2441 3330
939 178 1163 215 PREMIERE
1184 178 1344 216 ANNEE.
2150 189 2183 218 41

91 255 204 285 nimus
227 261 357 284 exnunc
377 252 510 281 irritum
531 270 581 280 —.
605 253 679 282 Dat.
703 251 859 290 Neapoli,
880 250 1032 281 kalendis
1052 251 1101 280 se-

90 305 232 341 bruarii,
251 313 337 335 anno
352 304 470 342 primo.
490 316 503 330 »

169 474 256 503 150

129 536 271 570 Magistro
291 535 415 562 Martino
438 535 526 569 priori
546 535 685 561 secularis
702 535 841 561 ecclesiae
858 534 1102 567 VVimai-anensis,

648 473 766 508 Naples,
782 473 816 500 QO
833 474 936 499 sevrier
956 474 1030 500 1255.

95 584 241 618 indulget,
265 588 309 617 ut,
329 584 353 610 si
371 583 405 609 ad
425 583 617 617 episcopalem
641 583 804 608 cathedram
825 583 921 617 ipsum
943 584 1102 616 promoveri

96 632 268 666 contigerit,
287 632 441 666 prioratum
459 639 509 665 per
525 631 622 657 decem
639 639 730 657 annos
748 635 847 665 postea
863 632 984 657 retinere
1001 633 1102 666 possit.

96 681 178 715 (Rae.
196 680 240 714 ⁶24,
256 688 281 706 c.
302 679 361 713 135,
377 680 396 706 f.
415 680 468 712 17.)

138 794 152 809 «
168 783 313 819 Mayistro
329 782 473 818 Martino,
483 782 588 819 priori
597 782 745 810 secularis
760 782 878 810 ecclesie
895 782 1105 811 trivam-anen-

94 836 146 870 sis,
164 834 384 863 Braclzarensis
399 834 532 869 diocesis,
554 835 710 871 capellano
726 839 839 863 nostro.
862 833 953 863 Licet
975 834 1105 864 VVima-

94 886 250 917 ranensis
283 885 423 916 ecclesia
446 886 534 916 inter
567 885 650 915 alias
686 885 781 923 regni
819 885 1009 923 Portugalie
1040 896 1105 916 non

96 938 303 968 cathedrales
327 942 363 967 ut
384 938 491 968 fertur
512 938 552 967 ab
575 938 712 976 antiquo
736 938 779 967 sit
800 937 984 967 nobilitatis
1010 938 1106 968 titulo

96 990 269 1027 insignita,
291 990 371 1019 adeo
396 994 506 1020 tamen
524 990 560 1019 in
583 990 653 1020 suis
676 990 817 1020 edificiis
839 990 991 1020 consistit
1011 990 1107 1020 exilis

97 1046 129 1073 et
157 1043 302 1077 modica,
337 1043 423 1081 quod
452 1047 606 1081 respectu
636 1052 772 1073 suarum
802 1043 959 1072 domuum
990 1044 1107 1073 usibus

97 1096 318 1133 ascriptarum
332 1095 488 1126 humanis
504 1095 635 1125 videtur
649 1096 745 1134 quasi
761 1096 987 1134 despectibilis
1004 1101 1034 1127 et
1051 1097 1108 1126 ab—

95 1149 182 1188 jecta
197 1159 202 1184 ;
218 1148 305 1187 quod
321 1152 355 1178 tu
368 1149 421 1186 pie
438 1158 474 1178 ac
491 1149 606 1179 devote
620 1149 835 1179 considerans
852 1149 991 1179 eandem
1006 1154 1108 1179 strue-

98 1204 174 1231 tura
183 1200 352 1231 desideras
366 1201 493 1239 erigere
510 1201 666 1239 digniori,
676 1205 712 1231 ut
724 1202 843 1241 majori
853 1201 1109 1232 honorificentia

98 1257 287 1283 veneretur.
306 1253 374 1283 Nos
387 1262 464 1283 vero
481 1253 684 1284 desiderium
700 1258 794 1283 tuum
809 1254 845 1283 in
863 1255 1004 1284 Domino
1021 1264 1109 1284 com-

98 1306 312 1341 mendantes,
329 1310 363 1336 ut
383 1306 517 1336 facilius
537 1307 645 1345 possis
668 1307 849 1338 auxiliante
865 1308 1006 1337 Domino
1023 1309 1110 1347 quod

99 1359 247 1389 intendis
264 1359 444 1397 perducere
463 1359 503 1389 ad
520 1359 705 1390 desiderate
726 1360 988 1391 confirmationis
1012 1362 1110 1391 effec-

100 1415 186 1446 tum,
210 1410 273 1440 tibi
297 1420 396 1449 quem
414 1411 502 1441 inter
526 1411 608 1442 alios
634 1421 727 1442 caros
750 1417 879 1442 nostros
907 1418 1039 1451 propter
1055 1418 1109 1444 tue

98 1463 274 1502 probitatis
299 1464 418 1493 merita
442 1464 647 1494 intendimus
667 1465 703 1494 in
728 1465 796 1495 hiis
819 1469 849 1495 et
871 1465 946 1496 aliis
974 1466 1110 1504 speciali

99 1515 257 1554 prosequi
268 1516 375 1553 gratia
388 1520 418 1546 et
431 1517 555 1551 favore,
572 1517 767 1548 auctoritate
783 1519 989 1556 presentium
1003 1518 1110 1548 indul-

100 1577 227 1607 gemus,
244 1572 291 1604 ut,
314 1569 343 1598 si
360 1569 401 1598 ad
418 1569 734 1608 archiepiscopalem
749 1571 802 1600 vel
820 1571 1039 1610 episcopalem
1056 1581 1110 1601 ca-

99 1621 251 1651 thedram
276 1624 307 1651 te
327 1622 514 1660 promoveri
538 1623 730 1660 contigerit,
754 1623 938 1661 prioratum
963 1625 1111 1663 ejusdem

100 1674 239 1704 ecclesie
254 1683 312 1713 per
332 1675 445 1705 decem
465 1684 569 1705 annos
588 1679 661 1713 post
683 1677 925 1714 promotionem
946 1681 1035 1707 tuam
1051 1678 1110 1708 tibi

99 1727 246 1757 retinere
260 1727 370 1757 liceat.
390 1728 465 1757 Non
481 1727 632 1758 obstante
652 1729 889 1760 constitutione
908 1731 1111 1761 Lateranen-

101 1779 149 1810 sis
162 1779 295 1809 concilii
309 1780 360 1809 vel
374 1779 521 1819 qualibet
538 1785 569 1810 et
586 1780 652 1810 alia
669 1782 836 1812 contraria
852 1791 911 1812 seu
928 1783 1044 1821 quavis
1058 1784 1111 1813 in-

101 1831 273 1870 dulgentia
287 1841 346 1870 per
367 1841 467 1871 quam
481 1832 674 1872 hujusmodi
693 1834 799 1871 gratia
814 1834 922 1865 valeat
942 1836 1107 1873 impediri.

100 1884 194 1915 Nulli
210 1889 269 1915 etc.
289 1889 400 1915 nostre
414 1886 640 1917 concessionis
661 1891 722 1917 etc.
744 1888 818 1917 Dat.
837 1888 988 1927 Neapoli,
1006 1890 1036 1918 X
1051 1889 1111 1919 ka-

99 1936 216 1967 lendas
234 1938 358 1973 martii,
377 1947 463 1968 anno
476 1938 594 1976 primo.
614 1951 627 1965 n

173 2115 256 2143 ¹51

135 2175 275 2210 Magistro
299 2175 453 2203 Laurentio
484 2178 648 2213 praeposito
674 2180 814 2206 ecclesiae
839 2188 864 2207 s.
890 2180 1013 2207 Yrenaei
1044 2180 1109 2216 Syr-

100 2224 221 2250 miensis
244 2223 396 2250 Colocensi
419 2229 447 2251 et
470 2225 589 2252 Nicolao
611 2225 745 2254 Baciensi
766 2229 923 2259 canonicis,
948 2229 1060 2256 nunciis
1082 2234 1110 2256 et

101 2272 335 2306 procuratoribus
364 2273 555 2307 capitulorum
584 2275 772 2303 ecclesiarum
802 2277 969 2304 Colocensis
998 2282 1026 2304 et
1055 2277 1109 2304 Ba-

99 2320 240 2354 chiensis‚
258 2322 390 2348 concedit
411 2322 574 2350 facultatem
595 2325 782 2351 contrahendi
804 2331 936 2352 mutuum
956 2336 1005 2360 pro
1020 2335 1110 2361 expe-

101 2367 204 2395 diendo
227 2370 341 2403 negotio
361 2370 512 2397 electionis
534 2373 664 2405 magistri
685 2372 811 2399 Tliomae
827 2375 926 2404 electi.
944 2379 1012 2401 tunc
1028 2384 1109 2410 prae-

103 2417 187 2451 positi
208 2417 346 2444 Albensis
366 2422 395 2444 et
419 2418 519 2453 [Belael
542 2420 621 2454 regis
644 2421 809 2456 Hungariae
828 2423 1063 2455 vicecancellarii,
1081 2425 1108 2450 in

101 2463 251 2492 Coloe-ensi
267 2466 390 2493 ecclesia
405 2468 563 2494 celebratae
577 2477 669 2503 usque
680 2470 714 2495 ad
726 2478 870 2497 summam
883 2471 927 2497 Cl,
938 2480 1108 2498 marcarum.

103 2512 186 2547 (Res.
202 2513 247 2547 2⁷4,
264 2522 289 2541 c.
311 2514 367 2545 136,
386 2514 405 2542 f.
424 2516 485 2547 17¹';
503 2515 650 2543 Por‘rfflsr
670 2518 776 2551 15682)

653 2117 771 2152 Napies,
792 2118 822 2144 12
839 2118 943 2145 fevrier
962 2119 1038 2145 1255.

143 2625 156 2640 α
179 2614 323 2651 Magistro
347 2616 521 2651 Laurentio,
541 2620 693 2655 preposito
718 2621 836 2649 ecclesie
860 2631 883 2649 s.
917 2622 1020 2650 Yrinci
1041 2621 1108 2660 (sic)

99 2666 287 2705 Syrmz'ensis
308 2668 469 2703 colocensi,
492 2675 517 2698 et
533 2671 656 2700 Nicolao
676 2673 815 2702 Baciensi
831 2675 1001 2710 canonicis,
1025 2683 1110 2703 nun-

101 2720 158 2748 ciis
174 2724 200 2748 et
218 2722 471 2757 procuratoribus
496 2723 705 2759 capitulorum
726 2726 924 2755 ecclesiarum
946 2727 1110 2756 Coloe-ensis

101 2776 128 2801 et
141 2772 328 2802 Bachiensis.
342 2773 425 2803 Cum
442 2774 527 2803 sicut
547 2775 582 2804 111
599 2793 647 2805 —.
666 2777 737 2807 Dat.
758 2778 909 2816 Neapoli.
928 2780 959 2808 II
973 2778 1047 2808 idus
1066 2779 1109 2808 fe-

99 2822 240 2860 bruarii,
258 2833 344 2855 anno
360 2825 476 2863 primo.
497 2838 510 2852 »

224 2889 447 2914 ALEXANDRE
465 2890 517 2920 1V,
535 2894 554 2916 t.
574 2891 594 2916 1.

1260 252 1345 280 152

1221 312 1364 343 Gualtero,
1382 314 1518 348 episcopo
1535 313 1690 340 Faventino
1701 334 1708 347 ‚
1726 314 1870 348 indulget,
1890 318 1921 341 ut
1936 319 2079 342 vacantem
2095 315 2188 342 eccle-

1185 360 1255 385 siam
1276 360 1310 386 de
1333 360 1444 387 Corleto
1465 361 1498 387 ad
1521 370 1649 388 mensam
1671 363 1735 395 ejus
1758 362 1887 388 retineat.
1909 362 1991 396 (Rae.
2012 363 2057 393 24,
2077 372 2103 391 c.
2128 363 2186 398 137,

1185 408 1203 433 1
1227 409 1292 442 1111

1733 252 1848 287 Naples,
1865 253 1900 280 29
1911 253 2023 288 janvier
2040 254 2114 281 1255.

1229 520 1241 533 11
1259 508 1408 541 Guallero,
1427 510 1559 546 episcopo
1575 511 1751 538 Faventino.
1766 510 1859 543 Cum,
1876 511 1959 539 sicut
1971 511 2004 539 in
2017 516 2128 541 nostra
2141 520 2188 542 re-

1190 559 1295 588 tulisti
1310 560 1478 596 presentia
1493 561 1703 593 constitutus,
1721 565 1851 599 propter
1868 571 2058 598 guerrarum
2076 563 2188 592 discri-

1188 611 1278 640 mina
1302 612 1507 649 episcopatus
1528 613 1577 641 tui
1599 613 1745 642 redditus
1771 618 1801 643 et
1821 618 1997 651 proventus
2023 615 2089 643 sint
2111 615 2190 645 adeo

1188 663 1344 692 diminuti
1360 664 1447 701 quod
1463 665 1641 693 sustentari
1658 665 1824 695 commode
1841 674 1875 694 ac
1890 665 1972 695 alias
1987 667 2191 697 necessarias

1189 725 1348 754 expensas
1370 717 1477 746 facere
1494 726 1638 755 nequeas
1657 718 1695 747 de
1712 718 1851 749 eisdem,
1870 727 1929 747 nos
1945 719 2010 748 tuis
2027 719 2192 757 supplica-

1189 768 1335 797 tionibus
1352 773 1554 803 annuentes,
1576 769 1768 799 auctoritate
1786 770 1845 798 tibi
1861 770 2063 807 presentium
2081 771 2192 801 indul-

1189 830 1319 858 gemus,
1337 825 1372 850 ut
1388 825 1559 850 vacantem
1581 822 1754 851 ecclesiam
1775 822 1812 851 de
1835 822 1963 852 Corleto
1982 827 2035 852 tue
2052 824 2191 853 diocesis

1190 873 1230 902 ad
1248 877 1338 902 tuam
1356 877 1452 911 prout
1472 873 1594 903 asseris
1615 874 1823 903 collationem
1839 878 2040 912 spectantem
2057 875 2095 904 ad
2111 885 2192 905 usus

1190 935 1302 955 mense
1331 930 1384 955 tue
1414 926 1645 964 quoadvixeris
1673 930 1800 956 tantum
1829 926 1938 956 valeas
1960 927 2114 957 retinere.
2144 929 2194 957 Ita

1190 982 1300 1008 tamen
1323 979 1410 1016 1111011
1432 979 1538 1008 eidem
1557 979 1693 1008 ecclesie
1714 988 1771 1017 per
1791 979 1946 1008 idoneum
1965 980 2125 1009 vicarium
2142 981 2192 1009 sa-

1191 1031 1259 1060 cias
1275 1031 1453 1065 deserviri,
1471 1031 1525 1060 cui
1541 1031 1758 1061 sufficientem
1777 1031 1815 1061 de
1836 1031 1941 1069 ipsius
1960 1031 2096 1061 61110511·
2119 1033 2192 1061 red-

1192 1083 1316 1113 ditibus
1343 1083 1527 1122 portionem
1555 1084 1715 1121 assignes,
1745 1084 1783 1113 de
1811 1093 1875 1122 qua
1898 1084 1999 1121 possit
2028 1085 2193 1113 commode

1192 1136 1372 1165 sustentari
1400 1139 1431 1165 et
1458 1136 1523 1165 alia
1550 1136 1696 1174 ejusdem
1724 1136 1860 1166 ecclesie
1890 1145 1987 1165 onera
2017 1137 2191 1166 sustinere.

1192 1188 1285 1218 Nulli
1299 1192 1359 1217 etc.
1375 1192 1485 1218 nostre
1498 1189 1720 1218 concessionis
1737 1193 1798 1219 etc.
1814 1190 1886 1218 Dat.
1899 1189 2047 1226 Neapoli,
2062 1190 2128 1218 IIII
2140 1189 2192 1218 ka-

1191 1241 1306 1271 lendas
1322 1241 1494 1276 februarii,
1512 1250 1598 1271 anno
1613 1241 1728 1279 primo.
1752 1253 1764 1267 ³>

1267 1418 1354 1446 153

1228 1481 1274 1515 O.,
1287 1489 1311 1507 s.
1329 1480 1433 1506 Mariae
1449 1480 1477 1506 in
1494 1479 1548 1506 Via
1563 1480 1616 1506 lata
1632 1480 1751 1506 diacono
1766 1479 1908 1510 cardinali,
1923 1479 2093 1513 apostolicae
2110 1478 2194 1505 Sedis

1192 1530 1301 1563 legato,
1319 1529 1434 1555 mandat
1450 1532 1480 1554 ut
1496 1528 1641 1559 Romano,
1659 1528 1798 1554 monacho
1814 1528 1977 1553 monasterii
1993 1536 2016 1553 s.
2040 1527 2142 1561 Angeli
2158 1527 2193 1553 de

1742 1418 1856 1452 Naples,
1874 1418 1904 1443 12
1926 1417 2028 1443 fevi-ior
2047 1417 2121 1443 5255.

1193 1578 1317 1612 Raparo,
1329 1577 1438 1603 ordinis
1454 1585 1477 1603 s.
1496 1576 1604 1607 Basilii,
1624 1577 1818 1611 Anglonensis
1834 1576 1968 1608 diocesis,
1986 1578 2019 1602 ad
2036 1576 2192 1602 Romanam

1193 1625 1351 1652 Ecclesiam
1368 1625 1443 1651 nullo
1460 1625 1552 1651 medio
1569 1626 1748 1659 pertinentis,
1762 1625 1787 1650 in
1800 1624 1929 1650 abbatem
1941 1624 2070 1658 ejusdem
2084 1632 2194 1650 monas-

1193 1675 1257 1702 terii
1278 1674 1383 1703 electo.
1401 1673 1551 1699 electionis
1566 1681 1632 1699 vero
1650 1673 1893 1699 confirmationem
1910 1672 1943 1697 ad
1964 1680 2062 1706 papam
2081 1675 2194 1706 propter

1193 1724 1302 1750 viarum
1320 1722 1487 1748 discrimina
1506 1723 1658 1756 impetrare
1679 1720 1848 1754 nequeunti,
1866 1720 2054 1746 obedientiam
2071 1724 2098 1746 et
2115 1728 2194 1745 reve-

1193 1771 1312 1798 rentiam
1335 1770 1458 1796 debitam
1481 1770 1565 1796 faciat
1586 1769 1714 1795 exhiberi
1735 1776 1767 1794 ac
1790 1776 1894 1794 munus
1916 1768 2122 1794 benedictionis
2142 1768 2194 1793 1111-

1193 1820 1288 1854 pendi.
1307 1819 1390 1852 (Rau.
1408 1818 1450 1851 24,
1466 1826 1491 1844 c.
1511 1818 1570 1852 1138,
1588 1818 1605 1844 f.
1625 1818 1691 1851 17¹¹.)

1236 1934 1248 1947 t(
1271 1922 1315 1955 0.,
1336 1925 1437 1949 sancte
1456 1921 1550 1948 Maria
1573 1920 1606 1947 in
1632 1919 1684 1948 Via
1702 1919 1764 1947 lata
1780 1918 1905 1946 diacono
1921 1918 2089 1949 cardinali,
2108 1925 2195 1954 apos-

1195 1976 1279 2004 tolice
1309 1974 1392 2003 Sedis
1421 1974 1526 2010 legato.
1558 1973 1603 2001 Ex
1625 1975 1716 2009 parte
1736 1970 1846 2000 dilecti
1869 1987 1916 1998 —-.
1940 1971 2012 1999 Dat.
2035 1969 2192 2007 Neapoli,

1193 2028 1226 2057 II
1244 2027 1318 2056 idus
1335 2025 1511 2061 februarii,
1530 2033 1615 2054 anno
1628 2024 1744 2062 primo.
1765 2036 1777 2049 n

1269 2203 1355 2232 154
1745 2198 1859 2232 Naples,
1881 2198 1910 2223 18
1927 2197 2030 2223 sevriel·
2049 2197 2122 2223 ¹955.

1228 2265 1393 2291 Mantuanis
1409 2263 1540 2293 mandat,
1560 2266 1590 2288 ut
1604 2261 1737 2288 officiales
1753 2269 1849 2286 eorum
1867 2260 1893 2285 in
1911 2264 1984 2285 terra
2001 2258 2194 2293 Pigugnagtae

1192 2313 1226 2340 ad
1240 2313 1398 2339 itomanam
1410 2311 1569 2337 Ecclesiam
1588 2310 1748 2344 pertinente
1764 2308 1872 2342 positos
1883 2311 2041 2333 amoveant.
2055 2306 2136 2339 (ltro.
2151 2306 2193 2338 ι34,

1193 2360 1421 2393 c.t39,f.17va

1235 2474 1247 2488 1(
1328 2461 1479 2498 potestati,
1503 2460 1629 2489 consilio
1654 2464 1679 2487 et
1705 2458 1861 2487 sonivium
1887 2457 2074 2485 Manltmnis.
2100 2455 2192 2489 Cum,

1193 2514 1266 2544 sitis
1284 2513 1429 2543 Ecclesie
1448 2514 1593 2542 Romane
1608 2511 1668 2540 filii
1683 2515 1713 2540 et
1732 2509 1839 2539 dovoti
1856 2509 1996 2545 cogitare
2016 2518 2050 2536 111·
2068 2508 2194 2535 ellit-«fro

1194 2576 1249 2595 vos
1266 2566 1357 2595 ‹lt-cet
1374 2575 1436 2603 quo
1454 2564 1549 2593 matri
1568 2564 1717 2602 placeant
1734 2567 1762 2591 et
1785 2561 1949 2590 ‹let-linare
1975 2560 2112 2589 sollicite
2132 2568 2194 2596 que

1194 2619 1371 2653 oll'endant,
1395 2622 1431 2647 ut
1449 2618 1525 2647 1111111
1543 2617 1589 2646 sie
1610 2616 1659 2644 illi
1683 2614 1876 2657 studueritis
1901 2612 2065 2642 voluntat«¹
2089 2615 2115 2639 et
2141 2620 2193 2638 ac-

1194 2672 1282 2702 tione
1301 2671 1428 2709 placere
1448 2671 1520 2709 ipsa
1543 2679 1672 2708 quoquc
1696 2678 1751 2697 vos
1773 2676 1900 2704 semper
1917 2666 2028 2693 ‹lt-beat
2054 2663 2194 2697 lumin-110

1193 2726 1305 2753 favore
1328 2725 1438 2753 fovere
1466 2727 1496 2753 et
1521 2732 1579 2752 suo
1599 2722 1668 2751 loco
1689 2725 1719 2750 et.
1740 2724 1882 2757 tempore
1901 2720 2009 2747 sarci-⁴·
2036 2715 2193 2745 favorabi-

1193 2777 1269 2806 liter
1286 2776 1369 2806 votis
1388 2776 1518 2806 vestris.
1537 2776 1621 2804 Sane
1643 2774 1680 2803 ad
1698 2772 1897 2802 audientiam
1922 2775 2062 2799 nostram
2081 2777 2193 2805 [wi-vc-

1195 2829 1255 2864 nit,
1269 2829 1355 2867 quod
1366 2838 1439 2858 cum
1453 2832 1537 2857 terra
1553 2825 1756 2864 Pigugnagie
1769 2824 1808 2853 ad
1822 2825 2000 2853 Romanam
2015 2819 2192 2850 licvit-simu

2058 2886 2071 2907 c
