2498 3325
978 212 1202 249 ΡΒΕΜῙΕΒΕ
1224 214 1382 252 ANNEE.
2173 227 2230 257 269

131 283 233 313 licam
249 284 376 320 Sedem,
402 293 501 323 quam
523 284 561 314 de
579 284 725 315 triennio
745 286 781 315 in
798 285 982 315 triennium
1004 285 1141 315 visitare

132 337 288 372 tenearis,
316 345 376 375 per
401 337 540 367 fratrem
564 337 762 368 Michaelem
791 338 974 374 doctorem,
1003 339 1141 367 fratrem

133 389 341 418 Bernardum
352 393 383 419 et
395 389 612 420 Guillelmum
623 390 662 420 de
675 390 843 427 Colonico,
855 391 1089 430 presbyterum
1101 390 1139 421 de

133 441 276 478 capitulo
288 441 510 477 Gerundensi,
524 443 664 473 nuncios
676 447 761 479 tuos,
774 452 832 481 pro
843 443 983 473 instanti
995 443 1139 473 triennio

133 493 266 523 duxeris
275 493 535 528 visitandum,ut
544 495 582 525 de
595 495 786 535 hujusmodi
795 496 986 526 visitatione
998 499 1141 534 nequeat

132 545 168 574 in
182 550 352 583 posterum
373 546 484 585 aliqua
503 548 721 578 dubitationis
737 549 876 579 materia
893 549 1048 585 suboriri,
1067 558 1137 585 nos,

132 597 199 627 tuis
213 597 339 628 devotis
353 599 506 637 precibus
518 605 715 637 annuentes,
730 601 765 630 in
778 601 969 640 hujusmodi
982 602 1031 631 rei
1045 602 1139 632 testi-

132 651 281 680 monium
298 655 469 689 presentes
488 652 616 683 litteras
640 653 700 682 tibi
723 654 877 684 duximus
899 655 1136 685 concedendas.

131 703 206 732 Dat.
224 704 390 739 Laterani,
408 705 476 734 1111
492 704 651 735 kalendas
667 705 862 741 decembris,
882 715 967 736 anno
985 707 1103 745 primo.
1123 719 1136 733 n

201 894 288 923 309

167 955 258 983 Priori
278 960 305 983 et
320 957 457 985 fratribus
473 958 633 993 Hosp‘calis
647 958 883 993 Jerosolymitani
903 960 932 986 in
953 959 1049 994 Capua
1065 968 1137 986 con-

129 1005 222 1032 firmat
238 1014 338 1033 omnes
352 1010 457 1039 terras,
476 1009 679 1042 possessiones
694 1012 723 1034 et
743 1009 844 1034 domos
859 1017 932 1042 quas
948 1009 990 1035 eis
1005 1008 1135 1042 donavit,

128 1054 157 1080 in
175 1054 371 1089 Neapolitana,
391 1057 541 1083 Arei-sana
557 1061 584 1083 et
600 1056 770 1083 Yserniensi
786 1057 961 1087 civitatibus,
980 1065 1091 1083 necnon
1108 1057 1136 1083 in

128 1102 266 1135 Nuceria,
285 1103 386 1130 Castro
408 1105 494 1130 inan-is
516 1105 551 1131 de
575 1105 725 1136 Surrento,
748 1105 844 1131 Monte
865 1105 978 1132 Ridone
993 1108 1021 1131 61
1036 1104 1137 1139 Carpi-

128 1159 213 1183 none,
230 1153 371 1179 Martinus
387 1154 462 1179 filius
478 1154 621 1188 quondam
641 1154 769 1188 magistri
786 1153 935 1181 Benedicti
951 1155 985 1181 de
1003 1154 1135 1186 Ysernia,

127 1200 299 1234 professoris
322 1202 398 1235 Juris
425 1201 533 1233 civilis,
560 1202 669 1229 litteras
692 1202 842 1229 Benedicti
867 1203 977 1229 mensis
1007 1208 1134 1237 septem-

127 1248 187 1275 bris
204 1248 347 1276 MCCLIII
362 1250 527 1278 inserendo.
545 1251 628 1284 (Rae.
647 1251 690 1284 24,
707 1260 732 1278 c.
750 1251 816 1285 732,
833 1251 849 1277 f.
871 1252 940 1283 106.)

678 897 805 931 Anagni,
822 897 837 923 6
853 897 970 924 octobre
988 898 1066 924 1255.

172 1362 184 1376 «
216 1373 252 1385 ..,
278 1353 398 1388 priori,
430 1357 456 1381 et
479 1353 631 1388 fratribus
654 1354 818 1390 Hospitalis
838 1355 1080 1383 Jerosolinnsstani
1105 1355 1137 1383 in

131 1403 245 1440 Capua.
272 1404 379 1434 ι105115
398 1405 583 1443 petentium
607 1410 667 1435 etc.
692 1415 798 1444 usque
823 1416 829 1434 :
858 1406 1031 1444 complere.
1054 1407 1138 1437 Cum

128 1455 242 1493 igitur,
267 1457 353 1486 51601
375 1458 490 1495 petitio
510 1461 619 1488 vestra
644 1459 740 1488 nobis
763 1459 909 1488 exhibita
935 1460 1135 1495 continebat,

129 1509 306 1545 Martinus,
318 1509 407 1539 filius
417 1511 582 1549 quondam
591 1511 742 1549 magistri
752 1512 925 1542 Benedicti
935 1512 972 1541 de
980 1513 1133 1548 Ysernia,

130 1569 187 1598 pro
209 1570 268 1590 sua
291 1571 326 1591 ac
350 1567 526 1600 parentum
544 1572 679 1593 suorum
698 1564 885 1593 animarum
905 1564 1025 1599 salute,
1044 1565 1136 1594 vobis

131 1618 161 1643 et
186 1623 244 1651 per
266 1623 322 1644 vos
343 1614 499 1653 hospitali
522 1620 631 1645 vestro
654 1616 708 1654 pia
729 1620 759 1646 et
780 1617 917 1654 provida
936 1617 1137 1647 liberalitate

131 1675 244 1696 omnes
263 1671 382 1702 terras,
405 1669 633 1706 possessiones
657 1672 687 1698 et
710 1669 822 1699 domos
841 1679 922 1708 quos
943 1669 1085 1699 habebat
1101 1670 1136 1698 in

130 1719 366 1757 Neapolitana,
384 1721 555 1751 Aversana
571 1725 601 1751 et
619 1722 818 1751 Yserniensi
833 1722 1040 1755 civitatibus,
1060 1731 1136 1752 nec·-

131 1781 195 1801 non
222 1776 251 1802 et
277 1773 312 1802 in
335 1773 495 1808 Nuceria,
517 1774 632 1804 Castro
648 1774 750 1804 maris
767 1774 805 1803 de
827 1775 1005 1809 Surrento,
1025 1776 1136 1804 Monte

129 1824 257 1854 Ridone
277 1829 307 1855 et
323 1825 522 1863 Carpinone,
541 1835 578 1855 ac
594 1826 627 1855 in
646 1827 794 1864 ipsorum
811 1827 983 1856 civitatum
1003 1831 1031 1857 et
1048 1827 1136 1857 loeo—

128 1887 201 1906 rum
217 1878 441 1916 pertinentiis,
458 1883 554 1917 prout
571 1880 737 1917 spectabat
757 1880 795 1909 ad
813 1890 899 1915 eum,
918 1880 1089 1910 donaverit
1106 1884 1137 1910 et

129 1931 330 1960 concesserit
354 1931 441 1961 inter
465 1931 568 1967 vivos,
598 1932 683 1962 sicut
708 1933 742 1961 in
764 1933 988 1962 instrumento
1003 1933 1136 1971 publico

128 1984 277 2013 consecto
294 1983 411 2013 exinde
425 1984 557 2022 plenius
569 1985 758 2015 continetur
771 1996 776 2014 :
791 1986 869 2020 Nos,
881 1985 1001 2015 vestris
1014 1985 1137 2023 suppli-

128 2036 315 2066 cationibus
338 2037 510 2073 inclinati,
534 2038 622 2076 quod
647 2047 745 2076 super
770 2038 831 2067 1100
859 2048 895 2068 ac
925 2039 977 2077 pie
1002 2039 1136 2077 provide

128 2090 251 2119 facturn
271 2094 330 2125 est,
358 2094 467 2119 ratum
492 2094 522 2120 et
544 2095 673 2128 gratum
689 2091 861 2123 habentes,
887 2092 921 2121 id
940 2092 1135 2121 auctoritate

129 2142 307 2179 apostolica
323 2143 558 2173 confirmamus
575 2148 636 2173 610.
654 2153 759 2182 usque
777 2155 782 2173 z
801 2145 1057 2174 communimus.
1076 2146 1137 2174 Te-

128 2204 242 2224 norem
260 2195 366 2233 ipsius
380 2196 594 2226 instrumenti
610 2198 822 2235 presentibus
839 2198 876 2228 de
894 2198 993 2228 verbo
1010 2198 1050 2227 ad
1063 2207 1138 2227 ver-

127 2248 205 2277 bum
221 2248 326 2278 inseri
342 2249 513 2285 facientes,
535 2250 592 2288 qui
608 2250 684 2279 talis
702 2255 750 2280 est
771 2261 776 2279 :

800 2336 969 2370 Septembre
986 2337 1065 2363 4253.

170 2409 182 2423 ‹<
201 2398 240 2426 In
257 2398 390 2427 nomine
413 2398 547 2427 Domini
570 2399 674 2429 nostri
694 2399 798 2429 Jnesu
816 2399 960 2435 Christi,
980 2408 1066 2429 anno
1086 2399 1139 2428 in-

129 2462 143 2475 »
168 2450 372 2479 carnationis
398 2451 468 2489 ejus
494 2451 704 2485 M.CC.LIII,
737 2456 767 2481 et
796 2452 892 2481 161110
923 2460 1009 2481 anno
1044 2452 1138 2489 regni

131 2514 144 2528 ›>
169 2502 294 2531 domini
311 2503 415 2532 nostri
432 2503 575 2533 Conradi
591 2504 652 2533 Dei
669 2504 771 2541 gratia
791 2504 1003 2534 invictissimi
1015 2505 1139 2534 ’Roma-

133 2568 144 2580 »
170 2563 287 2585 norum
309 2556 342 2585 in
361 2565 470 2593 regem
493 2556 590 2587 electi
606 2566 735 2595 semper
754 2557 888 2595 augusti
903 2557 1091 2588 Jerusalem
1108 2560 1139 2587 61

133 2619 146 2634 1>
171 2607 285 2638 Sicilie
304 2609 403 2646 regis,
422 2618 535 2639 mense
552 2609 759 2647 septembris,
778 2610 843 2640 XII
860 2610 1051 2640 indictione.
1072 2611 1139 2648 Ego

134 2672 146 2686 2>
172 2661 347 2695 Martinus,
365 2661 453 2691 filius
466 2662 631 2700 quondam
643 2663 794 2699 magistri
806 2663 978 2693 Benedicti
992 2663 1030 2693 de
1045 2664 1139 2693 Yzer-

135 2728 147 2738 ι»
172 2713 243 2748 nia,
269 2715 467 2752 professoris
489 2715 575 2754 juris
601 2715 725 2751 civilis,
754 2716 883 2746 declaro
911 2717 945 2745 in
970 2715 1139 2754 presentia

135 2778 147 2791 »
171 2766 335 2796 -Johannis
353 2768 547 2805 cognomine
565 2768 853 2807 Stzula1·ii,judicis
872 2768 971 2808 hujus
984 2769 1139 2807 Capuane

135 2830 147 2844 1)
173 2819 328 2854 civitatis,
343 2823 373 2849 et
385 2820 563 2858 subscripti
578 2821 667 2850 Petri
682 2821 814 2857 notarii,
828 2822 863 2850 in
875 2830 957 2860 quos
973 2825 1140 2860 tamqnam

136 2883 148 2896 a>
173 2871 208 2900 in
233 2881 322 2901 meos
342 2872 487 2911 judicem
511 2877 541 2903 et
566 2874 731 2903 notarium
755 2875 925 2910 consensi,
952 2874 1060 2904 sciens
1085 2883 1139 2904 eos

1227 298 1239 312 ³>
1261 287 1407 325 judicem
1421 293 1452 319 et
1463 290 1628 320 notarium
1641 299 1730 321 meos
1745 300 1810 321 non
1827 300 1910 327 esse,
1921 292 2134 330 presentibus
2146 296 2177 323 et
2191 294 2232 323 ad

1226 350 1239 365 »
1263 339 1325 369 hoc
1347 341 1536 378 specialiter
1557 343 1681 372 vocatis
1707 347 1738 373 et
1760 343 1884 381 rogatis
1905 344 2061 380 testibus,
2089 345 2230 383 dompno

1226 402 1238 417 r>
1264 391 1442 423 Guillelmo
1468 395 1663 432 cognomine
1685 395 1882 431 Testolario,
1907 396 2048 434 dompno
2072 399 2168 428 Petro
2192 398 2231 429 de

1226 455 1238 469 n
1265 444 1384 475 Sancta
1396 446 1508 481 Lucia,
1529 447 1669 485 dompno
1681 447 1872 483 Casertano,
1891 448 2031 487 dompno
2047 451 2228 487 Leonardo,

1225 507 1237 521 n
1263 497 1432 534 capellano
1455 499 1633 537 subscripti
1656 499 1857 537 Hospitalis,
1875 501 2012 531 Nicolao
2034 503 2230 540 cognomine

1225 560 1237 574 x>
1262 549 1439 586 Affumato,
1451 551 1570 582 clerico
1581 552 1717 591 majoris
1727 552 1866 583 ecclesie
1875 553 2041 591 Capuane,
2053 556 2229 586 etNicolao

1225 613 1237 627 >⁷
1263 602 1399 632 Roberti
1422 603 1461 633 de
1484 605 1610 634 Mauro.
1634 605 1720 641 Quia
1742 609 1791 635 est
1813 614 1920 635 annus
1941 615 2027 636 unus
2049 607 2180 646 elapsus
2199 612 2231 638 et

1225 665 1237 679 r>
1261 654 1336 692 plus
1361 655 1448 693 quod
1465 656 1663 686 intentionis
1687 661 1718 686 et
1739 657 1919 687 voluntatis
1944 668 2015 688 mee
2038 660 2101 688 suit
2126 664 2157 690 et
2180 665 2230 690 est

1224 717 1237 732 »
1261 707 1387 736 intrare
1408 708 1579 749 Hospitale
1603 709 1715 739 Sancti
1735 709 1899 739 ,1011110015
1915 711 2177 742 Jerosolimitani
2195 713 2230 742 in

1225 771 1237 785 ¹>
1262 759 1375 797 Capua
1395 763 1426 790 et
1444 759 1596 790 habitum
1617 761 1791 799 religionis
1808 761 1915 800 ipsius
1938 770 2107 794 assumere
2128 769 2158 795 et
2178 774 2231 796 me

1224 823 1237 837 »
1261 816 1292 841 et
1313 821 1366 842 res
1388 822 1479 842 meas
1499 814 1568 843 Deo
1590 817 1621 843 et
1642 814 1706 851 ipsi
1725 814 1891 852 Hospitali
1911 815 2123 847 devotissime
2139 818 2232 847 dedi-

1224 876 1236 890 1)
1263 873 1351 900 care,
1374 874 1463 894 nunc
1484 869 1593 896 autem
1616 866 1652 895 in
1675 866 1789 896 eadem
1814 867 1982 897 voluntate
2002 878 2229 906 perseverans,

1223 928 1236 943 a>
1262 921 1338 947 ante
1352 917 1543 955 ingressum
1558 927 1669 948 meum
1685 919 1720 947 in
1740 919 1912 957 Hospitale
1927 920 2126 958 predictum,
2145 923 2231 952 sicut

1223 981 1235 996 >³
1260 970 1344 999 mihi
1356 975 1469 1008 aptum
1482 975 1513 1001 et
1526 980 1709 1009 congruum
1725 976 1784 1007 est,
1800 972 1886 1002 bona
1901 982 1974 1002 mea
1987 974 2155 1004 voluntate
2172 984 2230 1013 per

1222 1034 1235 1048 »
1260 1022 1345 1052 lianc
1362 1027 1497 1058 cartam,
1519 1024 1554 1052 in
1570 1024 1739 1062 presentia
1754 1024 2017 1063 subscriptorum
2029 1026 2152 1065 judicis
2170 1036 2230 1057 no-

1223 1087 1235 1101 »
1260 1076 1337 1105 tarii
1359 1080 1390 1106 et
1411 1076 1557 1111 testium,
1576 1086 1634 1114 pro
1657 1077 1763 1107 salute
1779 1078 1889 1107 anime
1905 1087 1976 1108 mee
1994 1083 2024 1108 et
2043 1080 2232 1110 animarum

1223 1141 1235 1155 »
1259 1129 1364 1166 patris
1376 1132 1407 1158 et
1420 1129 1536 1159 matris
1550 1138 1622 1159 mee
1634 1134 1665 1159 et
1676 1130 1817 1159 aliorum
1828 1130 2059 1161 defunctorum
2068 1141 2228 1168 meorum,

1222 1193 1235 1207 »
1261 1181 1449 1211 donationis
1463 1181 1560 1211 titulo
1571 1182 1659 1211 inter
1670 1182 1773 1217 vivos,
1784 1183 1896 1218 offero,
1911 1183 2030 1219 alieno,
2045 1184 2083 1214 do
2096 1188 2126 1214 61
2138 1186 2229 1215 trado

1223 1245 1235 1260 »
1260 1234 1336 1269 tibi,
1356 1234 1510 1264 videlicet
1521 1234 1654 1264 domino
1670 1235 1815 1265 Henrico
1832 1235 1870 1265 de
1883 1236 2027 1273 Popleio,
2047 1238 2230 1268 venerabili

1222 1298 1235 1313 1)
1261 1286 1363 1324 priori
1387 1287 1603 1325 suprascripti
1627 1288 1739 1317 Sancti
1764 1288 1930 1319 Johannis
1953 1289 1988 1318 in
2014 1290 2143 1328 Capua,
2169 1291 2231 1320 tibi

1223 1351 1235 1365 n
1262 1344 1371 1369 tamen
1383 1349 1440 1378 pro
1449 1344 1540 1378 parte
1553 1345 1581 1370 et
1592 1341 1662 1370 vice
1675 1341 1892 1379 suprascripti
1902 1342 2095 1380 Hospitalis,
2109 1343 2170 1373 1100
2180 1349 2229 1374 est

1223 1403 1235 1418 n
1260 1392 1408 1429 integras
1431 1401 1545 1422 omnes
1567 1397 1671 1422 terras
1690 1398 1721 1423 et
1737 1402 1850 1431 preses
1872 1398 1902 1423 et
1924 1403 2016 1424 casas
2037 1404 2138 1431 meas,
2161 1400 2228 1426 tam

1223 1456 1235 1470 n
1260 1445 1383 1482 palatia
1400 1454 1498 1483 quam
1514 1445 1630 1483 planas
1650 1450 1680 1475 et
1696 1455 1810 1475 omnes
1826 1450 1931 1476 terras
1952 1447 2057 1477 cultas
2074 1452 2104 1477 et
2120 1449 2228 1478 incul—

1223 1509 1235 1523 »
1261 1501 1310 1527 tas
1336 1506 1417 1535 quas
1439 1497 1546 1527 habeo
1570 1498 1605 1526 in
1631 1498 1822 1528 civitatibus
1845 1500 2019 1537 Neapolis,
2050 1502 2174 1532 Averse
2197 1506 2228 1532 et

1223 1561 1236 1576 ›>
1261 1550 1420 1585 Ysernie,
1448 1550 1483 1579 in
1511 1551 1673 1585 Nuceria,
1696 1551 1812 1582 Castro
1839 1553 1955 1582 maris
1977 1553 2015 1583 de
2048 1554 2226 1590 Surrento,

1223 1616 1235 1630 ι
1260 1605 1371 1633 Monte
1394 1604 1529 1634 Rodone
1553 1608 1583 1634 et
1603 1605 1801 1642 Carpinone,
1820 1609 1851 1635 et
1871 1615 1929 1643 per
1948 1606 2097 1643 ipsarum
2112 1607 2228 1637 civita-

1222 1668 1235 1682 »
1260 1660 1330 1685 tum
1347 1660 1378 1685 et
1393 1656 1540 1686 locorum
1562 1657 1782 1694 pertinentias
1803 1661 1834 1687 et
1853 1657 2044 1696 ubicunque
2065 1659 2149 1688 mihi
2167 1659 2228 1689 ali-

1222 1721 1234 1735 »
1260 1709 1341 1748 quid
1366 1709 1538 1747 pertinens
1570 1709 1742 1739 invenitur
1775 1719 1862 1745 esse,
1893 1710 1983 1740 salva
2009 1711 2045 1740 in
2074 1712 2228 1742 omnibus

1222 1774 1234 1788 n
1261 1766 1378 1801 quarta
1393 1766 1485 1800 parte
1501 1762 1689 1800 pertinente
1703 1762 1835 1792 domine
1851 1763 1956 1793 Marie
1970 1764 2068 1793 matri
2085 1774 2156 1794 11166
2172 1774 2230 1803 per

1221 1827 1234 1842 i)
1259 1816 1420 1853 scriptum
1439 1815 1630 1853 Morgincap
1654 1816 1728 1845 dato
1751 1816 1967 1855 suprascripti
1986 1818 2152 1855 quondam
2174 1828 2229 1856 ge-

1222 1880 1234 1894 »
1260 1868 1378 1897 nitoris
1394 1868 1477 1903 mei,
1495 1877 1563 1897 una
1581 1877 1656 1897 cum
1671 1868 1888 1904 molendinis,
1907 1869 2100 1906 paludibus,
2122 1870 2227 1905 silvis,

1222 1933 1234 1947 >›
1260 1921 1452 1951 nemoribus
1466 1920 1606 1958 paleriis,
1620 1921 1817 1956 redditibus,
1833 1921 2008 1957 salutibus,
2023 1922 2228 1959 hominibus,

1222 1986 1234 2000 ι)
1261 1973 1408 2011 angariis
1426 1977 1456 2003 et
1471 1973 1680 2011 perangariis
1697 1973 1870 2003 hominum
1887 1978 1917 2003 et
1933 1983 2007 2004 cum
2024 1975 2178 2005 omnibus
2195 1976 2229 2005 in

1222 2039 1234 2053 n
1259 2026 1417 2064 predictis
1445 2026 1647 2055 habentibus
1674 2026 1791 2056 subtus
1817 2030 1847 2056 et
1873 2036 1982 2065 super,
2009 2032 2040 2057 et
2066 2037 2140 2057 cum
2165 2029 2228 2059 viis

1223 2091 1235 2105 »
1261 2080 1331 2109 suis
1348 2079 1471 2109 ibidem
1490 2079 1638 2108 intrandi
1659 2084 1689 2108 et
1709 2079 1849 2109 6116011111
1870 2084 1967 2118 atque
1984 2089 2058 2109 cum
2075 2081 2229 2111 omnibus

1222 2145 1234 2158 »
1260 2132 1335 2162 aliis
1348 2132 1417 2162 suis
1429 2132 1641 2170 pertinentiis
1652 2132 1691 2161 ad
1700 2132 1945 2169 possessionem
1954 2137 1984 2162 et
1994 2134 2228 2171 proprietatem

1223 2197 1234 2211 u
1261 2184 1477 2223 suprascripti
1495 2184 1678 2222 Hospitalis
1702 2184 1735 2213 111
1753 2193 1853 2213 manu
1869 2185 2026 2223 paruerit,
2046 2185 2086 2214 ad
2102 2185 2228 2215 liaben-

1223 2251 1235 2264 »
1261 2238 1338 2267 dum
1353 2242 1384 2267 et
1399 2237 1637 2275 possidendum
1653 2237 1743 2266 illico
1758 2237 1897 2266 firmiter
1914 2238 2029 2266 amodo
2041 2242 2071 2267 et
2088 2247 2227 2276 semper,

1223 2304 1235 2317 ³>
1261 2295 1292 2321 et
1313 2291 1503 2320 faciendum
1524 2290 1641 2319 exinde
1665 2290 1780 2319 amodo
1800 2290 1881 2319 etin
1903 2294 2000 2319 antea
2016 2300 2145 2329 semper
2161 2300 2230 2321 om-

1224 2356 1235 2370 »
1261 2344 1317 2373 nia
1343 2353 1405 2381 que
1434 2343 1520 2372 dieto
1545 2342 1710 2380 Hospitali
1737 2346 1767 2371 61
1786 2343 1856 2381 ejus
1878 2343 1964 2380 parti
1986 2343 2172 2381 placuerit:
2191 2345 2229 2374 Ε1

1223 2409 1235 2422 η
1262 2396 1370 2433 obligo
1394 2404 1445 2424 me
1465 2399 1495 2424 et
1514 2404 1604 2424 meos
1626 2394 1763 2424 heredes
1781 2395 2005 2432 suprascripto
2026 2395 2182 2433 hospitali
2200 2401 2230 2426 et

1224 2462 1235 2475 n
1262 2449 1332 2487 ejus
1350 2448 1516 2486 prioribus
1532 2452 1629 2486 atque
1647 2447 1839 2477 custodibus
1856 2447 1907 2477 vel
1921 2448 1974 2477 cui
1990 2448 2049 2478 hec
2067 2453 2156 2478 carta
2171 2459 2228 2487 pro

1224 2515 1236 2528 n
1262 2506 1352 2540 parte
1374 2501 1591 2539 suprascripti
1612 2500 1787 2538 hospitalis
1807 2500 1841 2529 111
1862 2510 1962 2530 manu
1981 2501 2129 2539 paruerit
2144 2502 2230 2531 inte-

1224 2568 1236 2582 »
1262 2564 1352 2592 gram
1371 2554 1628 2592 suprascriptam
1647 2562 1754 2583 meam
1773 2553 1984 2588 oblationem,
2006 2554 2228 2589 donationem,

1225 2620 1237 2634 »
1263 2607 1510 2641 alienationem,
1529 2606 1696 2635 dationem
1714 2610 1811 2643 atque
1827 2606 2037 2635 traditionem
2054 2607 2230 2637 deseridere

1225 2672 1236 2686 »
1263 2664 1293 2689 61
1310 2663 1465 2689 attestare
1481 2658 1595 2687 amodo
1610 2662 1640 2687 et
1657 2667 1786 2695 semper
1802 2658 1841 2687 ab
1855 2658 2008 2688 omnibus
2026 2658 2227 2689 hominibus.

1225 2725 1237 2739 n
1263 2712 1417 2742 omnibus
1444 2711 1604 2749 partibus,
1628 2716 1658 2741 ct
1679 2711 1810 2749 qnando
1828 2711 1991 2741 voluerint
2008 2711 2177 2741 licentiam
2200 2717 2230 2741 et

1226 2778 1237 2792 >³
1262 2768 1457 2804 potestatem
1481 2764 1624 2793 habeant
1648 2764 1710 2802 ipsi
1734 2764 1797 2793 sibi
1823 2764 1939 2793 exinde
1963 2774 2033 2793 6556
2053 2769 2178 2794 avim-es
2199 2769 2227 2793 et

1226 2831 1237 2845 >³
1263 2818 1454 2847 111-1611511165
1475 2817 1545 2846 viee
1566 2826 1638 2847 mea
1663 2821 1693 2847 61
1714 2817 1873 2847 heredum
1892 2826 2049 2851 meorum,
2070 2826 2143 2845 611111
2165 2818 2226 2847 ista

1226 2884 1237 2898 >³
1265 2881 1334 2900 11166
1351 2869 1528 2899 oblationis
1543 2874 1573 2899 et
1591 2869 1802 2899 alienatiOnis
1819 2874 1919 2904 carta,
1938 2873 1968 2899 61
1985 2878 2058 2897 enm
2075 2870 2228 2900 omnibus
