2498 3325
937 234 1166 271 DEUXIEME
1188 234 1348 271 ANNEE.

94 311 128 336 ab
143 310 167 338 I.
184 311 257 337 tituli
278 320 302 337 s.
325 311 469 337 Laurentii
492 311 520 336 in
540 309 647 336 Lucina
668 314 696 336 et
714 309 751 335 H.
768 309 842 335 tituli
859 317 884 336 s.
901 307 1024 334 Sabinae
1041 315 1102 334 car-

94 360 237 387 dinalibus
252 361 424 390 examinato,
442 359 586 385 licentiam
601 359 739 392 elargitur
753 357 870 392 regendi
882 358 997 384 scholas
1012 360 1039 383 et
1056 357 1101 382 do-

94 409 177 435 cendi
193 408 306 443 publice
331 407 459 434 Pru-isius
480 408 508 433 in
531 408 676 434 facultate.
694 407 776 441 (Hm.
794 407 841 437 24,
860 407 878 432 f.
899 406 958 437 138,
977 414 1042 432 ann.
1060 405 1103 439 II,

96 466 120 484 c.
139 458 195 490 99.)

138 571 150 585 «
170 560 276 588 Fratri
293 559 439 593 Guidoni,
460 560 561 587 abbati
577 559 610 588 de
626 560 812 593 Elemosina.
833 559 1038 589 Cisterciensis
1054 567 1104 587 07·-

97 612 191 640 dinis.
209 612 330 641 Rector
353 620 471 649 sponse
491 611 617 642 Christi
635 621 670 641 ac
682 612 849 650 profectus
866 611 967 649 exigit
981 611 1104 640 anima-

97 673 186 699 rum,
210 668 261 698 ut,
289 673 352 703 que
375 664 415 693 ad
439 664 551 694 divine
571 665 721 694 veritatis
744 665 935 702 indaginem
958 664 1047 694 clara
1069 663 1104 692 in

98 717 193 746 domo
209 716 285 746 fidei
302 716 479 746 orthodoxe
495 721 569 747 sunt
584 717 723 752 lumina.
740 726 779 747 ne
795 717 855 747 sub
869 717 1029 747 absconse
1043 717 1104 746 uti-

97 768 201 799 litatis
214 769 322 798 modio
334 768 528 798 delitescant
542 769 592 799 vel
607 770 753 808 cujusvis
765 769 978 799 emulationis
995 769 1104 799 studio

97 821 358 860 supprimantur,
374 822 413 851 ad
430 821 709 852 illuminationem
723 823 828 852 Deum
844 822 954 852 videre
969 822 1105 859 cupien-

97 874 181 904 tium
199 873 396 904 revelamus.
415 875 518 909 Sane.
544 879 572 905 te
589 884 694 913 nuper
710 875 796 913 apud
812 875 929 905 Sedem
949 874 1105 912 apostoli-

96 935 168 957 cam
186 927 382 962 constituto,
400 927 626 957 intelleximus
648 936 684 957 ex
707 927 868 957 relatione
889 927 993 961 fideli.
1018 927 1105 965 quod

95 980 130 1009 in
148 979 220 1017 lege
242 979 376 1009 Domini
401 980 480 1009 adeo
500 981 686 1018 profeceras
710 990 767 1018 per
786 980 883 1017 longa
906 980 1015 1009 studia
1032 988 1104 1009 sco-

94 1032 211 1063 lastice
233 1032 407 1071 discipline
432 1037 467 1062 ut
490 1033 528 1062 de
550 1037 658 1063 cetero
681 1042 813 1071 preesse
836 1033 956 1063 debeas
973 1042 1008 1061 ac
1028 1042 1103 1070 pro-

95 1086 190 1116 desse
218 1085 294 1115 aliis
318 1095 376 1124 per
401 1086 594 1115 doctrinam.
621 1087 689 1116 Nos
715 1086 843 1124 itaque,
875 1086 1102 1115 desiderantes

94 1139 278 1177 theologice
300 1138 468 1169 facultatis
489 1139 635 1169 studium
657 1148 715 1177 per
738 1139 907 1169 doctorum
925 1143 955 1168 et
974 1139 1103 1168 audito-

93 1200 168 1221 rum
190 1191 317 1229 copiam
344 1191 513 1230 ampliari,
535 1196 565 1221 te
585 1201 643 1230 per
666 1192 803 1222 dilectos
823 1191 908 1221 filios
928 1196 1058 1221 nostros
1075 1193 1098 1221 Ι.

93 1244 181 1274 tituli
199 1245 305 1274 sancti
322 1245 494 1274 Laurentii
511 1245 545 1273 in
562 1245 688 1274 Lucina
705 1249 735 1275 et
752 1246 792 1275 H.
813 1245 900 1274 tituli
918 1248 1029 1274 sancte
1047 1244 1101 1274 Sa-

94 1297 171 1327 bine
188 1297 389 1335 presbiteros
406 1297 592 1327 cardinales
610 1297 793 1327 examinari
808 1297 948 1327 fecimus
965 1297 1102 1335 diligen-

95 1355 153 1383 ter,
173 1355 214 1385 et,
231 1350 317 1380 sicut
333 1359 370 1379 ex
388 1351 535 1388 ipsorum
553 1354 583 1380 et
599 1350 739 1379 aliorum
757 1350 998 1388 fidedignorum
1015 1355 1103 1380 certa

93 1404 255 1435 relatione
277 1404 504 1441 cognovimus,
532 1408 681 1442 repertus
710 1413 743 1433 es
770 1404 809 1433 ad
835 1404 1103 1434 hedificationem

94 1457 240 1487 Ecclesie
254 1456 381 1487 Christi
395 1460 426 1486 et
440 1456 661 1487 eruditionem
675 1456 815 1486 aliorum
829 1456 862 1485 in
876 1465 968 1486 sacra
982 1456 1103 1494 pagina

95 1510 265 1549 copiosum
282 1509 443 1539 talentum
459 1510 598 1539 scientie
618 1519 653 1539 ac
670 1509 762 1539 verbi
783 1509 980 1547 elegantiam
998 1518 1036 1539 ex
1053 1509 1103 1538 di-

97 1563 172 1594 vine
198 1562 457 1601 dispensationis
484 1571 622 1592 munere
645 1563 823 1600 accepisse.
848 1563 1038 1600 Eapropter⁷
1068 1567 1104 1592 ut

96 1617 219 1646 donum
242 1615 353 1651 divine
377 1615 481 1653 gratie
504 1616 615 1645 favore
644 1615 822 1653 apostolico
847 1615 1101 1653 subsequamur,

96 1668 232 1706 regendi
251 1668 356 1697 scolas
373 1672 403 1698 et
419 1668 557 1697 docendi
577 1668 708 1706 publice
729 1668 878 1697 Parisius
895 1667 930 1697 in
948 1667 1103 1697 facultate

95 1721 254 1759 predicta,
271 1721 403 1759 plenam
419 1721 478 1751 tibi
499 1721 694 1751 auctoritate
710 1721 915 1759 presentium
932 1721 1103 1750 licentiam

96 1773 291 1811 elargimur3
313 1778 511 1809 statuentes,
530 1779 565 1804 ut
581 1774 736 1812 deinceps
753 1774 919 1803 consortio
935 1774 1104 1803 societatis

96 1826 331 1864 magistrorum
364 1827 608 1857 Parisiensium
638 1827 914 1866 quemadmodum
945 1836 1032 1856 unus
1066 1836 1104 1856 ex

96 1879 178 1917 ipsis
194 1879 229 1908 in
245 1879 494 1917 magistralibus
511 1880 705 1918 perfruaris,
724 1883 755 1909 et
772 1884 806 1908 tn
823 1888 860 1909 ac
877 1879 1044 1909 auditores
1058 1880 1104 1909 tui

95 1931 249 1961 omnibus
279 1932 464 1970 privilegiis
499 1936 530 1962 et
562 1932 830 1962 immunitatibus
865 1932 1105 1962 Universitatis

94 1985 330 2023 magistrorum
360 1990 390 2015 et
421 1985 599 2014 scolarium
631 1985 894 2019 Parisiensium.
929 1985 1104 2023 presertim

91 2038 185 2077 juxta
201 2038 444 2068 ordinationem
461 2047 560 2077 qnam
577 2047 675 2075 super
687 2038 912 2067 controversia
923 2037 1010 2067 inter
1026 2037 1105 2067 reli-

96 2090 205 2127 giosos
220 2095 249 2120 et
267 2090 433 2120 seculares
448 2090 624 2128 magistros
637 2090 846 2120 Parisienses
858 2094 969 2120 exorta
981 2090 1105 2120 dudum

97 2143 278 2177 edidimus,
302 2143 486 2180 gaudeatis.
511 2143 603 2173 Nulli
621 2147 680 2172 etc.
701 2146 812 2172 nostre
832 2143 1057 2172 concessionis
1075 2147 1105 2172 et

95 2196 346 2226 constitutionis
365 2200 425 2225 etc.
446 2197 519 2225 Dat.
539 2195 711 2230 Laterani,
734 2196 765 2225 ΙΙ
787 2195 948 2225 kalendas
970 2195 1105 2224 februa-

97 2248 157 2283 rii,
176 2257 263 2278 anno
279 2248 433 2278 secundo.
456 2261 468 2274 n

172 2434 288 2462 1118

132 2495 321 2522 Univcrsituti
345 2495 547 2529 magistrorum
571 2494 778 2521 parisiensium
801 2495 930 2525 mandat,
953 2499 981 2521 ut
999 2495 1107 2530 praefa-

97 2549 158 2571 tum
174 2545 289 2571 fratrem
306 2543 468 2570 Guidonem
486 2543 519 2569 ad
536 2544 714 2570 consortium
731 2551 829 2570 corum
851 2548 878 2570 et
896 2543 929 2570 ad
945 2544 1107 2570 docendum

96 2593 259 2623 admittant.
275 2592 308 2618 ad
326 2592 352 2618 id
369 2593 402 2618 ab
418 2592 555 2627 episcopo
573 2591 728 2618 parisiensi
743 2592 944 2627 compellendi.
958 2592 1042 2625 (nm.
1060 2592 1107 2626 94,

99 2642 117 2668 f.
136 2641 208 2671 138¹.
226 2649 293 2668 ann.
312 2640 353 2671 ΙΙ,
371 2649 396 2667 c.
414 2640 481 2674 092.)

644 2432 762 2466 Latran,
780 2433 809 2460 31
825 2434 939 2467 janvier
957 2433 1035 2460 1256.

143 2754 155 2768 u
174 2742 601 2779 Universitati.l!a9istrorum
615 2742 851 2770 l'arisiensium.
870 2742 974 2771 Decor
991 2750 1110 2780 sponse

100 2798 161 2824 etc.
191 2812 238 2823 —.
269 2794 431 2831 Quocirca
459 2794 673 2824 universitati
706 2798 812 2824 vestre
846 2803 902 2832 per
930 2794 1111 2832 apostolica

103 2847 225 2885 scripta
246 2847 460 2883 mandamus,
481 2847 639 2886 quatinus
660 2847 827 2885 prefatum
848 2847 983 2877 fratrem
1007 2848 1045 2877 G.
1072 2846 1110 2876 ad

102 2899 310 2930 consorcium
327 2904 472 2929 vestrum
488 2903 517 2930 et
535 2899 575 2929 ad
586 2899 869 2938 docendumjuxta
886 2899 1111 2929 concessionis

2136 246 2193 276 335

1187 310 1218 335 et
1239 307 1488 338 constitutionis
1510 314 1620 339 nostre
1643 314 1788 340 tenorem
1810 311 1882 340 sine
1903 311 2094 342 difficultate
2112 322 2193 351 qua-

1186 358 1267 389 libet
1287 359 1479 389 admittatis.
1507 361 1681 400 Alioquin⁷
1705 363 1887 392 venerabili
1908 364 2004 393 fratri
2025 370 2136 395 nostro
2159 389 2191 401 ..,

1187 411 1339 449 episcopo
1368 413 1570 448 Parisiensi,
1599 414 1715 443 damus
1740 416 1862 444 nostris
1889 416 2009 446 litteris
2038 418 2071 446 in
2099 428 2193 448 man-

1187 463 1289 499 datis⁷
1313 469 1347 493 ut
1370 474 1427 494 vos
1446 465 1486 494 ad
1507 466 1539 494 id
1560 467 1743 496 monitione
1764 468 1926 505 premissa
1944 478 2001 507 per
2019 479 2193 500 censuram

1187 515 1448 546 ecelesiasticam
1469 518 1689 556 appellatione
1712 524 1837 549 remota
1856 521 2039 559 compellat.
2065 523 2136 552 Dat.
2160 528 2194 552 ut

1187 577 1297 606 supra.
1322 582 1334 595 »

1222 674 1254 700 In
1271 684 1296 702 c.
1316 685 1350 702 m.
1371 677 1540 704 cancellario
1559 677 1724 704 Parisicnsi.

1260 855 1374 882 1119

1222 914 1366 950 Episcopo
1383 916 1608 950 Con-stantiensi¹
1626 919 1672 945 cui
1690 918 1878 946 Innocentius
1895 928 1965 954 papa
1981 919 2021 946 IV
2037 923 2193 953 concessit,

1188 967 1217 990 ut
1241 969 1398 998 proventus
1421 965 1643 998 beneficiorum,
1661 976 1734 1002 quac
1758 969 1829 994 infra
1852 970 2007 996 triennium
2031 979 2047 996 a
2068 973 2195 1005 tempore

1186 1013 1354 1046 hujusmodi
1379 1016 1580 1042 concessionis
1608 1017 1634 1042 in
1662 1018 1776 1043 civitate
1802 1018 1845 1044 vel
1874 1018 1982 1045 diocesi
2007 1019 2071 1053 ejus
2094 1027 2195 1045 vacare

1185 1062 1375 1095 contingeret,
1393 1071 1443 1096 per
1460 1072 1547 1090 unum
1564 1073 1671 1091 annum
1688 1070 1787 1099 posset
1804 1066 1960 1100 percipere,
1977 1067 2004 1092 in
2021 1067 2194 1094 solutionem

1184 1109 1347 1136 debitorum
1373 1112 1480 1144 quibus
1507 1113 1653 1147 obligatus
1681 1114 1842 1141 dinoscitur
1871 1116 2096 1146 convertendos,
2122 1116 2196 1142 hanc

1185 1159 1405 1185 concessionem
1429 1161 1589 1189 confirmat.
1616 1162 1698 1194 (Rae.
1721 1163 1767 1193 ⁵24.
1792 1163 1811 1190 f.
1837 1163 1910 1194 13sv‚
1927 1172 1993 1190 ann.
2018 1164 2101 1198 11‚c.
2126 1165 2193 1192 100:

1186 1205 1356 1239 anoucm,
1375 1209 1441 1234 Acca
1456 1211 1617 1242 pontificum
1633 1211 1774 1244 hen-etim,
1791 1215 1811 1238 t.
1828 1211 1850 1243 Ι,
1870 1218 1899 1238 n0
1915 1212 1986 1243 058.)

1698 857 1810 889 Latrat),
1830 858 1860 884 13
1877 859 2028 885 decembre
2046 861 2122 886 1255.

1228 1321 1240 1334 «
1266 1332 1298 1343 ..‚
1322 1311 1455 1347 episcopo
1474 1311 1711 1340 Constanticnsi.
1734 1312 1950 1349 Exigentibus
1974 1318 2027 1343 tue
2048 1314 2195 1344 devotio-

1186 1361 1238 1390 nis
1269 1379 1316 1389 —.
1348 1362 1421 1391 Dat.
1452 1363 1626 1397 Laterani,
1657 1365 1767 1394 idibus
1796 1366 1999 1401 decembris,
2030 1376 2115 1397 anno
2144 1377 2195 1397 se-

1185 1413 1303 1443 cundo.
1327 1427 1338 1439 υ

1260 1599 1375 1627 1120

1220 1659 1372 1686 Terminos
1388 1661 1527 1687 ecclcsiae
1544 1662 1578 1688 de
1598 1661 1732 1691 Fundon,
1750 1663 1944 1697 Egitaniensis
1965 1665 2101 1697 diocesis,
2120 1675 2193 1701 quos

1185 1708 1316 1735 limitavit
1334 1708 1367 1734 R.
1388 1708 1582 1742 Egitanicnsis
1598 1711 1753 1745 episcopus
1774 1712 1874 1738 litteris
1890 1713 1964 1740 (latis
1980 1715 2054 1748 apud
2073 1715 2192 1750 Bayram

1185 1756 1220 1782 de
1240 1756 1336 1791 Ocaya
1357 1758 1383 1783 in
1406 1757 1541 1792 aldeyada
1564 1758 1682 1785 Fundon
1703 1759 1802 1786 XVllI
1824 1761 1957 1788 kalendas
1977 1763 2118 1797 octobris,
2141 1765 2194 1791 Era

1186 1804 1436 1836 MCCLXXXXI,
1454 1807 1614 1834 confirmat.
1636 1808 1719 1840 (Rae.
1738 1808 1786 1842 ³24,
1809 1810 1826 1835 f.
1846 1810 1918 1842 138v,
1936 1820 2002 1838 ann.
2020 1811 2060 1843 11,
2077 1820 2102 1838 c.
2123 1814 2192 1844 101.)

1739 1601 1851 1634 Lau-an,
1867 1603 1901 1629 ⁴26
1915 1604 2026 1636 janvicr
2043 1605 2121 1632 1256.

1229 1919 1240 1932 κ
1259 1907 1411 1942 Joltanni,
1428 1910 1540 1937 rectori
1556 1911 1674 1938 ecclesie
1690 1911 1723 1939 de
1739 1911 1883 1946 Fundon,
1904 1913 2112 1949 Egitaniensis
2130 1915 2195 1944 dio-

1187 1960 1270 1988 cesis.
1285 1960 1392 1989 Justis
1409 1961 1593 1998 petentium
1615 1966 1676 1992 etc.
1695 1972 1800 2001 usqne
1818 1974 1824 1992 :
1843 1964 2015 2002 complere.
2035 1966 2117 1996 Cum
2133 1967 2197 2004 igi-

1189 2015 1250 2046 tur,
1283 2012 1369 2042 sicut
1388 2014 1505 2051 petitio
1532 2018 1588 2044 tua
1613 2015 1707 2045 nobis
1736 2017 1881 2054 exposita
1910 2018 2114 2054 continebat,
2142 2029 2196 2049 ve-

1188 2064 1349 2094 nerabilis
1388 2066 1491 2096 frater
1525 2072 1636 2097 noster
1675 2092 1707 2103 ..,
1746 2069 1973 2107 Egitaniensis
2010 2072 2194 2110 episcopus.

1188 2117 1385 2147 diocesanus
1409 2123 1502 2154 tuus,
1528 2120 1737 2157 parrochiam
1763 2122 1901 2151 ecclesie
1923 2127 1976 2152 tue
2001 2123 2039 2152 de
2063 2125 2196 2154 Fondon

1187 2168 1317 2199 duxerit
1331 2170 1430 2200 certis
1447 2171 1570 2202 finibus
1587 2172 1805 2208 limitandam,
1822 2179 1917 2212 prout
1933 2175 1968 2203 in
1984 2175 2090 2213 ipsius
2107 2176 2196 2207 litte-

1188 2221 1234 2251 ris
1251 2222 1411 2252 confectis
1428 2224 1545 2254 exinde
1562 2225 1694 2263 plenius
1711 2227 1910 2262 continetur,
1934 2237 2009 2263 nos,
2035 2229 2099 2258 tuis
2120 2239 2198 2268 sup-

1187 2273 1424 2311 plicationibus
1443 2276 1608 2311 inclinati,
1634 2279 1721 2316 quod
1741 2279 1780 2308 ab
1798 2279 1912 2309 eodem
1933 2280 2084 2319 episcopo
2101 2291 2199 2321 super

1188 2327 1250 2357 boc
1266 2328 1400 2365 provide
1417 2329 1540 2359 factum
1558 2335 1622 2365 est⁷
1647 2336 1757 2361 ratum
1772 2336 1802 2362 et
1819 2337 1948 2369 gratum
1967 2333 2145 2369 habentes,
2166 2336 2199 2364 id

1190 2381 1385 2410 auctoritate
1411 2382 1591 2419 apostolica
1615 2384 1849 2414 confirmamus
1872 2390 1930 2415 etc.
1957 2395 2062 2425 usque
2086 2397 2091 2416 :
2115 2396 2198 2417 com-

1190 2433 1371 2463 munimus.
1390 2435 1551 2464 Tenorem
1568 2435 1755 2466 litterarum
1769 2438 1917 2476 ipsarum
1934 2441 2144 2477 presentibus
2161 2441 2198 2471 dc

1191 2485 1290 2515 verbo
1307 2485 1346 2515 ad
1362 2486 1499 2516 verbum
1516 2487 1621 2518 inseri
1637 2489 1809 2525 facientes.
1828 2491 1885 2529 qui
1903 2491 1977 2521 talis
1994 2497 2042 2522 est
2060 2503 2066 2521 :

1672 2574 1800 2607 Fondon,
1822 2576 1851 2602 14
1868 2578 2033 2611 septembre
2052 2578 2127 2606 1-2523.

1235 2645 1246 2659 t(
1266 2634 1318 2668 R.,
1337 2633 1448 2663 divina
1466 2635 1681 2666 miseratione
1698 2637 1925 2675 Egitaniensis
1942 2640 2129 2679 episcopus7
2151 2642 2200 2671 di-

1195 2696 1207 2711 r>
1221 2685 1315 2727 ‘lecto
1330 2686 1363 2715 in
1378 2686 1511 2717 Christo
1526 2688 1593 2718 tilio
1606 2689 1753 2719 Jolianni
1769 2691 1945 2726 Jobannis,
1962 2693 2081 2721 rectori
2097 2693 2201 2723 eccle-

1196 2750 1207 2764 »
1235 2738 1281 2767 sie
1300 2739 1406 2768 sancti
1423 2740 1559 2769 Martini
1579 2741 1618 2770 ad
1635 2743 1784 2777 Fundon,
1804 2744 2029 2781 Egitanicnsis
2047 2745 2199 2780 diocesis,

1196 2803 1208 2817 n
1235 2791 1375 2821 salntem
1395 2796 1425 2821 et
1448 2792 1725 2823 benedictionem.
1747 2796 1832 2829 Nos,
1852 2797 1917 2826 tuis
1931 2797 2031 2835 justis
2048 2799 2201 2835 precibus

1197 2856 1209 2870 »
1235 2844 1398 2879 inclinati,
1415 2846 1623 2883 parrochiam
1640 2848 1745 2877 sancti
1764 2850 1898 2878 Martini
1916 2850 1953 2878 de
1973 2850 2126 2886 Fundom
2145 2861 2201 2881 cn-

1198 2910 1210 2923 »
1232 2897 1287 2936 jus
1310 2901 1416 2927 rector
1442 2899 1573 2934 existis,
1601 2909 1659 2938 per
1685 2901 1842 2931 terminos
1867 2902 2008 2932 inferius
2029 2908 2202 2934 annotatos
