2441 3330
181 188 235 216 124
905 189 1144 220 REGISTRES
1167 189 1476 222 D’ALEXANDRE
1499 193 1554 223 IV.

183 252 302 281 ordinis
316 253 416 281 sancti
431 253 609 290 Auquslini.
634 253 803 292 Obsequia
818 263 882 293 que
899 254 1020 285 dilecto
1035 254 1104 284 filio
1119 263 1190 284 ma-

179 305 282 343 gistro
292 304 439 340 Alberto,
450 305 578 335 notario
591 310 714 342 nostro,
726 315 800 336 cum
811 316 869 346 pro
881 307 1027 338 Ecclesie
1041 307 1190 345 negociis

178 361 247 388 erat
272 357 307 386 in
329 357 465 395 Anglia,
490 363 586 396 prout
611 359 816 397 accepimus,
841 360 1049 399 impendisti,
1074 370 1111 390 ac
1134 365 1191 390 tua

179 410 297 440 merita
316 415 346 440 et
363 410 493 440 devotio
509 420 609 450 quam
629 411 732 442 hahes
748 412 788 442 ad
805 413 990 443 Romanam
1006 413 1189 443 Ecclesiam

180 471 240 492 nos
269 462 430 492 inducunt
462 467 497 493 ut
529 464 614 494 votis
640 465 706 494 tuis
731 465 961 496 favorabiliter
985 469 1186 500 annuentes,

178 515 340 545 faciamus
363 515 424 545 tibi
447 516 587 553 gratiam
613 516 802 555 specialem.
827 518 865 547 In
887 522 1000 548 nostra
1023 517 1189 556 siquidem

177 567 315 605 proponi
334 567 444 597 fecisti
460 568 640 606 presentia,
657 569 754 607 quod.
771 569 931 600 electione
947 569 985 600 de
1001 573 1033 600 te
1049 570 1083 599 in
1099 570 1188 608 prio·
1211 597 1220 605 ,

177 628 247 650 rem
273 619 412 650 ecclesie
434 620 553 650 Sancte
575 621 749 651 Trinitatis
775 622 1033 657 Londoniensis,
1060 622 1188 653 ordinis

177 672 283 702 sancti
313 672 508 710 Augustini,
542 673 581 702 ab
611 673 695 712 ipsis
722 674 893 704 canonicis
925 675 1131 705 unanimiter
1157 679 1189 706 et

177 725 334 755 canonice
351 724 527 761 celebrata,
548 734 622 755 cum
639 726 785 756 nondum
803 727 979 757 subsecuta
995 727 1115 758 fuisset
1131 728 1188 758 de-

175 777 373 816 portationis
389 777 618 816 sollempnitas
637 778 689 809 vel
708 778 768 808 tibi
785 788 906 810 munus
924 780 1187 811 confirmationis

175 830 378 868 impensum,
398 834 538 861 tractare
558 831 662 861 dictos
680 832 857 862 canonicos
878 833 1061 863 secundum
1081 834 1188 864 Deum

175 887 206 913 et
222 883 372 913 ordinem
388 883 423 912 111
439 884 539 914 verbo
554 884 705 914 veritatis
720 885 761 915 ad
776 894 889 915 eorum
905 886 1100 916 instantiam
1115 896 1187 925 pro-

176 936 310 971 misisti,
323 940 353 967 et
368 936 415 966 sie
430 937 562 967 tandem
578 947 597 967 a
612 941 667 967 tuo
684 937 859 968 diocesano
875 947 997 969 munus
1011 939 1187 969 confirma-

175 989 276 1018 tionis
295 989 459 1027 recipiens
476 989 582 1020 eidem
599 990 737 1020 ecclesie
759 991 916 1029 prefuisti
937 1001 995 1030 per
1012 992 1187 1023 biennium

174 1047 205 1072 et
225 1042 367 1080 amplius
384 1042 593 1073 inconcusse.
612 1044 824 1074 Postmodum
848 1053 925 1075 vero
947 1045 1099 1083 magistri
1120 1047 1187 1076 Ro-

175 1095 288 1125 bertus
311 1099 484 1133 precentor
509 1099 539 1126 et
563 1096 735 1127 Johannes
758 1097 798 1127 de
822 1097 970 1128 Theham
995 1098 1186 1137 capellanus

174 1152 297 1177 noster.
313 1148 493 1177 canonicus
508 1148 763 1185 Londoniensis,
783 1159 819 1179 ac
837 1149 1008 1181 Johannes
1022 1151 1061 1181 de
1079 1151 1186 1189 Emig-

173 1200 247 1230 sord
263 1200 414 1235 clericus,
433 1201 471 1231 de
490 1201 655 1236 mandato,
675 1202 823 1241 ejusdem
839 1202 982 1233 diocesis
1000 1204 1040 1233 ad
1056 1204 1186 1234 instan-

174 1253 253 1282 tiam
271 1253 527 1291 metropolitani,
548 1254 633 1284 sicut
652 1254 817 1290 dicebant,
837 1255 878 1284 ad
893 1255 1076 1293 prioratum
1092 1265 1185 1286 acce-

174 1305 289 1335 dentes
310 1305 462 1335 eumdem
484 1310 515 1335 et
537 1306 747 1344 inquirentes
774 1306 898 1336 ibidem
923 1312 989 1336 tam
1016 1308 1050 1337 in
1078 1309 1185 1347 capite

173 1368 272 1398 quam
294 1359 326 1388 in
345 1358 518 1390 membris.
538 1364 567 1389 te
587 1364 663 1389 tunc
679 1360 850 1390 absentem
867 1365 897 1390 et
913 1370 978 1390 non
994 1370 1052 1400 per
1068 1366 1185 1392 contu-

173 1412 329 1446 maciam,
348 1411 520 1441 occasione
539 1412 722 1450 juramenti
740 1412 792 1442 vel
812 1413 1045 1451 promissionis
1066 1414 1184 1453 hujus-

172 1464 258 1493 modi
278 1474 295 1494 a
312 1468 342 1493 te
358 1464 490 1502 prestiti
511 1469 541 1494 et
561 1470 657 1503 prout
677 1465 728 1495 illi
751 1466 944 1496 asserebant
963 1475 1029 1496 non
1047 1468 1181 1503 servati,

172 1518 212 1547 ab
234 1517 523 1548 administratione
544 1518 710 1556 prioratus
733 1519 882 1558 ejusdem
903 1529 961 1558 pro
984 1529 1042 1550 sue
1065 1520 1183 1551 volun-

172 1571 249 1600 tatis
264 1570 401 1600 arbitrio
416 1571 672 1609 suspenderunt.
691 1572 796 1610 Super
809 1572 931 1611 quibus
945 1573 1099 1604 omnibus
1116 1578 1183 1604 tam

171 1622 374 1652 conscientie
392 1632 490 1661 quam
511 1624 598 1653 fame
619 1633 655 1654 ac
677 1624 915 1663 tranquillitati
936 1630 990 1655 tue
1006 1626 1183 1664 postulasti

170 1684 228 1714 per
239 1675 358 1705 Senem
367 1676 581 1714 apostolicam
593 1676 772 1707 salubriter
784 1678 962 1715 provideri.
978 1678 1069 1708 Licet
1079 1679 1182 1717 igitur

171 1728 394 1766 provisionem
422 1728 612 1767 hujusmodi
643 1734 753 1767 utpote
782 1730 965 1760 secundum
992 1740 1026 1761 se
1054 1730 1182 1761 licitam

171 1789 302 1810 servare
320 1785 349 1810 te
373 1780 485 1811 deceat
501 1781 601 1811 etiam
618 1790 682 1811 non
698 1782 861 1821 juratam,
881 1783 957 1821 quia
976 1788 1085 1814 tamen
1104 1793 1181 1822 pac-

171 1833 277 1863 tiones
309 1842 368 1863 seu
397 1834 636 1871 promissiones
671 1835 863 1874 hujusmodi
894 1845 968 1865 cum
1005 1836 1181 1866 videantur

170 1887 360 1924 symoniace
379 1891 455 1916 sunt
474 1887 508 1916 in
534 1887 656 1917 talibus
679 1888 870 1924 interdicte,
890 1897 949 1919 nos
966 1889 1032 1919 tuis
1053 1889 1180 1928 suppli-

169 1939 356 1968 cationibus
380 1939 551 1974 inclinati,
577 1940 617 1970 ad
639 1940 746 1970 instar
768 1941 878 1971 felicis
895 1942 1135 1972 recordationis
1151 1944 1177 1972 Ι.

168 2002 249 2030 pape
274 1991 518 2030 predecessoris
540 1993 661 2023 nostri.
688 1997 795 2023 tecum
821 2003 920 2032 super
947 1995 1121 2032 premissis
1148 1999 1179 2025 et

168 2054 251 2083 pena
284 2044 333 2074 vel
361 2044 515 2076 infamia,
548 2045 576 2075 si
600 2055 663 2084 qua
691 2050 841 2084 pretextu
868 2047 974 2085 ipsius
996 2048 1179 2086 Juramenti

169 2097 216 2127 sic
244 2097 373 2135 prestiti
399 2097 450 2127 vel
483 2106 547 2127 non
578 2099 701 2128 servati
732 2099 936 2134 incurreris,
972 2099 1011 2129 de
1041 2100 1179 2138 speciali

169 2150 274 2187 gratia
317 2150 568 2188 dispensantes,
608 2154 639 2180 ut
688 2151 829 2181 eundem
868 2152 1052 2190 prioratum
1087 2152 1177 2183 licite

167 2203 312 2233 retinere
342 2212 377 2232 ac
406 2202 640 2233 administrare
668 2203 773 2234 libere
798 2204 832 2234 in
853 2205 924 2243 ipso
949 2204 1076 2241 valeas,
1107 2205 1178 2244 ple-

168 2264 245 2285 nam
275 2255 335 2284 tibi
366 2255 577 2285 concedimus
605 2256 801 2286 auctoritate
829 2257 1034 2295 presentium
1071 2257 1177 2287 facul-

168 2312 279 2338 tatem.
313 2308 405 2337 Nulli
435 2312 493 2338 etc.
534 2312 645 2339 nostre
685 2309 945 2348 dispensationis
979 2315 1011 2340 et
1041 2319 1177 2340 eonces-

169 2361 273 2390 sionis
303 2364 363 2389 etc.
392 2361 465 2390 Dat.
496 2361 645 2399 Neapoli,
674 2362 741 2391 XII
774 2361 932 2392 kalendas
959 2363 1054 2397 maii,
1090 2371 1176 2393 anno

168 2413 285 2450 primo.
306 2425 318 2438 >w

237 2623 323 2653 40¹2
755 2623 870 2658 Naples,
892 2624 920 2650 17
936 2625 1005 2650 avril
1024 2624 1099 2651 1255.

204 2696 365 2728 Bonil'acio,
382 2697 600 2732 archiepiscopo
617 2697 823 2730 Cautum-ensi,
841 2698 984 2732 indulget,
1004 2703 1044 2732 ut,
1060 2700 1085 2725 si
1101 2707 1173 2733 qua-

168 2750 231 2771 tuor
252 2746 383 2771 dioceses
404 2746 497 2780 ipsius
519 2747 681 2780 provinciae
700 2747 727 2772 iu
744 2746 851 2773 Wallia
870 2748 1042 2774 constitutas
1060 2752 1174 2782 propter

167 2803 334 2828 guerrarum
352 2795 533 2825 discrimina,
554 2796 700 2829 penuriam
718 2795 883 2822 victualium
900 2796 1029 2822 omiserit
1045 2797 1170 2827 visitare,

167 2843 221 2878 ipsi
236 2843 336 2869 iterato
353 2844 457 2869 volenti
468 2844 587 2869 eandem
604 2843 778 2877 provinciam
797 2845 922 2878 visitare,
935 2844 1020 2878 objici
1035 2853 1088 2870 uon
1106 2852 1173 2879 pos-

1272 256 1311 282 sit
1325 256 1401 290 quod
1421 257 1580 292 praedictas
1595 259 1728 287 dioceses
1744 261 1860 288 minime
1877 262 2012 289 visitavit.
2026 262 2112 295 (Rau.
2123 263 2167 294 24.
2179 271 2205 290 c.
2219 262 2282 297 336,

1271 306 1290 332 f.
1309 306 1366 338 50.)

1313 420 1327 434 α
1350 409 1518 445 Bonisacio,
1543 411 1769 449 archiepiscopo
1791 411 2021 442 Camuariensi.
2046 412 2093 442 Ex
2113 417 2205 451 parte
2225 417 2282 444 tua

1271 460 1335 490 fuit
1350 461 1556 499 propositum
1578 471 1689 492 eoram
1710 463 1806 493 nobis
1823 463 1926 502 quod.
1946 472 2021 494 cum
2042 469 2132 495 tuam
2147 465 2283 503 provin-

1271 513 1356 543 ciam
1387 514 1522 550 visitas,
1554 519 1696 554 quatuor
1728 515 1876 546 dioceses
1905 516 2012 555 ipsius
2045 517 2215 556 provincie
2245 517 2282 548 in

1270 565 1395 596 Wallia
1414 567 1612 598 constitutas
1627 572 1760 607 propter
1781 578 1977 607 guerrarum
1994 569 2206 605 discrimina,
2224 579 2283 609 pe-

1270 619 1403 649 nuriam
1419 620 1615 650 victualium
1631 625 1662 651 et
1677 621 1772 660 plura
1785 622 2023 661 impedimenta
2036 622 2101 653 alia
2114 622 2284 654 interdum

1270 680 1336 702 non
1349 677 1440 710 potes
1453 673 1620 704 commode
1630 674 1776 705 visitare.
1792 674 1951 706 Nolentes
1963 675 2076 715 itaque
2088 675 2176 714 quod
2187 684 2282 715 prop-

1271 729 1320 754 ter
1336 724 1397 755 1100
1413 734 1477 764 quo
1495 725 1534 756 ad
1553 725 1636 756 alios
1657 726 1718 756 tibi
1735 726 1900 766 subjectos
1916 728 2120 758 visitationis
2136 727 2283 759 officium

1271 781 1302 807 et
1317 777 1505 807 animarum
1521 778 1688 817 profectus
1704 778 1812 810 valeat
1827 779 1993 818 impediri,
2009 780 2205 811 auctoritate
2220 780 2283 811 tihi

1269 831 1477 868 presentium
1492 831 1716 870 indulgemus,
1734 836 1780 868 ut,
1799 832 1828 862 si
1841 832 1990 864 dioceses
2004 833 2094 872 ipsas
2111 841 2150 864 ex
2168 832 2283 873 aliqua

1266 883 1357 923 justa
1375 893 1474 914 causa
1487 884 1641 915 omiseris
1656 885 1802 922 visitare,
1821 894 1895 916 cum
1910 886 2117 924 provinciam
2131 885 2281 917 visitaris

1270 936 1426 973 eandem,
1450 937 1511 967 tibi
1533 937 1651 968 iterato
1673 937 1797 968 volenti
1819 938 1958 969 eandem
1974 938 2181 977 provinciam
2199 938 2281 970 visi-

1269 993 1350 1026 tare,
1373 990 1460 1020 obici
1482 999 1549 1020 11011
1571 991 1675 1029 possit
1691 991 1779 1030 quod
1795 991 1960 1030 predictas
1977 991 2125 1022 dioceses
2140 991 2283 1022 minime

1268 1044 1425 1074 visitasti.
1443 1044 1536 1075 Nulli
1558 1048 1619 1075 etc.
1642 1049 1754 1075 nostre
1776 1045 2002 1075 concessionis
2018 1050 2079 1076 etc.
2099 1046 2173 1075 Dat.
2190 1045 2279 1076 Nea-

1267 1096 1345 1136 poli,
1364 1097 1424 1127 XV
1439 1097 1598 1127 kalendas
1616 1097 1708 1132 maii,
1729 1106 1816 1127 anno
1831 1097 1949 1136 primo.
1969 1110 1982 1124 »

1337 1293 1427 1322 408
1855 1294 1972 1330 Naples,
1989 1295 2023 1322 24
2039 1295 2109 1322 avril
2126 1296 2204 1323 1255.

1303 1356 1430 1383 Thomae
1447 1355 1608 1390 Lome1ino,
1626 1356 1682 1383 civi
1697 1355 1856 1390 Januensi,
1873 1360 1903 1383 et
1916 1356 2084 1391 Jacobinae,
2102 1358 2185 1384 uxori
2200 1359 2276 1393 ejus,

1266 1411 1368 1440 quarto
1389 1406 1614 1440 consanguineis
1634 1405 1740 1440 gradu,
1756 1405 1906 1440 dispensat
1922 1409 1952 1432 ut
1967 1406 1994 1432 111
2012 1409 2159 1433 contracto
2176 1407 2278 1434 matri-

1268 1454 1364 1480 monio
1380 1454 1458 1480 licite
1472 1462 1619 1480 remanere
1636 1453 1757 1489 possint.
1775 1453 1857 1488 (Rae.
1875 1453 1919 1486 24,
1936 1462 1963 1481 e.
1981 1454 2042 1488 337,
2060 1455 2080 1482 f.
2097 1455 2152 1490 50.)

1308 1569 1320 1583 «
1342 1558 1449 1586 Thome
1461 1557 1624 1592 Lomelino,
1644 1557 1706 1586 civi
1720 1557 1881 1591 Januensi,
1900 1561 1926 1586 et
1938 1557 2080 1586 Jacobine
2091 1558 2184 1587 umori
2199 1558 2272 1595 ejus.

1266 1609 1350 1640 Cum
1371 1618 1520 1639 summus
1545 1609 1694 1647 pontifex
1714 1608 1843 1639 collatis
1864 1608 1930 1639 sibi
1950 1613 2011 1640 etc.
2033 1618 2140 1648 usque
2159 1619 2166 1639 ε
2183 1609 2277 1640 'circa

1266 1662 1437 1701 quosdam.
1455 1661 1538 1693 Cum
1555 1662 1683 1700 itaque,
1701 1662 1787 1692 sieut
1803 1661 1897 1692 vobis
1914 1662 2100 1700 accepimus
2115 1662 2276 1693 intiman-

1265 1715 1366 1751 tibus,
1385 1714 1636 1744 matrimonium
1647 1714 1735 1744 inter
1750 1722 1805 1744 vos
1822 1714 1983 1744 duxeritis
2000 1714 2274 1750 contrahendum,
2307 1742 2310 1745 .

1265 1767 1391 1798 carnali
1410 1766 1525 1805 copula
1549 1767 1743 1801 subsecuta,
1765 1767 1875 1804 ignari
1897 1767 1985 1806 quod
2006 1767 2173 1806 quondam
2193 1776 2276 1798 uxor

1264 1825 1337 1856 tua,
1365 1820 1412 1849 fili
1437 1819 1580 1854 Thema,
1605 1823 1722 1858 quarto
1748 1819 2050 1857 consanguinitatis
2072 1819 2176 1857 gradu
2200 1819 2272 1856 tibi,

1263 1873 1332 1903 filia
1345 1874 1389 1908 J.,
1406 1873 1578 1907 attinebat,
1594 1881 1654 1902 nos
1666 1872 1785 1902 vestris
1797 1871 2097 1910 supplicationibus
2108 1871 2274 1908 inclinati,

1263 1926 1433 1956 vobiscum
1454 1930 1489 1956 ut
1501 1917 1541 1955 ln
1564 1925 1612 1955 sic
1629 1929 1796 1955 contracto
1819 1916 2030 1955 matrimonio
2052 1925 2143 1955 licite
2165 1933 2275 1956 rema-

1263 1989 1342 2010 nere
1368 1979 1504 2018 possitis
1531 1978 1768 2017 impedimento
1794 1978 1986 2017 hujusmodi
2013 1987 2079 2008 non
2108 1977 2271 2015 obstante,

1262 2033 1457 2064 auctoritate
1478 2031 1684 2070 presentium
1700 2031 1944 2069 dispensamus.
1967 2030 2062 2061 Nulli
2077 2035 2138 2061 ete.
2160 2035 2273 2062 nostre

1261 2085 1520 2125 dispensationis
1543 2089 1603 2115 ete.
1628 2085 1702 2114 Dat.
1726 2083 1876 2122 Neapoli,
1898 2084 1979 2114 VIII
1998 2083 2158 2114 kalendas
2178 2083 2270 2120 maii,

1261 2148 1348 2169 anno
1361 2138 1478 2177 primo.
1500 2149 1513 2164 »

1330 2336 1422 2365 408
1849 2332 1966 2368 Naples,
1985 2332 2017 2360 19
2032 2333 2103 2359 avril
2120 2332 2198 2360 1255.

1294 2400 1342 2434 0.‚
1359 2407 1383 2426 5.
1400 2398 1505 2425 Mariae
1519 2398 1547 2424 111
1565 2396 1619 2423 Via
1635 2397 1690 2423 lata
1705 2395 1853 2428 cardinali,
1872 2395 2048 2430 apostolicae
2060 2394 2144 2422 Sedis
2159 2394 2265 2429 legato,

1259 2448 1376 2475 mandat
1390 2455 1422 2474 se
1437 2446 1562 2474 Johanni
1578 2444 1745 2475 Walerant,
1763 2444 1866 2470 rectori
1883 2444 2023 2470 ecclesiae
2038 2444 2074 2470 de
2089 2442 2185 2476 Clent,
2200 2441 2270 2470 Wi-

1259 2496 1423 2531 gorniensis
1451 2495 1587 2527 diocesis,
1618 2501 1754 2528 germano
1786 2492 1906 2519 Roberti
1934 2491 2088 2518 Walerant
2115 2483 2215 2518 militis
2241 2494 2270 2518 01

1260 2546 1357 2572 nuncii
1377 2545 1454 2579 regis
1477 2543 1614 2577 Angliae,
1631 2542 1665 2568 de
1685 2542 1777 2576 gratia
1793 2541 1911 2576 speciali
1931 2541 2100 2575 dispensare
2120 2539 2267 2574 quatinus,
2313 2538 2318 2542 ”

1259 2597 1371 2629 praeter
1400 2592 1551 2619 ecclesiam
1582 2590 1755 2625 praedictam
1766 2610 1773 2623 ‚
1805 2589 1859 2616 alia
1888 2589 2087 2616 ecclesiastica
2117 2587 2266 2622 beneficia,

1258 2643 1344 2669 etiam
1360 2641 1483 2668 similem
1498 2648 1597 2667 curam
1614 2639 1762 2671 habentia,
1780 2638 1808 2664 in
1830 2646 1919 2673 regno
1935 2637 2058 2672 Angliae
2075 2637 2203 2672 recipere
2218 2644 2268 2663 va-

1257 2692 1313 2718 leat
1333 2699 1424 2725 usque
1442 2689 1475 2719 ad
1498 2696 1640 2716 summam
1657 2688 1848 2714 ducentarum
1866 2694 2026 2713 marcarum
2048 2686 2266 2720 sterlingorum.

1257 2740 1341 2773 (Rae.
1358 2739 1402 2772 ⁶24,
1419 2747 1444 2765 c.
1462 2737 1523 2771 338,
1541 2737 1560 2764 f.
1577 2737 1634 2767 50.)

1298 2853 1309 2866 «
1331 2841 1361 2869 0.
1381 2844 1482 2869 sancte
1497 2839 1592 2868 Morte
1610 2839 1640 2867 ιἰι
1663 2838 1712 2866 1’1”α
1730 2838 1792 2866 lata
1809 2837 1936 2865 diacono
1953 2835 2125 2869 cardinali,
2145 2840 2263 2872 aposto·
2308 2830 2324 2843 ‘
