2498 3325
969 228 1200 266 DEUXIEME
1221 227 1378 266 ANNEE.
2169 239 2228 270 317

129 303 245 334 Oblata
267 303 361 333 nobis
383 312 420 333 ex
436 321 484 331 —.
501 304 575 333 Dat.
593 303 765 338 Laterani,
789 304 857 332 1111
878 302 952 332 idus
972 301 1131 340 januarii,

123 365 214 386 vanno
232 356 387 385 secundo.
407 368 420 382 n

204 561 222 587 1
232 560 321 588 050

166 621 257 647 Priori
271 626 298 648 et
308 622 463 648 conventui
476 622 641 649 monasterii
651 621 790 648 cavensis
805 621 928 654 mandat,
946 624 976 647 ut
991 621 1136 655 praedicto

129 671 225 697 abbati
240 671 366 697 Tbomae
382 671 573 697 obedientiam
589 675 617 697 et
634 671 821 698 reverentiam
834 671 957 697 debitam
970 670 1135 696 exhibeant.

129 719 212 755 (Rea.
230 720 272 750 ⁶24,
290 720 309 746 f.
328 719 581 752 139¹,ann.11,c.
598 720 664 752 40².)

674 559 790 591 Lati-an,
812 559 841 585 10
855 559 967 593 janvier
987 559 1064 586 1256.

173 846 185 860 (ι
205 835 308 863 Priori
323 839 348 863 et
364 836 529 864 conventui
543 836 723 864 monasterii
737 835 889 864 Caucasis.
908 834 1026 864 Oblata
1042 834 1138 864 nobis

130 896 169 918 ex
186 905 235 915 —.
251 888 324 916 Dat.
342 891 377 916 ut
394 896 504 925 supra.
525 900 537 913 »

202 1094 312 1121 10:31

162 1154 334 1188 Raymundo
350 1154 385 1180 de
402 1153 532 1187 Latum-e,
549 1153 799 1188 archipresbytero
815 1154 955 1180 ecclesiae
972 1153 1136 1179 Modotien-

126 1204 168 1230 sis
179 1225 185 1237 ,
211 1203 436 1229 Mediolanensis
461 1202 600 1234 diocesis,
629 1204 751 1236 ejusque
776 1202 998 1228 successoribus
1009 1223 1015 1235 ‚
1040 1202 1137 1228 annuli

126 1260 211 1279 usum
224 1251 633 1284 concedit.(Rm.‘34.s.129v,
644 1259 710 1278 aun.
724 1250 760 1283 ΙΙ,
771 1259 795 1277 c.
808 1250 857 1282 41;
873 1250 1017 1277 Porrimsr
1031 1250 1136 1283 16180.)

677 1091 793 1124 Lati-an,
813 1092 841 1118 11
856 1091 969 1126 janvier
987 1091 1065 1119 1255.

169 1378 181 1392 «
201 1366 380 1403 Raymzcndo
396 1366 429 1394 de
446 1367 584 1401 Laturre,
606 1366 874 1403 archipresbytero,
896 1371 921 1394 et
940 1366 1074 1403 capitulo
1091 1374 1138 1395 ec-

127 1420 213 1448 clesie
224 1419 424 1453 Modott'cnsis,
438 1419 670 1448 Mediolanensis
682 1419 814 1447 diocesis.
828 1418 976 1448 Ecclesia
987 1419 1138 1448 Romana

127 1471 218 1502 velut
240 1488 289 1500 —.
318 1472 392 1500 Dat.
415 1470 591 1506 Laterani,
616 1471 667 1500 III
689 1470 764 1500 idus
783 1470 948 1509 J'anuarii,
973 1479 1060 1500 anno
1086 1479 1138 1500 se-

127 1525 245 1554 cundo.
265 1536 277 1551 »

203 1723 317 1751 1052

162 1783 306 1818 Episcopo
324 1783 476 1809 Laoniensi
499 1782 646 1814 concedit,
665 1786 695 1809 ut
719 1782 803 1809 Petro
823 1782 990 1817 presbytero
1015 1783 1136 1809 vicarias

126 1832 162 1859 de
178 1832 419 1858 Ketlvonasuleeh
433 1836 461 1858 et
477 1831 511 1858 de
528 1831 629 1858 Biratti
645 1831 831 1858 ecclesiarum
843 1831 981 1858 conferat.
994 1831 1077 1864 (Rea.
1090 1831 1134 1865 ⁴24,

126 1881 146 1908 f.
165 1881 223 1912 130,
242 1890 307 1908 ann.
324 1880 362 1914 11,
378 1888 404 1907 c.
423 1880 477 1913 42.)

698 1720 812 1753 Lati-an,
830 1721 843 1748 4
858 1722 968 1755 janvier
986 1721 1064 1748 1256.

168 2008 181 2022 α
209 2019 240 2031 ..,
264 1997 397 2033 episeopo
419 1996 592 2024 Laoniensi.
621 1994 777 2024 Exhibita
807 1994 902 2024 nobis
931 1994 1043 2024 dilecti
1073 1994 1135 2023 filii

126 2049 234 2084 Petri,
269 2048 464 2087 presbiteri,
501 2048 539 2078 de
568 2047 849 2078 Kellvonasulech
882 2052 913 2077 et
942 2048 980 2077 de
1013 2047 1134 2077 Biratti

125 2101 343 2132 ecclesiarum
374 2101 524 2139 perpetui
561 2101 695 2136 vicarii,
734 2104 788 2130 tue
821 2101 981 2137 diocesis,
1018 2101 1134 2139 petitio

125 2154 334 2189 continebat,
353 2154 439 2192 quod
462 2157 512 2189 tu,
534 2153 709 2184 attendens
734 2154 821 2192 quod
843 2154 965 2183 vicarie
986 2154 1135 2192 ipsarum

126 2208 342 2238 ecclesiarum
359 2211 453 2237 erant
471 2207 551 2237 adeo
574 2211 691 2237 tenues
714 2211 744 2237 et
761 2207 863 2237 exiles
880 2208 971 2248 'quod
994 2217 1059 2237 non
1082 2216 1135 2237 so-

124 2261 195 2291 lum
212 2260 316 2290 altera
331 2260 476 2295 illarum,
495 2260 552 2289 sed
568 2260 668 2290 etiam
685 2260 779 2290 ambe
801 2260 840 2289 ad
856 2260 1134 2290 sustentationem

125 2312 227 2343 unius
244 2312 361 2341 vicarii
377 2311 527 2341 sufficere
547 2311 685 2341 minime
701 2315 867 2349 poterant,
890 2320 964 2341 cum
987 2311 1135 2349 ipsarum

124 2369 305 2404 proventus
327 2364 439 2394 decem
462 2373 648 2394 marcarum
672 2364 801 2402 argenti
818 2364 963 2394 valorem
985 2373 1134 2394 annuum

125 2427 191 2448 non
210 2417 378 2451 excedant,
393 2417 536 2447 vicarias
550 2417 639 2455 ipsas
657 2417 763 2447 eidem
781 2417 965 2455 presbitero
977 2417 1034 2456 qui
1051 2418 1134 2447 Lao-

125 2470 236 2500 niensi
251 2469 389 2500 ecclesie
406 2469 462 2499 diu
479 2469 639 2499 servierat
651 2469 792 2499 fideliter
804 2469 971 2505 etdevote,
985 2475 1080 2508 prout
1094 2470 1135 2499 ad

125 2527 156 2554 te
174 2523 385 2561 spectabant,
410 2521 533 2551 duxisti
556 2521 714 2551 canonice
735 2522 952 2552 conferendas
971 2532 977 2551 ε
1002 2526 1134 2560 propter

126 2575 213 2614 quod
230 2575 325 2604 nobis
342 2574 516 2603 humiliter
536 2573 751 2611 supplicavit,
773 2578 809 2603 ut
829 2583 928 2612 super
944 2574 1005 2604 hoc
1022 2583 1133 2605 secum

125 2628 340 2666 dignaremur
356 2627 394 2656 de
410 2626 616 2663 benignitate
630 2626 725 2656 Sedis
738 2626 916 2664 apostolice
928 2627 1133 2665 dispensare.

125 2681 173 2710 De
191 2684 246 2709 tua
262 2679 374 2720 itaque
391 2679 686 2717 circumspectione
701 2678 831 2716 plenam
845 2679 879 2708 in
896 2680 1037 2709 Domino
1054 2680 1134 2709 fidu-

125 2733 212 2763 ciam
228 2732 434 2767 obtinentes,
458 2731 665 2770 presentium
689 2731 748 2760 tibi
770 2732 964 2762 auctoritate
982 2733 1134 2762 concedi-

126 2794 212 2821 mus,
234 2789 285 2819 ut,
304 2784 344 2813 ab
361 2784 474 2814 eodem
493 2785 529 2814 P.
550 2783 730 2813 earundem
746 2783 946 2813 vicar-iarum
961 2784 1067 2815 libera
1083 2794 1135 2815 re·-

127 2837 315 2876 signatione
340 2841 471 2875 recepta
496 2841 527 2866 et
551 2836 706 2874 imposita
726 2836 756 2866 ei
779 2837 962 2874 penitentia
982 2837 1132 2873 salutari,

127 2890 270 2919 vicarias
287 2889 376 2928 ipsas
393 2898 505 2919 curam
528 2889 715 2918 animarum
736 2888 896 2919 habentes
913 2889 1019 2919 eidem
1039 2891 1075 2919 P.
1096 2890 1136 2920 de

1218 310 1300 330 novo
1317 303 1466 332 conferre
1482 304 1592 333 valeas
1609 314 1644 333 ac
1663 305 1855 343 dispensare
1871 315 1946 335 eum
1962 316 2009 342 eo,
2029 307 2055 337 si
2072 308 2224 346 expedire

1217 353 1357 384 videris.
1383 355 1469 392 quod
1489 364 1543 385 eas
1566 357 1709 387 retinere
1728 357 1850 392 valeat,
1871 360 2106 390 constitutione
2126 369 2226 398 gene-

1218 404 1298 434 ralis
1318 406 1451 435 concilii
1468 416 1567 445 super
1586 408 1645 438 boe
1669 410 1756 439 edita
1778 420 1843 439 non
1866 411 2027 442 obstante.
2049 414 2096 442 Ita
2115 417 2226 443 tamen

1220 458 1307 496 quod
1322 458 1357 487 in
1375 458 1477 488 altera
1495 460 1693 490 vicari-arum
1711 462 1859 499 ipsarum
1876 465 2096 501 personaliter
2113 466 2227 495 deser-

1220 511 1288 540 viat
1306 516 1336 541 et
1358 512 1391 540 in
1415 512 1480 541 alia
1502 522 1559 550 per
1582 514 1738 543 idoneum
1760 515 1981 552 presbiterum
1998 517 2094 547 faciat
2113 518 2226 548 deser-

1220 563 1293 593 viri.
1313 565 1386 594 Dat.
1405 566 1570 601 Laterani,
1591 567 1622 596 II
1639 576 1742 596 nonas
1755 568 1913 605 januarii,
1932 578 2018 599 anno
2035 570 2189 600 secundo.
2211 583 2223 597 n

1296 754 1414 783 1053

1259 816 1362 842 Abbati
1379 816 1413 842 de
1431 816 1590 848 Romamne,
1609 817 1794 844 Carnotensis
1807 818 1940 851 diocesis,
1955 821 2078 853 mandat,
2091 823 2228 856 quatinus

1220 863 1382 890 Turonensi
1398 865 1615 899 archiepiscopo
1631 874 1663 892 ac
1678 866 1741 892 aliis
1757 867 1902 902 episcopis
1918 869 2059 902 inhibeat,
2083 879 2116 896 ne
2137 871 2226 897 abba-

1221 915 1277 938 tem
1295 911 1411 946 Major-is
1428 912 1593 939 Monasterii
1608 913 1786 941 Turonensis
1802 920 1829 941 et
1845 917 1909 950 ejus
1928 917 2071 950 prioratus
2089 919 2229 946 visitatio-

1223 960 1308 986 nibus
1326 961 1487 987 molestent.
1506 961 1588 994 (Rea.
1605 962 1649 995 Ἡ,
1668 963 1685 988 f.
1705 963 1763 994 130,
1782 972 1847 991 ann.
1864 964 1900 995 It,
1919 973 1944 991 c.
1961 966 2016 999 43.)

1769 756 1882 791 Lan-an,
1904 758 1930 784 11
1947 760 2061 793 janvier
2079 761 2155 787 1256.

1263 1080 1275 1094 «
1299 1091 1331 1101 ..,
1351 1069 1453 1097 abbaci
1470 1069 1503 1098 (le
1519 1070 1696 1105 Boncvalle,
1716 1072 1909 1101 Carnoletzsis
1927 1073 2060 1103 diocesis.
2081 1075 2230 1105 Dilectus

1220 1120 1310 1150 filius
1330 1144 1362 1156 ..,
1382 1121 1482 1151 abbas
1500 1123 1635 1161 Majoris
1652 1124 1846 1154 Monasterii
1858 1127 2073 1163 Turonensis,
2090 1129 2176 1166 quod
2190 1129 2230 1158 ad

1221 1174 1404 1203 Romanam
1434 1175 1617 1204 Ecclesiam
1645 1176 1735 1206 nullo
1763 1179 1903 1215 pertinet
1928 1180 2108 1214 mediante,
2134 1182 2229 1211 nobis

1220 1228 1369 1264 exposuit
1392 1229 1638 1266 conquerendo,
1662 1230 1747 1268 qnod
1772 1232 1973 1262 venerabilis
1996 1234 2098 1263 frater
2120 1239 2231 1265 noster

1221 1303 1254 1315 ..,
1274 1281 1495 1316 Turonensis,
1514 1285 1545 1311 et
1564 1282 1698 1320 quidam
1715 1283 1772 1312 alii
1790 1284 2031 1324 archicpiscopi
2050 1296 2230 1327 eorumque

1221 1333 1424 1371 suffraganei
1450 1334 1608 1372 quosdam
1634 1337 1829 1366 monasterii
1853 1337 1960 1375 ipsius
1984 1339 2165 1377 prioratus,
2194 1341 2230 1371 in

1221 1386 1401 1415 eorundem
1420 1386 1611 1416 civitatibus
1630 1391 1661 1417 et
1679 1388 1866 1419 diocesibus
1884 1391 2091 1427 constitutos,
2111 1393 2231 1423 insoli-

1220 1438 1263 1467 tis
1286 1438 1535 1468 visitationibus
1559 1443 1589 1469 et
1614 1442 1903 1477 procurationibus
1924 1443 2154 1482 multipliciter
2171 1456 2229 1484 ag-

1221 1494 1359 1528 gravant
1382 1495 1412 1521 et
1431 1491 1618 1521 molestant.
1642 1493 1737 1523 Unde
1760 1494 1855 1524 nobis
1872 1495 2045 1527 humiliter
2061 1498 2229 1537 supplica-

1220 1543 1284 1579 vit,
1302 1547 1352 1579 ut,
1372 1552 1445 1573 cum
1462 1544 1532 1582 ipse
1550 1549 1580 1575 et
1601 1545 1653 1575 sui
1669 1547 1918 1584 predecessores
1936 1558 1953 1578 a
1972 1554 2116 1589 tempore
2133 1553 2228 1592 cujus

1221 1604 1286 1625 non
1306 1599 1410 1625 exstat
1427 1597 1587 1626 memoria
1604 1598 1770 1635 prioratus
1791 1599 1982 1639 hujusmodi
2000 1603 2176 1635 visitarent
2198 1609 2230 1636 et

1219 1647 1470 1685 procurationes
1484 1649 1574 1678 omni
1594 1653 1737 1688 tempore
1754 1653 1938 1691 receperint
1956 1654 1990 1683 in
2007 1655 2142 1693 eisdem,
2158 1667 2229 1696 pro-

1220 1700 1332 1730 videre
1356 1701 1421 1730 sibi
1442 1705 1473 1731 et
1500 1702 1582 1740 ipsis
1606 1703 1808 1741 prioratibus
1839 1710 1951 1736 contra
1974 1709 2153 1739 eorundem
2176 1720 2229 1740 ar-

1220 1753 1507 1791 chiepiscoporum
1528 1759 1559 1785 et
1584 1756 1871 1794 sutt'raganeorum
1895 1760 2082 1791 molestiam
2104 1762 2139 1791 in
2166 1763 2229 1793 hac

1219 1810 1311 1844 parte
1324 1807 1503 1844 apostolica
1517 1808 1742 1839 sollicitudine
1755 1819 1958 1848 curaremus,
1969 1815 2144 1851 presertim
2154 1825 2229 1845 cum

1219 1858 1328 1888 felicis
1349 1860 1589 1890 recordationis
1609 1862 1634 1890 Ι,
1654 1871 1737 1900 papa
1758 1864 1972 1901 predecessor
1993 1872 2105 1897 noster
2121 1869 2229 1899 eidem

1220 1911 1331 1940 abbati
1361 1921 1460 1950 super
1482 1912 1543 1942 hoc
1571 1918 1685 1944 contra
1711 1916 1875 1953 predictos
1904 1919 2169 1959 archiepiscopos
2197 1926 2229 1952 et

1220 1964 1447 2001 suffraganeos
1471 1970 1596 1995 certum
1622 1973 1887 1999 conservatorem
1911 1971 2041 2002 duxerit
2068 1973 2230 2011 deputan-

1219 2015 1307 2045 dum.
1323 2017 1485 2053 Quocirca
1498 2019 1705 2055 mandamus,
1722 2022 1879 2059 quatinus
1895 2025 2033 2061 prefatis
2050 2026 2228 2065 archiepis-

1219 2069 1308 2107 copis
1324 2074 1354 2098 et
1369 2071 1601 2108 suffraganeis,
1620 2082 1660 2102 ne
1677 2073 1828 2103 abbatem
1843 2076 1962 2113 ipsum,
1979 2078 2144 2115 prioratus
2158 2089 2228 2117 pre-

1218 2120 1322 2151 dictos
1339 2130 1519 2161 eorumque
1535 2125 1662 2162 priores
1680 2135 1778 2164 super
1793 2127 1860 2157 hiis
1877 2138 1935 2166 per
1952 2139 1986 2159 se
2003 2130 2054 2159 vel
2069 2141 2126 2169 per
2144 2132 2227 2163 alios

1218 2173 1429 2212 aliquatenus
1447 2176 1621 2207 molestare
1638 2184 1841 2216 presumant,
1860 2190 1898 2211 ex
1920 2187 2011 2219 parte
2029 2188 2140 2214 nostra
2158 2185 2228 2215 dis-

1219 2226 1349 2256 trictius
1376 2227 1530 2258 inhibere
1561 2239 1727 2267 procures.
1757 2232 2032 2265 Contradictores.
2067 2237 2139 2267 Non
2170 2238 2229 2267 ob-

1218 2282 1326 2308 stante
1345 2280 1372 2308 si
1390 2279 1438 2309 eis
1466 2281 1552 2319 quod
1569 2282 1655 2312 trahi
1673 2288 1763 2313 extra
1783 2290 1872 2315 certa
1887 2286 1958 2317 loca
1976 2297 2041 2317 non
2062 2289 2193 2320 valeant
2211 2300 2230 2321 a

1218 2332 1301 2361 Sede
1318 2333 1499 2370 apostolica
1515 2335 1557 2364 sit
1576 2335 1743 2366 indultum
1758 2342 1788 2367 et
1800 2340 1917 2377 quavis
1931 2340 1996 2371 alia
2010 2342 2116 2380 ipsius
2132 2344 2226 2375 Sedis

1216 2384 1437 2422 indulgentia,
1456 2395 1626 2426 perquam
1642 2389 1675 2418 id
1691 2390 1845 2428 impediri
1863 2392 1914 2422 vel
1930 2393 2057 2424 differri
2073 2395 2180 2425 valeat
2197 2401 2228 2427 ct

1218 2436 1256 2466 de
1279 2446 1344 2475 qua
1363 2438 1500 2477 ejusque
1525 2443 1591 2469 toto
1615 2445 1726 2471 tenore
1748 2443 1879 2480 plenam
1897 2449 1928 2475 et
1944 2454 2133 2484 expressam
2155 2449 2227 2479 fieri

1217 2494 1363 2527 oporteat
1380 2491 1414 2519 in
1431 2493 1642 2529 presentibus
1659 2496 1873 2532 mentionem,
1888 2502 1918 2527 et
1934 2500 2171 2531 constitutione
2188 2502 2227 2532 de

1217 2541 1345 2572 duabus
1362 2543 1460 2573 (lictis
1478 2544 1565 2574 edita
1581 2546 1616 2574 in
1633 2548 1773 2577 concilio
1788 2550 1947 2586 generali.
1966 2552 2039 2581 Dat.
2059 2553 2225 2590 Laterani,

1217 2595 1267 2624 III
1284 2594 1358 2625 idus
1371 2596 1530 2634 januarii,
1550 2607 1636 2629 anno
1654 2601 1809 2631 secundo.
1833 2614 1845 2628 n

1292 2787 1311 2814 1
1320 2786 1409 2815 054

1255 2847 1360 2873 Abbati
1378 2848 1495 2883 Major-is
1512 2850 1676 2878 Monasterii
1693 2852 1886 2886 Turonensis,
1902 2855 1935 2880 ad
1963 2855 2066 2882 Sedent
2089 2859 2227 2892 apostoli-

1218 2903 1280 2922 cun
1300 2897 1396 2922 venire
1413 2899 1596 2932 proponenti,
1614 2901 1746 2927 concedit
1762 2902 1924 2928 facultatem
1942 2905 2137 2931 constituendi
2153 2905 2227 2933 duos

1725 2791 1841 2825 Lan-an,
1858 2794 1890 2820 ί23
1908 2795 2059 2821 decembre
2079 2796 2154 2823 1255.
