2498 3325
1006 193 1237 231 DEUXIEME
1258 194 1419 230 ANNEE.

164 260 374 310 quacumque
390 270 547 299 firmitate
563 269 706 305 vallatis,
726 278 785 299 seu
801 269 1066 308 quibuscumque
1084 267 1174 297 litte-

163 324 211 353 ris
228 323 418 362 apostolicis
438 322 624 360 impetratis
641 321 692 351 vel
709 322 809 352 etiam
826 320 1060 359 impetrandis,
1078 323 1175 358 prout

162 376 200 405 in
222 376 445 406 instrumento
465 374 597 413 publico
617 374 694 404 inde
714 375 876 409 confecto,
896 373 1041 411 sigillato
1064 372 1175 411 sigillo

163 427 320 466 prelibati
334 427 525 462 cardinalis,
544 427 676 465 plenius
693 426 891 457 continetur.

207 493 220 506 u
247 481 315 510 Nos
331 481 454 519 itaque,
479 480 546 510 tuis
572 480 872 518 supplicationibus
896 479 1063 515 inclinati,
1088 480 1174 518 quod

164 541 265 571 super
292 533 352 562 1106
379 533 418 562 ab
445 533 559 563 eodem
582 532 744 562 cardinali
770 533 894 562 factum
923 537 986 568 est,
1011 536 1119 562 ratum
1145 537 1176 562 et

164 589 294 623 gratum
321 585 498 620 habentes,
521 585 555 614 id
578 585 774 615 auctoritate
797 585 977 624 apostolica
999 585 1175 614 confirma-

164 647 239 667 mus
257 642 315 668 etc.
333 648 438 677 usque
455 649 460 667 :
477 639 733 668 communimus.
751 639 912 668 Tenorem
929 638 1034 676 ipsius
1053 638 1175 668 instru-

164 691 269 720 menti
286 691 324 720 de
339 691 438 721 verbo
453 691 491 720 ad
507 691 642 721 verbum
657 691 868 729 presentibus
883 691 987 721 inseri
1000 691 1173 726 facientes,

166 742 223 781 qui
240 742 316 772 talis
334 747 383 772 est
401 754 407 772 ;

550 783 653 813 Rome,
672 782 702 808 S.
719 783 859 816 Clement,
876 783 890 809 4
907 783 1010 809 fevi-ier
1026 783 1103 809 1256.

208 856 221 869 α
235 843 412 874 Universis
428 844 555 874 Christi
569 844 733 880 fidelibus,
751 844 946 877 Ottobonus,
961 843 1175 873 miseratione

167 909 181 923 n
206 897 320 926 divina
336 897 449 927 Sancti
466 897 606 926 Adriani
627 897 787 927 diaeonus
804 896 1000 932 cardinalis,
1021 897 1070 926 rei
1086 901 1176 934 geste

167 962 181 977 n
207 950 410 980 memoriam.
431 951 584 979 Humane
604 950 749 987 dignitas
764 954 913 980 creature
927 949 994 979 hiis
1013 958 1176 987 suspensa

167 1015 180 1030 n
206 1003 334 1032 duobus
353 1003 448 1041 quasi
466 1003 626 1033 funiculis
644 1003 821 1039 eminebat,
837 1002 1036 1032 rectitudine
1048 1002 1176 1032 scilicet

167 1069 181 1084 n
203 1056 333 1096 justitie
352 1061 381 1086 et
399 1057 538 1086 scientie
556 1057 718 1086 claritate.
737 1057 800 1086 Per
812 1056 904 1086 illam
916 1055 1105 1094 presidebat
1117 1055 1175 1085 hu-

134 1124 137 1126 -
167 1121 181 1136 1)
206 1109 326 1144 manis,
347 1118 404 1147 per
422 1109 520 1138 istam
544 1109 722 1139 celestibus
741 1109 1000 1147 propinquabat,
1026 1108 1083 1137 sed
1104 1112 1177 1146 post

206 1171 264 1192 sue
282 1162 482 1191 conditionis
502 1171 666 1192 occasum.
690 1166 786 1200 rupte
809 1162 920 1191 federe
940 1162 1106 1195 caritatis,
1128 1161 1176 1191 sic

207 1215 345 1245 eandem
378 1215 517 1244 illicitus
550 1215 716 1253 appetitus
749 1214 874 1250 illexit,
909 1219 944 1243 ut
980 1214 1176 1252 plerumque

206 1268 438 1307 questionibus
465 1268 709 1298 immisceretur
733 1272 764 1297 et
788 1267 921 1302 litibus,
947 1276 983 1296 ac
1008 1267 1176 1297 multifor-

205 1321 310 1350 mium
323 1320 550 1349 conditionum
566 1320 712 1350 stimulis
724 1325 908 1358 urgeretur.
925 1320 1052 1350 Prodiit
1067 1324 1175 1350 tamen

167 1332 181 1347 S
167 1281 181 1296 ὅ
167 1228 181 1242 S
167 1174 181 1189 ὅ

167 1386 181 1400 »
207 1382 244 1402 ex
263 1373 452 1411 provisione
472 1382 615 1411 superna
637 1373 830 1407 consilium,
855 1376 891 1401 ut
910 1376 1015 1402 status
1037 1372 1176 1402 humani

168 1439 181 1453 n
206 1426 330 1456 federis
355 1426 490 1464 pacifice
516 1430 715 1462 servaretur,
735 1425 822 1464 quod
839 1425 910 1455 litis
932 1430 1041 1455 exorte
1057 1426 1176 1455 seditio

167 1492 181 1506 n
207 1484 295 1510 serta
309 1479 440 1518 judicii.
459 1480 531 1509 sine
544 1479 717 1509 concordie
732 1483 787 1508 aut
800 1479 1021 1508 ordinationis
1036 1487 1093 1508 seu
1106 1488 1177 1517 pro-

167 1545 182 1560 »
206 1533 347 1562 visionis
364 1532 529 1561 interdum
543 1532 778 1567 moderamine,
794 1531 976 1561 sedaretur.
992 1532 1077 1561 Sane
1090 1531 1178 1561 inter

168 1598 182 1612 »
207 1585 368 1615 discretos
387 1585 473 1614 viros
492 1584 726 1623 Rayinnndum
740 1608 746 1619 ,
769 1584 1087 1622 archipresbiterum
1106 1585 1177 1614 Mo-

168 1651 182 1665 »
208 1638 414 1672 deciensem,
438 1637 563 1666 domini
584 1646 665 1675 pape
687 1636 911 1675 capellanum,
935 1646 971 1666 ex
989 1646 1055 1666 una
1072 1641 1175 1675 parte,

168 1703 182 1718 n
208 1695 239 1721 et
256 1691 451 1728 magistrum
468 1689 656 1720 ,Iohannem
680 1689 718 1719 de
736 1690 846 1719 Monte
868 1689 1030 1727 Caprello,
1050 1690 1177 1719 domini

168 1756 181 1770 n
207 1752 288 1782 pape
309 1743 500 1781 scriptorem
519 1747 550 1772 et
571 1742 780 1780 capellanum
803 1742 977 1772 reverendi
995 1742 1098 1780 patris
1120 1743 1176 1772 do-

168 1809 181 1823 n
207 1797 291 1826 mini
308 1796 461 1825 Riccardi
479 1795 591 1825 Sancti
607 1794 727 1832 Angeli
749 1794 880 1824 diaconi
906 1795 1102 1830 cardinalis,
1121 1804 1178 1825 su-

168 1860 182 1874 »
207 1856 266 1886 per
281 1847 448 1886 prebenda
465 1856 527 1885 que
544 1847 579 1876 in
596 1846 737 1876 ecclesia
754 1846 961 1876 Vercellensi
978 1846 1106 1876 vaeavit
1120 1856 1177 1885 per

168 1915 182 1930 n
207 1907 347 1932 mortem
364 1902 540 1937 Mainardi,
556 1902 662 1940 ipsius
679 1901 818 1932 ecclesie
830 1901 993 1936 canonici,
1010 1911 1047 1932 ex
1060 1901 1174 1937 altera,

168 1969 182 1983 »
207 1960 279 1986 orta
294 1955 433 1985 materia
453 1955 656 1993 questionis,
681 1954 835 1984 dominus
860 1959 972 1984 noster
990 1954 1177 1985 Alexander

169 2022 182 2036 n
208 2018 291 2048 papa
308 2009 376 2038 1111
394 2008 488 2037 nobis
508 2017 642 2037 causam
658 2008 765 2045 ipsam
789 2007 987 2037 audiendam
1009 2011 1039 2037 et
1062 2008 1176 2037 termi-

209 2063 440 2100 nandam[que)
460 2061 636 2091 commisit.
655 2061 811 2091 Partibus
828 2061 940 2100 itaque
957 2061 1177 2099 personaliter

207 2120 239 2146 et
260 2125 317 2154 per
336 2119 564 2153 procuratores
582 2114 849 2153 comparentibus
867 2123 976 2144 coram
993 2115 1100 2150 nobis,
1119 2124 1177 2153 pro

206 2173 299 2208 parte
316 2168 395 2197 (11611
415 2167 702 2205 archipresbiteri,
721 2167 856 2197 libellus
875 2171 1045 2205 porrectus
1069 2167 1178 2197 extitit

209 2222 244 2251 in
260 2222 320 2251 hec
336 2221 447 2251 verba,

210 2289 223 2303 »
249 2276 367 2307 Coram
389 2275 481 2304 vobis
504 2274 637 2304 domino
659 2275 709 2308 O.,
735 2274 848 2304 Sancti
874 2274 1013 2304 Adriani
1039 2275 1178 2304 diacono

209 2328 388 2363 cardinali,
428 2327 577 2366 partibus
622 2327 770 2356 auditore
810 2336 985 2362 concesso,
1026 2328 1178 2366 proponit

207 2381 379 2413 ,Iohannes
402 2380 594 2415 Ferrarius,
620 2384 813 2418 procurator
836 2379 962 2409 domini
985 2381 1179 2419 Raymundi

207 2435 247 2465 de
264 2435 402 2464 Laturre
423 2432 697 2470 archipresbiteri
714 2432 935 2462 Modociensis
948 2455 954 2467 ,
972 2437 1087 2462 eontra
1108 2442 1178 2462 ma-

209 2488 348 2526 gistrum
370 2486 558 2517 ι10111111116111
575 2485 614 2514 (16
635 2485 745 2514 Monte
764 2484 914 2523 Caprello
931 2485 1179 2516 Vercellensem

209 2549 268 2570 seu
294 2540 365 2578 ejus
391 2538 577 2576 legitimum
598 2541 856 2576 procuratorem,
882 2537 979 2576 quod,
1009 2547 1083 2567 enm
1110 2539 1179 2568 dic-

210 2598 263 2623 tus
286 2591 555 2629 archipresbiter,
582 2590 776 2620 auctoritate
801 2589 998 2628 apostolica,
1027 2595 1179 2629 receptus

209 2646 329 2676 fuisset
357 2645 391 2674 in
418 2643 558 2674 ecclesia
583 2642 801 2677 Vercellensi,
830 2647 861 2673 et
885 2643 1010 2672 ibidem
1038 2643 1179 2682 quedam

208 2698 375 2738 prebenda
392 2701 539 2727 vacasset
558 2706 614 2734 per
631 2700 769 2726 mortem
789 2696 965 2731 Mainardi,
983 2696 1063 2726 olim
1080 2706 1180 2727 cano-

171 2235 184 2250 ῧ
169 2181 182 2196 5
167 2129 182 2144 8
169 2075 183 2090 δ

212 2752 279 2782 0161
294 2751 400 2789 ipsius
421 2750 571 2785 ecclesie,
588 2758 650 2788 que
669 2749 708 2779 ad
731 2749 841 2787 ipsum
862 2749 1181 2787 archipresbiterum

209 2805 248 2835 de
264 2805 339 2844 jure
357 2803 500 2841 pertinet
525 2806 553 2831 et
574 2805 713 2840 spectat,
733 2801 900 2840 predictus
922 2802 1081 2839 magister
1103 2812 1179 2841 pro-

209 2858 337 2888 curam
358 2865 430 2886 eam
451 2855 515 2884 sibi
535 2854 681 2884 conferri
700 2858 730 2884 et
749 2863 783 2884 56
805 2853 843 2884 de
867 2854 940 2892 ipsa
961 2854 1128 2891 investiri,
1149 2859 1180 2885 et

292 2921 516 2946 ALEXANDRE
534 2920 586 2951 IV,
605 2923 624 2944 t.
644 2920 664 2944 1.

169 2870 184 2886 8
169 2817 184 2833 θ
171 2765 185 2780 υ
170 2712 184 2727 8
170 2659 184 2674 Β
171 2606 185 2621 ³⁵
170 2553 184 2568 θ
169 2500 183 2515 υ
168 2447 182 2462 δ
169 2395 183 2410 ἕ
170 2341 184 2356 25

2209 202 2266 231 4-25

1297 266 1331 295 in
1350 266 1457 305 ipsius
1474 268 1695 305 possessione.
1715 268 1765 297 vel
1782 268 1889 306 quasi,
1907 276 1941 298 se
1960 268 2085 303 induci,
2104 269 2137 297 in
2154 268 2266 307 preju-

1298 318 1421 349 dicium
1444 320 1524 350 dicti
1547 320 1836 358 archipresbiteri,
1865 324 1896 349 et
1919 320 2039 349 dictam
2064 320 2266 358 prebendam

1297 371 1422 402 detinet
1435 377 1637 411 occupatam.
1653 374 1761 409 Quare
1774 373 1855 411 petit
1866 372 1973 402 dictus
1990 377 2192 410 procurator,
2206 382 2266 402 no-

1297 424 1387 454 mine
1405 425 1562 463 predicto,
1582 425 1761 463 predictam
1778 425 1979 463 prebendam
1996 425 2061 463 ipsi
2078 425 2265 463 archipres-

1296 477 1402 507 bitero
1419 477 1585 515 assignari
1603 482 1634 507 et
1656 477 1856 516 adjudicari,
1880 482 1910 506 et
1933 477 2117 515 predictum
2142 478 2266 515 magis-

1298 534 1384 559 trum
1405 539 1462 568 per
1481 530 1682 560 sententiam
1703 530 1938 568 condempnari
1960 530 1999 559 ad
2018 530 2264 560 restitutionem

1297 583 1403 620 ipsius
1421 582 1585 620 prebende
1602 586 1633 612 et
1649 582 1927 620 pertinentiarum
1943 582 2061 620 ipsius,
2085 592 2159 611 611111
2175 583 2265 612 sruc-

1298 635 1386 665 tibus
1405 636 1482 665 inde
1498 635 1661 673 perceptis
1679 639 1709 665 et
1728 635 1785 673 qui
1802 635 1926 672 percipi
1946 639 2134 673 potuerunt,
2153 644 2171 663 a
2186 639 2265 665 tem-

1297 697 1374 726 pore
1388 688 1572 717 vacationis
1585 687 1743 726 ejusdem,
1760 696 1841 725 (11105
1859 687 1993 716 extimat
2007 687 2150 724 singulis
2167 688 2264 717 annis

1297 741 1400 770 libras
1429 742 1452 770 L
1483 740 1723 778 imperialium,
1752 744 1782 769 et
1809 739 1954 777 predicto
1982 740 2140 776 magistro
2168 749 2267 777 super

1298 793 1465 831 prebenda
1489 797 1520 822 et
1546 793 1616 831 ejus
1644 792 1855 830 pertinentiis
1878 796 2072 829 perpetuum
2094 791 2266 820 silentium

1298 846 1434 883 imponi.
1462 847 1668 875 Protestatur
1691 844 1729 873 de
1753 844 1922 881 expensis.
1943 853 2024 882 quas
2043 852 2102 872 suo
2123 847 2266 881 tempore

1300 898 1493 928 declarabit.
1526 898 1594 927 Lite
1618 901 1728 927 autem
1756 906 1855 934 super
1878 896 1963 925 dicto
1986 895 2098 925 libello
2120 896 2268 933 legitime

1300 955 1501 985 contestata,
1535 950 1740 988 prestitoque
1766 949 1955 988 juramento
1984 949 2022 978 de
2053 948 2190 978 veritate
2218 949 2269 977 di-

1300 1004 1413 1039 cenda,
1436 1008 1467 1033 et
1484 1003 1581 1033 factis
1599 1003 1638 1032 ab
1655 1007 1795 1041 utraque
1811 1005 1901 1039 parte
1919 1002 2142 1039 positionibus
2158 1006 2188 1031 et
2203 1011 2267 1031 res-

1298 1056 1517 1095 ponsionibus
1535 1055 1575 1085 ad
1592 1055 1741 1089 eandem,
1759 1054 1927 1093 predictus
1944 1054 2203 1092 archipresbiter
2220 1063 2268 1083 as-

1299 1118 1414 1139 serens
1432 1117 1465 1138 se
1481 1108 1537 1137 diu
1552 1111 1627 1137 ante
1644 1107 1754 1145 ipsum
1769 1106 1964 1143 magistrum
1981 1105 2179 1137 (Iohannem,
2195 1114 2268 1135 auc—

1300 1162 1431 1192 toritate
1457 1161 1566 1191 felicis
1591 1160 1830 1190 recordationis
1857 1159 1982 1188 domini
2009 1159 2161 1196 Gregorii
2187 1168 2268 1197 pape

1298 1216 1409 1250 VIIII,
1431 1224 1503 1244 esse
1520 1218 1687 1252 receptum
1715 1213 1747 1241 in
1771 1213 1885 1242 eadem
1904 1211 2108 1242 Yercellensi
2129 1212 2270 1242 eeclesia

1299 1269 1333 1298 in
1351 1268 1549 1298 canonicum
1568 1271 1598 1296 et
1617 1267 1652 1295 in
1674 1267 1828 1299 fratrem,
1854 1270 1884 1295 et
1905 1274 2003 1303 super
2026 1265 2086 1294 1106
2110 1265 2269 1294 intentio-

1300 1331 1375 1351 nem
1392 1330 1486 1350 suam
1503 1329 1575 1350 esse
1594 1319 1809 1353 fundandam.v
1829 1318 2027 1348 sententiam
2049 1318 2139 1355 petiit
2159 1327 2216 1355 pro
2234 1327 2268 1347 se

1300 1374 1392 1405 ferri.

1302 1441 1314 1454 »
1346 1429 1471 1458 Verum
1500 1427 1606 1456 dictus
1635 1425 1810 1463 magister,
1840 1434 1877 1453 ex
1904 1425 2056 1458 adverso,
2087 1424 2266 1462 respondit,

1300 1481 1400 1519 quod,
1420 1489 1494 1510 cum
1513 1479 1708 1509 auctoritate
1725 1478 1911 1507 litterarum
1929 1477 2130 1507 venerabilis
2148 1477 2266 1515 patris,

1300 1535 1350 1571 G„
1372 1532 1608 1572 Aquilegensis
1627 1532 1748 1565 electit,
1768 1540 1829 1561 unc
1850 1532 1884 1560 in
1904 1531 2053 1569 partibus
2073 1531 2269 1560 Lombardie

1297 1587 1474 1626 apostolice
1490 1586 1584 1616 Sedis
1601 1585 1712 1623 legati,
1729 1589 1880 1622 receptus
1894 1584 2014 1613 fuisset
2030 1584 2062 1612 in
2080 1584 2153 1621 ipsa
2170 1583 2269 1613 eccle-

1301 1640 1351 1670 sia
1366 1640 1401 1668 in
1418 1638 1615 1668 canonicum
1632 1641 1662 1667 et
1679 1637 1712 1665 in
1727 1637 1874 1671 fratrem,
1894 1640 1924 1665 et
1942 1641 2113 1665 assecutus
2131 1640 2270 1673 postmo-

1300 1693 1378 1721 dum
1403 1691 1603 1730 prebendam
1632 1699 1730 1728 quam
1759 1689 1925 1728 quondum
1950 1689 2095 1718 obtinuit
2116 1688 2269 1718 Matheus

1300 1746 1444 1776 Carosus
1466 1745 1500 1773 in
1526 1743 1664 1773 ecclesia
1690 1746 1885 1776 memorata,
1908 1746 1938 1771 et
1962 1742 2001 1770 ad
2024 1741 2114 1770 illam
2138 1741 2171 1769 in
2192 1741 2270 1770 sub-

1300 1798 1502 1836 d[iaconum]
1523 1796 1706 1830 ordinatus,
1735 1794 1919 1824 cotidianas
1943 1794 2196 1823 distributiones
2221 1793 2271 1831 ip-

1301 1852 1371 1881 sius
1398 1850 1536 1880 ecclesie
1561 1849 1756 1887 perciperet,
1782 1847 1868 1877 sicut
1892 1847 1992 1876 ceteri
2014 1846 2165 1875 canonici
2187 1846 2271 1875 resi—

1301 1904 1426 1938 dentes,
1449 1926 1480 1938 ..,
1500 1902 1600 1932 abbas
1622 1902 1660 1931 de
1677 1902 1796 1935 Azano,
1816 1899 1969 1929 Astensis
1987 1899 2138 1933 diocesis,
2159 1903 2271 1928 aucto—

1300 1958 1397 1986 ritate
1410 1942 1601 1985 litteraruni
1611 1958 1723 1984 sancte
1738 1953 1895 1982 memorie
1913 1952 2038 1982 domini
2053 1953 2078 1981 Ι.
2096 1962 2177 1990 pape
2191 1953 2268 1987 IIII,

1301 2010 1503 2049 prebendam
1516 2009 1632 2046 ipsam,
1649 2008 1734 2037 dieto
1752 2007 1910 2044 scriptore
1928 2010 2036 2035 amoto
2051 2006 2090 2035 ab
2108 2015 2154 2036 ea.
2174 2007 2271 2036 Jaco-

1302 2064 1395 2098 bino,
1414 2062 1525 2100 nepoti
1547 2062 1631 2091 bone
1651 2060 1808 2091 memorie
1825 2060 1874 2095 O.,
1896 2059 2090 2089 Pol-titensis
2115 2058 2271 2096 episcopi,

1303 2116 1499 2154 assignavit.

1304 2183 1316 2196 >2
1335 2170 1484 2208 Cumque
1502 2169 1589 2198 inter
1606 2177 1661 2198 eos
1683 2176 1782 2205 super
1799 2166 1871 2205 ipsa
1887 2165 2054 2204 prebenda
2070 2165 2200 2203 questio
2217 2174 2273 2194 su-

1302 2223 1396 2252 borta
1415 2223 1544 2256 suisset,
1564 2221 1651 2250 idem
1674 2219 1829 2249 dominus
1848 2218 1957 2248 felicis
1976 2218 2215 2247 recordationis
2238 2241 2269 2252 ..,

1302 2276 1527 2305 Albanensem
1541 2274 1743 2312 episcopum,
1762 2271 1851 2301 dedit
1868 2280 1966 2309 super
1979 2271 2039 2300 1106
2053 2271 2203 2308 partibus
2218 2280 2272 2300 au-

1302 2329 1454 2358 ditorem.
1480 2327 1575 2357 Unde
1594 2326 1747 2355 dominus
1764 2325 1846 2363 ipse,
1865 2323 2014 2353 recitatis
2037 2323 2100 2352 sibi
2119 2333 2174 2361 per
2191 2332 2273 2353 eun-

1303 2381 1377 2411 dem
1396 2380 1619 2409 Albanensem
1636 2376 1934 2416 partiumjuribus,
1953 2375 2045 2405 duxit
2062 2375 2172 2404 taliter
2189 2375 2273 2405 ordi-

1305 2434 1451 2463 nandum
1471 2456 1476 2468 ,
1516 2431 1690 2465 videlicet,
1730 2429 1834 2468 quod,
1872 2433 2012 2467 1111011116
2052 2429 2199 2466 ipsorum
2239 2428 2273 2457 in

1304 2486 1513 2525 possessione
1529 2484 1615 2524 juris
1633 2483 1848 2513 canonicatus
1865 2482 1971 2520 ipsius
1995 2481 2133 2511 ecclesie
2151 2481 2274 2519 persis-

1304 2544 1409 2575 tente,
1441 2540 1588 2577 prefatus
1617 2536 1799 2567 Jacobinus
1824 2536 1953 2564 fructus
1979 2534 2084 2572 ipsius
2107 2534 2272 2572 prebende

1304 2593 1487 2631 perciperet
1507 2591 1692 2624 universos,
1711 2589 1825 2619 eodem
1839 2588 1998 2625 scriptore
2011 2588 2037 2616 X
2056 2587 2156 2615 libras
2173 2587 2272 2624 inipe-

1304 2646 1438 2675 rialium
1456 2644 1629 2673 annuatim
1646 2643 1684 2672 (16
1703 2641 1919 2681 proventibus
1936 2640 2167 2670 communibus
2185 2640 2274 2678 ejus-

1303 2700 1376 2729 dem
1404 2698 1557 2733 ecclesie,
1584 2706 1712 2726 necnon
1740 2695 1923 2725 cotidianas
1950 2692 2217 2727 distributifflies,
2243 2696 2274 2721 et

1304 2753 1369 2783 alia
1396 2761 1458 2791 que
1487 2749 1656 2780 canonicis
1682 2747 1906 2778 residentibus
1933 2745 2141 2779 exhibentur,
2171 2745 2273 2774 donec

1305 2806 1442 2844 adeptus
1472 2805 1555 2833 foret
1581 2802 1781 2841 prebendam
1808 2801 1841 2830 in
1869 2800 1997 2838 prefata
2019 2797 2174 2832 ecclesia,
2200 2807 2273 2835 per-

1305 2863 1451 2896 cepturo.

2113 2915 2141 2939 54
