2498 3325
251 240 305 269 482
974 234 1212 266 REGISTRES
1235 233 1542 264 D'ALEXANDRE
1566 236 1622 266 IV.

323 305 439 333 ¹582

287 366 318 392 In
335 366 503 400 quaestione
520 366 593 392 inter
606 365 766 392 Johannem
783 365 818 391 dc
835 365 955 392 Matines
973 369 1000 392 et
1019 366 1188 397 Henricum‚
1205 365 1256 392 de-

251 423 354 441 canum
371 414 590 440 christianitatis
600 414 726 447 waliae,
743 422 831 448 super
846 414 967 448 quadam
987 415 1148 449 praehenda
1164 415 1257 441 ecclc-

755 302 867 335 Latran‚
889 303 914 329 11
934 302 1086 328 decembre
1107 302 1182 328 1256.

251 464 310 489 siae
329 463 558 496 Autwerpiensis
573 462 723 488 confirmat
740 466 768 488 01
791 462 889 488 inserit
905 463 1142 489 orbiti-amentum
1159 462 1206 494 Ο..
1224 462 1253 489 S.

251 510 357 536 Mariae
375 511 401 536 in
420 509 472 536 Via
489 510 543 536 lata
559 510 721 541 cardinalis,
741 510 899 543 Anagniae,
917 510 1057 537 MCCLVI
1070 511 1116 538 die
1132 515 1256 538 exeunte

249 558 385 589 octobris,
403 558 501 584 latum⁴
524 558 605 590 (ttae.
623 559 665 589 24,
685 559 704 585 f.
721 558 796 591 QOQV,
814 567 880 585 ann.
900 558 934 589 ll,
953 567 979 585 c.
994 559 1065 590 Δ181.)

291 687 303 700 α
324 675 460 703 ,101111711ιὶ
475 674 510 702 (Ie
531 675 673 709 Malines,
699 676 846 703 canonico
868 676 985 704 ecclesie
1006 676 1251 713 Anlwe1·pien.s·is,

252 728 476 757 semicrustas-is
493 727 628 756 diocesis.
651 727 695 756 Ea
713 736 775 765 quc
789 727 914 766 judicio
932 727 981 757 vel
999 729 1173 758 concordia
1191 732 1256 758 ter-

250 780 420 809 minantur
436 789 540 818 usque
561 790 566 808 :
586 780 794 809 communiri.
816 781 924 811 Causa
941 781 1073 819 quidem
1090 791 1152 820 que
1169 781 1257 811 inter

252 837 281 862 te
296 842 331 862 ac
349 833 541 866 llenricum,
560 832 719 861 decanum
738 832 995 863 christianitatis
1011 834 1133 869 Walie,
1151 838 1257 864 recto-

250 894 318 915 rem
337 885 475 915 ecclesie
498 885 536 915 de
558 885 712 919 Bai-sele,
739 886 959 916 'Fornacensis
980 886 1138 922 diocesis,
1158 896 1257 925 super

249 938 415 977 prebenda
441 947 503 976 que
531 938 564 967 in
595 938 735 968 ecclesia
762 939 1008 978 Antwerpiensi
1034 949 1091 978 per
1117 944 1256 970 mortem

251 991 413 1030 Raynerii
427 991 465 1021 de
479 991 614 1026 Thonis,
632 991 738 1029 ipsius
753 992 915 1026 canonici,
930 997 1113 1027 vacaverat,
1128 997 1159 1023 et
1173 993 1256 1032 ejus-

250 1043 322 1073 dem
346 1043 485 1073 ecclesie
508 1043 716 1079 canonicatu,
743 1044 848 1081 primo
872 1053 982 1074 coram
1005 1068 1038 1078 ..,
1057 1050 1200 1081 cantore,
1225 1050 1257 1076 et

250 1096 368 1125 deiude
385 1105 494 1126 coram
511 1119 543 1130 ..,
559 1095 692 1130 decano,
713 1100 744 1126 et
759 1097 918 1133 magistro
935 1098 971 1127 P.
985 1097 1023 1127 dc
1041 1098 1160 1127 Sancto
1173 1099 1257 1128 Tru-

250 1148 351 1183 donc,
382 1148 540 1178 canonico
571 1148 818 1184 Cameracensi,
852 1150 1047 1180 auctoritate
1077 1150 1257 1189 apostolica

249 1201 375 1230 diutius
392 1201 499 1230 fuerat
518 1200 652 1238 agitata,
672 1210 728 1239 per
745 1201 875 1231 eosdem
893 1202 1036 1240 judices,
1057 1202 1095 1232 dc
1112 1203 1256 1241 partium

248 1254 430 1287 voluntate,
447 1254 486 1283 ad
499 1253 713 1292 apostolicum
726 1254 867 1284 remissa
880 1264 1028 1291 examen,
1043 1260 1075 1285 tu
1089 1261 1120 1285 et
1132 1256 1256 1293 magis-

250 1311 297 1336 ter
311 1307 448 1345 Symon,
466 1307 572 1345 ipsius
588 1308 627 1337 H.
645 1312 846 1345 procurator,
865 1308 1104 1347 jurisdictioni.
1121 1309 1255 1338 ordina-

250 1359 342 1394 tioni,
363 1359 642 1397 pronuntiationi,
666 1359 835 1389 amicabili
851 1360 1099 1398 compositioni,
1118 1361 1256 1392 arbitrio

249 1420 306 1440 seu
333 1411 570 1440 arbitramento
592 1411 704 1441 dilecti
724 1411 784 1440 filii
809 1412 913 1442 nostri
935 1412 985 1447 O.,
1009 1414 1128 1443 Sancte
1152 1414 1256 1444 Mai-ie

248 1464 282 1493 in
298 1464 358 1494 Via
375 1463 441 1493 lata
457 1464 587 1494 diaconi
610 1464 805 1496 cardinalis,
825 1475 923 1503 quem
943 1465 977 1494 111
995 1474 1095 1496 <niusa
1111 1467 1183 1505 ipsa
1200 1467 1256 1497 de-

249 1517 394 1547 derimus
413 1518 562 1556 partibus
580 1518 775 1552 auditorem,
796 1523 866 1556 post
886 1519 1006 1548 multas
1024 1519 1256 1550 altercationes

247 1571 282 1599 in
302 1570 414 1600 eadem
433 1570 563 1600 liabitas
580 1580 688 1600 coram
706 1580 754 1605 eo,
774 1580 828 1600 ros
843 1572 970 1609 precise
988 1582 1024 1601 ac
1038 1572 1141 1603 libere
1158 1582 1257 1612 super

248 1623 439 1662 hujusmodi
472 1624 604 1661 negotio
633 1628 664 1654 et
689 1624 844 1654 omnihus
873 1625 956 1654 illud
985 1626 1256 1663 contingentibus

245 1676 426 1715 juramenti
444 1676 505 1706 fide
526 1677 663 1715 prestita
680 1677 908 1707 summisistis.
931 1679 1032 1708 Porro
1049 1679 1134 1709 idem
1153 1680 1256 1709 cardi-

250 1729 352 1764 nalis,
378 1729 567 1768 hujusmodi
589 1731 826 1768 compromisso
850 1736 979 1769 recepto
1003 1737 1033 1761 et
1056 1742 1074 1761 a
1090 1733 1182 1762 vobis
1199 1733 1258 1763 ob-

251 1787 340 1813 tenta
365 1783 437 1813 vive
467 1783 555 1813 vocis
576 1783 708 1813 oraculo
731 1784 933 1817 arbitrandi,
960 1785 1156 1821 ordinandi,
1183 1796 1257 1824 pro-

250 1835 438 1871 nuntiandi,
458 1836 624 1866 statuendi
640 1841 671 1866 et
686 1846 744 1875 per
760 1837 1032 1875 compositionem
1047 1839 1257 1869 amicabilem

249 1888 446 1926 disponendi
463 1888 622 1927 quicquid
636 1889 669 1918 in
687 1889 832 1928 predicto
849 1890 980 1927 negotio
1000 1890 1051 1920 vel
1068 1891 1155 1921 circa
1174 1892 1258 1921 illud

249 1940 313 1970 sibi
331 1945 362 1970 01
378 1941 528 1979 partibus
547 1941 700 1979 expedire
717 1942 858 1977 videret,
880 1952 1007 1973 necnon
1028 1948 1059 1973 et
1082 1944 1258 1982 supplendi

249 2001 378 2022 onmem
400 1992 563 2022 defectum
584 1997 649 2023 tam
666 2003 703 2024 ex
722 1998 814 2032 parte
834 1999 889 2024 tua
912 2005 1009 2034 quam
1029 1996 1107 2026 dicti
1128 1997 1256 2033 decani,

248 2054 306 2083 per
318 2054 415 2083 quem
428 2050 539 2084 posset
550 2046 656 2084 ipsius
673 2046 860 2083 arbitrium,
875 2047 1039 2078 ordinatio
1056 2049 1125 2079 sive
1139 2050 1257 2080 amica-

248 2097 326 2127 bilis
351 2098 545 2136 compositio
566 2098 733 2137 impediri,
759 2104 790 2130 01
810 2101 986 2138 presertim
1013 2103 1257 2140 procurationis

247 2150 365 2188 prefati
380 2151 614 2189 procuratoris,
634 2152 674 2181 ad
688 2153 950 2191 componendum
965 2155 1107 2192 speciale
1122 2165 1186 2185 non
1201 2156 1256 2186 ha-

248 2204 357 2234 bentis
371 2204 573 2240 mandatum,
592 2205 741 2243 plenaria
753 2211 925 2244 potestate,
940 2208 1136 2238 auctoritate
1152 2213 1257 2247 potes—

250 2257 326 2286 tatis
343 2257 533 2296 hujusmodi
546 2259 735 2288 etmandati
749 2260 864 2295 nostri,
885 2260 1042 2299 supplens
1057 2262 1258 2299 procuratio-

250 2309 302 2339 nis
321 2309 465 2347 predicte
487 2319 523 2340 ac
546 2311 645 2341 etiam
668 2311 855 2341 litterarum
875 2322 974 2351 super
993 2318 1047 2343 tua
1068 2314 1258 2352 provisione

248 2362 499 2400 impetratarum
518 2372 645 2393 necnon
665 2365 866 2402 provisionis
891 2366 952 2395 tibi
971 2367 1058 2397 facte
1079 2367 1256 2404 defectum,

251 2424 447 2453 omnemque
469 2415 571 2445 alium
594 2426 651 2454 per
674 2426 772 2456 quem
796 2418 943 2457 ejusdem
965 2419 1145 2449 cardinalis
1169 2420 1258 2450 arbi-

251 2467 312 2496 1110
330 2476 389 2497 500
405 2467 571 2497 amicabili
589 2470 818 2508 compositioni
835 2476 945 2509 posset
964 2472 1170 2503 obstaculum
1187 2483 1258 2512 pro-

249 2519 374 2555 venire,
392 2520 571 2550 arbitratus
590 2526 653 2557 est,
674 2523 919 2560 pronuntiavit,
941 2525 1074 2561 statuit,
1092 2526 1259 2556 ordinavit

251 2576 281 2601 ct
298 2582 354 2610 per
371 2573 580 2603 amicabilem
601 2575 872 2613 compositionem
890 2577 1064 2615 disposuit,
1087 2583 1121 2608 ut
1139 2583 1173 2608 tu
1189 2579 1258 2608 dic-

251 2628 317 2654 tam
334 2626 544 2663 prehei‘idam,
563 2636 661 2665 quam
677 2628 735 2657 tibi
753 2628 941 2668 adjudicare
959 2640 995 2659 ac
1012 2631 1184 2669 assignare
1201 2641 1258 2661 cu-

252 2677 351 2711 rarit,
379 2677 500 2708 hahere
526 2678 645 2709 debeas
671 2685 701 2710 01
730 2681 865 2718 paciticc
892 2682 1078 2719 possidere,
1103 2683 1258 2722 imposito

251 2729 314 2767 ipsi
335 2731 371 2758 ll.
391 2735 546 2768 perpetuo
568 2731 701 2762 silentio
720 2742 818 2770 super
835 2733 924 2771 ipsa3
947 2739 1096 2764 statuens
1117 2735 1259 2766 111011110-

252 2783 377 2817 minus,
403 2783 535 2819 volens,
558 2785 735 2820 mandans,
760 2786 934 2821 inhitwns,
954 2787 1147 2824 decernens,
1169 2789 1258 2819 ordi-

233 2844 335 2863 ·uans
363 2840 390 2865 01
415 2836 593 2874 disponens
620 2838 779 2867 nonnulla
801 2839 865 2868 alia
886 2840 973 2870 circa
998 2841 1076 2876 ista,
1104 2847 1199 2880 prout
1223 2843 1257 2871 in

254 2888 383 2925 publico
402 2889 622 2919 instrumento
639 2892 787 2921 confecto
807 2893 922 2922 exinde
939 2902 975 2922 ac
988 2894 1093 2931 ipsius
1106 2896 1259 2925 cardina-

1337 298 1380 329 lis
1399 300 1510 338 sigillo
1533 302 1676 337 munito,
1695 303 1789 342 cujus
1811 307 1958 334 tenorem
1974 303 2012 334 de
2032 304 2132 334 verbo
2151 304 2191 335 ad
2210 305 2347 336 verbum

1338 353 1551 391 presentibus
1577 355 1683 385 inseri
1707 356 1861 392 fecimus,
1887 356 2019 395 plenius
2045 357 2244 388 continetur.
2277 359 2347 389 Nos

1338 405 1462 445 itaque,
1484 407 1550 437 tuis
1570 408 1725 446 precibus
1743 409 1914 445 inclinati,
1939 410 2027 449 quod
2045 410 2086 440 ab
2108 410 2222 441 eodem
2239 411 2347 441 cardi-

1339 459 1407 488 nali
1425 469 1524 498 super
1539 460 1600 491 hoc
1618 462 1740 491 sactum
1757 467 1822 498 est,
1841 467 1949 492 ratum
1971 463 2133 494 habentes
2152 469 2184 495 01
2203 468 2346 503 gratum,

1338 511 1421 541 illud
1442 513 1638 544 auctoritate
1661 515 1840 553 apostolica
1867 516 2102 546 confirmamus
2128 520 2159 547 et
2181 516 2347 555 presentis

1339 565 1454 603 scripti
1482 567 1665 604 patrocinio
1690 568 1947 598 communimus.
1973 569 2081 599 Tenor
2105 573 2216 600 autem
2239 569 2347 608 ipsius

1339 617 1554 649 instrumenti
1573 620 1648 650 talis
1665 625 1714 651 est
1731 631 1738 650 :

1871 716 1997 750 Anagni,
2013 716 2046 744 30
2062 716 2179 743 octobre
2196 716 2276 744 ¹256.

1381 787 1393 800 «
1414 776 1450 804 In
1469 776 1602 806 nomine
1624 776 1770 806 Domini.
1788 777 1905 808 Amen.
1931 777 2001 808 Etsi
2022 777 2163 808 multum
2182 777 2348 817 litiganti-

1340 839 1353 854 »
1378 827 1440 858 bus
1471 829 1621 867 expediat
1650 829 1776 860 instare
1807 839 1865 868 pro
1887 830 2020 869 justitia
2045 831 2254 870 assequenda
2283 839 2348 870 que

1340 893 1353 907 »
1378 881 1533 911 omnibus
1547 882 1634 921 quod
1651 891 1749 912 suum
1765 887 1814 913 051
1832 883 1969 914 reddere
1985 893 2022 914 ac
2038 884 2138 914 finem
2154 883 2271 915 litibus
2282 883 2349 914 im-

1340 946 1353 960 »
1379 943 1500 973 ponere
1519 936 1706 971 consuevit,
1728 935 1802 974 plus
1824 940 1932 966 tamen
1958 937 2007 967 cis
2031 936 2184 976 expedire
2202 936 2345 973 videtur,

1341 999 1353 1014 r>
1378 988 1520 1017 maxime
1545 989 1580 1018 in
1602 989 1835 1028 questionibus
1855 999 1918 1028 que
1943 994 2083 1020 tractum
2108 989 2266 1029 temporis
2287 989 2348 1020 ha-

1341 1052 1353 1066 n
1379 1040 1540 1076 buerunt,
1562 1050 1620 1080 pro
1641 1041 1869 1080 amplectenda
1889 1042 2065 1072 eoncordia
2085 1042 2252 1078 laborare,
2273 1051 2350 1073 cum

1341 1105 1353 1119 »
1378 1093 1437 1123 illa
1453 1102 1529 1132 sepe
1544 1094 1667 1124 invitos
1682 1099 1713 1124 et
1728 1094 1888 1131 nolentes,
1909 1095 1972 1125 ista
1988 1095 2085 1134 quasi
2099 1104 2229 1134 semper
2244 1095 2279 1125 in
2291 1103 2350 1126 vo-

1339 1157 1353 1173 »
1377 1146 1542 1176 luntarios
1559 1151 1590 1177 01
1607 1147 1856 1177 consentientes
1873 1148 2039 1181 reddatur,
2057 1157 2131 1178 cum
2147 1148 2182 1178 in
2199 1148 2349 1187 questio-

1341 1210 1353 1225 n
1379 1199 1478 1229 nibus
1496 1199 1618 1229 decisis
1639 1209 1697 1238 per
1718 1199 1810 1230 illam
1833 1201 2042 1240 frequenter,
2060 1201 2216 1240 insopitis
2237 1205 2350 1232 autem

1340 1264 1352 1278 ι)
1377 1261 1435 1290 per
1452 1252 1539 1282 hanc
1553 1262 1627 1282 raro
1641 1253 1815 1291 proveniat
1831 1253 1988 1283 recidiva.
2006 1253 2090 1284 Cum
2105 1254 2210 1291 igitur
2224 1253 2349 1286 Johan-

1339 1317 1352 1332 »
1378 1314 1436 1335 nes
1460 1305 1498 1335 de
1520 1305 1673 1341 Malincs,
1701 1305 1882 1336 canonieus
1906 1305 2045 1336 ecclesie
2067 1307 2346 1345 Antwerpiensis‚

1339 1370 1352 1384 »
1377 1358 1629 1389 Cameracensis
1652 1359 1805 1394 diocesis,
1835 1367 1872 1388 ex
1899 1363 1990 1397 parte
2016 1367 2092 1395 una,
2115 1363 2146 1389 et
2168 1359 2347 1396 Hem-icus,

1340 1423 1352 1437 »
1377 1411 1523 1441 decanus
1555 1411 1814 1442 christianitatis
1842 1411 1974 1447 VValie,
2006 1416 2114 1442 rector
2143 1411 2283 1443 ecclesie
2309 1412 2350 1443 de

1339 1476 1352 1490 n
1378 1464 1525 1499 Bai—sele,
1543 1474 1580 1494 ex
1598 1464 1717 1500 altera,
1737 1473 1837 1503 super
1853 1464 2020 1503 prebenda
2038 1464 2177 1495 ecclesie
2193 1466 2350 1496 Antwer-

1339 1529 1353 1544 »
1378 1517 1522 1556 piensis,
1542 1527 1640 1556 quam
1657 1517 1823 1556 quondam
1841 1518 2032 1557 Raynerius
2049 1518 2087 1548 de
2105 1518 2242 1557 Thenis,
2259 1519 2349 1558 ejus-

1340 1582 1352 1596 »
1377 1571 1451 1600 dem
1468 1570 1608 1601 ecclesie
1625 1571 1824 1606 canonicus,
1848 1571 2035 1602 obtinuisse
2058 1571 2221 1602 asseritur
2237 1571 2273 1602 in
2293 1580 2350 1603 ea-

1340 1636 1352 1650 »
1378 1624 1467 1659 dem,
1490 1633 1589 1663 quam
1608 1624 1741 1662 quidem
1759 1624 1932 1654 ¹Iohannes
1952 1624 2131 1662 predictus,
2153 1625 2349 1656 auctoritate

1340 1689 1353 1704 ι»
1378 1677 1565 1707 litterarum
1589 1676 1856 1716 apostolicarum,
1876 1677 1917 1707 ad
1933 1686 1968 1708 se
1985 1682 2133 1716 spectare
2151 1686 2188 1708 ac
2206 1677 2350 1709 detineri

1340 1742 1353 1757 ι»
1379 1740 1397 1759 a
1413 1730 1537 1760 decano
1553 1730 1699 1768 predicto
1712 1730 1852 1766 dicebat,
1871 1740 1907 1760 ac
1919 1738 2019 1769 super
2031 1731 2229 1761 canonicatu
2241 1731 2350 1770 ipsius

1341 1796 1353 1810 n
1380 1783 1530 1818 ecclesie,
1550 1788 1615 1813 tam
1632 1787 1724 1813 extra
1738 1784 1922 1813 Romanam
1936 1783 2083 1819 Curiam,
2102 1792 2201 1822 quam
2216 1783 2250 1813 in
2262 1784 2347 1823 ipsa,

1341 1848 1354 1863 n
1379 1845 1488 1866 coram
1516 1836 1611 1866 nobis
1636 1836 1687 1870 O.‚
1708 1836 1828 1867 Sancte
1848 1836 1953 1866 Mai-ie
1978 1837 2012 1866 in
2033 1836 2098 1867 Via
2119 1835 2187 1866 lata
2210 1836 2349 1867 diacono

1341 1901 1354 1916 n
1379 1889 1553 1924 cardinali,
1574 1898 1673 1928 quem
1693 1889 1848 1919 dominus
1869 1898 1953 1927 papa
1975 1888 2102 1919 dederit
2121 1888 2273 1927 partibus
2289 1898 2349 1920 au-

1341 1954 1354 1969 »
1378 1942 1526 1979 ditorem,
1560 1942 1686 1972 diutius
1715 1942 1755 1972 ad
1780 1942 1925 1972 invicem
1951 1941 2130 1980 litigarint,
2161 1942 2350 1981 sepedictus

1342 2007 1354 2021 >1
1379 1995 1550 2026 ,Iohannes
1582 2004 1619 2025 ac
1647 1995 1806 2033 magister
1836 1994 1977 2033 Symon,
2010 1998 2204 2032 procurator
2232 1994 2351 2026 decani

1342 2061 1354 2075 n
1380 2048 1544 2088 ejusdem,
1576 2048 1654 2078 licet
1685 2048 1726 2078 ad
1756 2046 2091 2086 compi-omittendum
2116 2055 2183 2077 non
2212 2046 2352 2078 haberet.

1342 2114 1354 2128 »
1380 2101 1588 2137 mandatum,
1612 2101 1675 2131 hac
1699 2101 1784 2131 sorte
1807 2100 1934 2130 ratione
1960 2099 2098 2136 inducti,
2123 2099 2235 2138 potius
2259 2099 2349 2130 viam

1342 2166 1355 2181 »
1381 2154 1554 2184 concordie
1571 2153 1747 2184 volucrunt
1766 2152 1938 2191 amplecti,
1960 2156 1991 2182 et
2007 2161 2079 2182 eam
2098 2151 2221 2190 eligere
2236 2152 2272 2182 in
2287 2151 2351 2183 hac

1342 2219 1354 2233 »
1379 2211 1472 2246 parte
1491 2216 1589 2245 quam
1606 2211 1760 2236 eventum
1774 2205 1894 2244 judicii
1911 2204 2049 2234 dubium
2068 2208 2252 2243 expectare,
2269 2204 2350 2235 etin

1342 2272 1355 2286 »
1380 2268 1440 2289 nos
1458 2259 1607 2290 absolute
1626 2259 1730 2288 libere
1752 2267 1788 2288 ac
1806 2262 1988 2296 spontanea
2005 2257 2174 2288 voluntate
2192 2261 2350 2296 tanquam

1342 2325 1355 2339 »
1379 2313 1415 2342 in
1432 2312 1606 2347 arbitrum,
1621 2311 1854 2341 arbitratui-em
1866 2319 1903 2340 ac
1919 2310 2019 2340 etiam
2035 2309 2271 2345 ordinatorem,
2285 2309 2350 2340 fide

1377 2365 1559 2405 juramenti
1576 2365 1653 2394 hinc
1668 2364 1745 2394 inde
1762 2363 1910 2402 prestita,
1929 2363 2196 2401 compromittere
2212 2371 2350 2394 curave-

1342 2431 1355 2446 »
1380 2423 1468 2453 runt,
1480 2418 1720 2457 jurisdictioni,
1738 2416 1954 2452 ordinationi,
1969 2415 2248 2454 pronuntiationi,
2265 2415 2350 2446 ami-

1343 2484 1355 2498 »
1381 2471 1481 2502 cabili
1499 2471 1742 2510 compositioni,
1761 2469 1899 2500 arbitrio
1914 2477 1951 2498 ac
1964 2468 2202 2498 arbitramento
2213 2467 2350 2504 nostris,

1342 2537 1355 2551 »
1381 2533 1415 2554 se
1436 2523 1564 2562 precise
1586 2534 1622 2553 ac
1643 2523 1827 2553 liberaliter
1851 2525 2074 2560 supponentes
2096 2529 2196 2560 super
2218 2520 2351 2560 negotio

1342 2589 1355 2604 »
1380 2580 1578 2613 memorato,
1597 2581 1627 2607 et
1643 2576 1799 2606 omnibus
1823 2584 1886 2614 que
1906 2574 2016 2612 ipsum
2033 2573 2204 2611 negotium
2219 2573 2350 2604 con-tin-

1343 2643 1355 2658 »
1381 2639 1457 2668 gere
1474 2630 1703 2665 dinoscuntur,
1725 2629 1811 2659 sicut
1827 2628 1863 2657 in
1878 2627 2102 2657 instrumento
2119 2625 2253 2665 publico
2271 2633 2350 2656 con-

1342 2695 1355 2710 »
1380 2683 1466 2712 fecto
1486 2682 1602 2712 eximie
1619 2682 1741 2711 dicitur
1758 2679 1934 2711 contineri.
1950 2679 2019 2709 Nos
2035 2687 2124 2714 vero,
2142 2682 2273 2717 recepto
2290 2677 2349 2708 hu-

1343 2748 1355 2762 »
1378 2735 1524 2774 jusmodi
1541 2734 1778 2773 compromisso
1794 2737 1991 2771 receptaque
2014 2740 2032 2761 a
2050 2739 2180 2761 summo
2194 2731 2350 2769 pontifice

1343 2801 1355 2816 »
1381 2789 1531 2827 plenaria.
1554 2792 1713 2826 potestate
1737 2787 1832 2817 nobis
1855 2786 1894 2816 ab
1917 2785 1988 2824 ipso
2009 2785 2082 2814 viva
2098 2793 2176 2814 voce
2193 2792 2351 2814 concessa

1343 2855 1356 2869 »
1381 2842 1577 2878 arbitrandi,
1596 2841 1784 2877 ordinandi,
1800 2838 2049 2879 pronuntiandi,
2063 2837 2230 2867 statuendi
2244 2846 2282 2868 ac
2292 2845 2350 2876 per

1343 2908 1356 2923 n
1382 2895 1654 2934 compositionem
1676 2893 1885 2924 amicabilem
1910 2890 2106 2930 disponendi
2129 2889 2288 2929 quicquid
2313 2890 2349 2920 in

1342 2378 1355 2392 δ
