2498 3325
222 243 277 272 1713
946 240 1185 271 REGISTRES
1207 238 1514 268 D‘ALEXANDRE
1537 239 1593 268 IV.

220 317 336 346 papam
353 307 616 345 predecessorem
636 312 784 336 nostrum
803 316 902 345 qnam
921 316 977 344 per
993 306 1139 335 locorum
1160 314 1229 334 me-

221 359 435 398 tropolitanos
459 364 489 389 et
512 360 705 389 diocesanos
730 369 765 389 ac
788 360 912 397 legatos
935 360 1029 390 Sedis
1051 358 1229 397 apostolice

219 412 269 442 vel
287 412 453 449 delegatos
475 412 580 450 ipsius
602 412 760 442 nonnulla
777 413 947 451 peraddita
971 416 1094 441 statuta
1116 411 1229 448 gravia

221 469 251 494 et
274 469 425 502 precepta
441 465 647 494 diversarum
669 474 828 503 penarum
845 465 1028 504 adjectione
1046 464 1165 493 vallata
1189 472 1229 493 ne

220 517 387 553 contingat
403 522 461 545 ete.
482 526 586 555 usque
603 527 608 546 :
625 517 777 547 facultas.
792 518 900 547 Priori
917 517 1156 547 nichilominus
1174 520 1229 545 tuo

221 579 256 599 ac
269 570 517 599 successui-ilms
534 570 604 609 ejus
621 570 821 600 concedendi
837 570 897 599 tibi
914 570 1046 608 tuisque
1059 577 1229 598 suceesso-

220 622 312 651 rit-us
336 622 526 661 hujusmodi
549 623 808 660 dispensationis
833 627 864 652 et
887 622 1106 652 absolutionis
1128 622 1229 652 bene-

220 674 342 705 ficium,
356 674 381 703 si
393 678 590 712 oswui-tuninu
604 674 714 708 suerit,
729 673 940 710 indulgentes
950 673 1145 703 auctoritate
1155 682 1229 711 pre—

221 727 364 756 sentium
380 730 583 764 potestatem.
599 727 673 756 Non
690 726 901 755 obstantibus
920 726 1089 764 aliquibus
1108 725 1229 755 litteris

221 779 261 808 ad
273 779 542 817 rnetropfflitanos
554 778 603 808 ve]
621 779 815 808 diocesanos
833 782 916 813 tuos,
931 787 989 808 seu
1004 786 1229 816 quoscumque

221 850 269 860 —.
294 831 385 861 Nulli
409 836 470 861 ete.
496 835 605 861 nostre
631 831 856 861 concessionis
889 835 950 861 etc.
974 832 1048 860 Dat.
1076 830 1227 869 Neapoli,

221 885 271 915 III
288 885 361 913 idus
379 885 500 919 martii,
520 893 606 914 anno
622 885 738 923 primo.
760 897 772 910 n

292 1064 380 1092 586
806 1062 934 1096 Anagni,
956 1062 1060 1095 19juin
1082 1062 1157 1088 1255.

258 1125 416 1159 Raynaldo,
433 1124 572 1151 canonico
584 1124 723 1150 ecclcsiae
734 1132 759 1150 s.
772 1123 878 1150 Mariae
888 1123 1006 1157 Majoris
1017 1123 1051 1148 de
1067 1123 1229 1156 Ferentino,

222 1174 354 1200 coneedit
375 1174 539 1200 facultatem
558 1173 746 1199 contrahendi
768 1177 899 1202 mutuum
922 1181 1015 1206 usque
1034 1172 1068 1198 ad
1088 1180 1231 1198 sumniam

221 1222 307 1248 LXX
329 1223 465 1248 librarum
486 1222 713 1256 proviniensium
736 1230 785 1255 pro
806 1220 993 1255 expediendis
1014 1220 1138 1254 negotiis
1161 1227 1232 1246 con-

222 1276 327 1297 ventus
343 1271 510 1297 monasterii
526 1278 550 1297 s.
567 1270 735 1301 Theon-edi,
754 1270 916 1295 Anitiensis
934 1269 1069 1303 dlocesis‚
1086 1269 1160 1302 apud
1177 1268 1232 1294 Se-

222 1320 286 1346 dem
303 1320 487 1354 apostolicam
504 1322 532 1345 et
547 1318 693 1353 obligandi
711 1321 826 1353 propter
837 1318 892 1344 hoc
902 1318 1094 1344 creditoribus
1105 1325 1232 1344 conven-

222 1373 293 1396 tum.
311 1369 393 1402 (lteo.
412 1368 455 1401 Ἡ,
473 1376 497 1394 c.
515 1368 578 1401 466,
597 1368 616 1395 f.
633 1367 699 1399 69¹¹.)

265 1484 276 1496 <z
304 1471 469 1508 Itaynaldo,
497 1471 644 1499 canonico
667 1470 784 1499 ecclesie
809 1474 910 1498 sancte
935 1469 1029 1497 Marie
1051 1469 1175 1505 Majoris
1199 1468 1232 1496 de

222 1525 398 1559 Ferentino,
422 1524 620 1561 procuratori
646 1522 748 1552 dilecti
772 1522 833 1559 salii
858 1544 890 1556 ..,
914 1522 1029 1550 abbatis
1052 1522 1232 1550 monasterii

224 1577 393 1613 Theofrcdi,
413 1577 585 1605 Anieiensis
601 1576 736 1604 diocesis.
754 1574 852 1610 Cum,
871 1574 957 1603 sicut
976 1574 1011 1603 in
1029 1578 1141 1604 nostra
1156 1582 1232 1612 pro-

222 1629 363 1668 posuisti
382 1629 550 1667 presentia
565 1628 767 1658 constitutus
781 1636 838 1666 pro
855 1627 1068 1665 expediendis
1085 1627 1232 1665 negociis

223 1682 418 1712 dilectorum
430 1681 575 1711 filiorum
593 1705 626 1717 ..,
642 1681 782 1716 abbatis,
799 1685 828 1711 et
844 1684 1025 1710 conventus
1037 1680 1233 1710 monasterii

224 1735 331 1765 sancti
353 1734 548 1769 Theol'redi,
568 1734 761 1763 Aniciensis
784 1733 942 1768 diocesis,
967 1742 1025 1771 pro
1047 1733 1169 1771 quibus
1193 1733 1233 1763 ad

223 1788 341 1817 Sedem
359 1787 571 1825 apostolicam
590 1786 775 1821 accessisti,
794 1790 825 1816 te
842 1786 954 1816 subire
968 1790 1115 1824 oporteat
1132 1795 1233 1816 onera

222 1849 452 1879 expensarum,
473 1848 513 1870 ne
529 1848 587 1877 pro
604 1839 734 1869 defectu
749 1839 897 1877 ipsarum
914 1839 1028 1869 eadem
1044 1839 1233 1877 inexpedita

221 1902 393 1923 remanere
408 1893 586 1929 contingat,
600 1901 659 1922 nos
673 1892 739 1921 tuis
753 1891 1053 1930 supplicationibus
1065 1891 1230 1927 inclinati,

222 1946 438 1976 contrahendi
456 1949 608 1975 mutuum
631 1954 737 1984 usque
762 1945 803 1974 ad
819 1954 983 1974 summam
998 1945 1113 1974 LXXta
1130 1944 1232 1974 libra-

220 2008 294 2028 rum
321 1998 593 2037 proveniensium
624 2001 655 2027 et
681 1997 851 2035 obligandi
875 2001 1008 2035 propter
1034 1997 1095 2027 hoc
1125 1997 1233 2027 credi-

221 2051 348 2081 toribus
378 2060 483 2089 usque
519 2050 560 2080 ad
595 2059 759 2080 summam
796 2050 989 2089 hujusmodi
1019 2050 1172 2080 abbatem
1201 2054 1233 2080 et

221 2107 419 2134 conventum
441 2103 606 2141 predictos
636 2111 673 2132 ac
701 2111 911 2132 successores
941 2111 1055 2132 eorum
1087 2107 1117 2132 et
1146 2103 1233 2132 bona

220 2156 415 2186 monasterii
443 2155 584 2194 predicti
615 2164 652 2185 ac
681 2155 901 2185 renunciandi
932 2155 1163 2185 constitutioni
1193 2156 1232 2186 de

221 2209 348 2239 duabus
365 2209 463 2238 dietis
476 2208 562 2238 edite
574 2208 609 2237 in
621 2208 762 2238 concilio
778 2207 926 2246 generali
943 2212 973 2238 et
988 2208 1150 2238 beneficio
1166 2217 1232 2238 res-

220 2262 387 2291 titutionis
408 2262 443 2291 in
462 2262 629 2299 integrum
647 2270 776 2291 necnon
795 2264 826 2291 et
842 2261 1056 2291 conventioni
1068 2261 1230 2300 judicum,

221 2315 249 2345 si
266 2315 413 2353 ipsorum
433 2314 633 2344 creditorum
653 2314 786 2344 nomine
809 2313 1006 2352 apostolicas
1024 2313 1154 2344 litteras
1175 2323 1232 2344 cu-

216 2369 415 2407 juscumque
438 2367 564 2397 tenoris
592 2367 627 2396 in
650 2371 818 2405 posterum
841 2367 1013 2405 impetrari
1035 2367 1229 2405 contigerit,

220 2420 414 2450 auctoritate
431 2419 492 2449 tibi
508 2419 714 2458 presentium
731 2419 943 2449 concedimus
960 2419 1164 2449 facultatem.
1182 2420 1232 2449 Ita

219 2477 329 2502 tamen
353 2472 440 2511 quod
461 2472 563 2502 iidem
586 2472 687 2502 abbas
714 2476 744 2502 et
767 2476 949 2502 conventus
972 2476 1003 2502 et
1023 2480 1231 2502 successores

220 2534 334 2555 eorum
347 2528 524 2555 teneantur
536 2525 575 2554 ad
586 2524 778 2563 hujusmodi
789 2525 965 2563 pecuniam
979 2524 1232 2563 persolvendam

219 2582 250 2609 et
273 2578 314 2608 ad
328 2587 459 2617 penam,
478 2577 630 2616 dampna,
649 2587 810 2616 expensas
827 2581 858 2608 et
874 2577 1048 2613 interesse,
1069 2577 1098 2607 si
1114 2578 1148 2606 in
1165 2581 1231 2607 ter-

217 2631 309 2661 mino
328 2639 346 2660 a
362 2634 393 2660 te
409 2630 584 2660 statuendo
600 2630 775 2668 pecuniam
793 2639 859 2660 non
875 2630 1095 2668 persolverint
1111 2639 1230 2660 memo-

217 2688 339 2719 ratam,
359 2683 489 2713 sublata
509 2683 592 2721 ipsis
611 2683 831 2713 creditoribus
854 2683 1053 2713 necessitate
1068 2683 1231 2722 probandi

219 2737 307 2776 quod
328 2736 470 2775 pecunia
491 2736 605 2766 eadem
630 2736 673 2766 sit
691 2744 849 2766 conversa
869 2736 904 2765 in
922 2735 1103 2765 utilitatem
1123 2735 1230 2774 ipsius

217 2789 433 2824 monasterii,
460 2792 610 2826 pretextu
634 2788 775 2827 alicujus
798 2788 1048 2818 constitutionis
1071 2788 1229 2818 canonice

217 2843 269 2873 vel
294 2842 415 2872 civilis.
439 2842 513 2872 Non
539 2841 748 2871 obstantibus
770 2841 939 2880 aliquibus
960 2840 1147 2879 privilegiis
1170 2849 1229 2870 seu

216 2895 437 2933 indulgentiis
458 2895 496 2925 de
513 2894 634 2933 quibus
656 2894 689 2923 in
713 2894 836 2924 nostris
851 2893 973 2924 litteris
990 2893 1063 2924 fieri
1081 2896 1229 2932 oporteat

1311 303 1515 333 mentionem
1532 309 1563 334 et
1578 312 1636 342 per
1650 313 1712 342 que
1730 304 1829 334 iidem
1847 303 1947 333 abbas
1960 307 1988 333 et
2007 307 2188 333 conventus
2204 307 2233 333 et
2249 312 2319 333 suc-

1311 365 1459 385 cessores
1471 366 1584 386 eorum
1598 356 1726 386 valeant
1739 366 1772 387 se
1788 356 1883 387 tueri.
1899 357 1972 386 Dat.
1989 356 2150 393 Anagnie,
2166 356 2249 386 XIII
2260 355 2320 385 ka-

1310 408 1425 438 lendas
1439 408 1527 447 julii,
1545 418 1631 438 anno
1647 409 1764 447 primo.
1782 422 1794 434 ι)

1383 578 1471 606 58¹2
1914 577 2031 613 Naples,
2050 578 2080 604 14
2097 578 2152 604 mai
2170 578 2247 606 1255.

1349 640 1440 667 Priori
1470 641 1589 667 fratrum
1623 640 1855 667 Praedicator-um
1884 640 2059 673 Glasguensi
2088 641 2259 672 committit,
2288 643 2320 667 ut

1312 689 1441 724 episcopi
1453 689 1643 723 Glasguensis
1655 693 1753 716 votum
1764 689 1953 715 abstinentiae
1968 689 2002 715 ab
2018 697 2069 715 esu
2087 689 2216 715 carnium
2232 696 2320 724 prop-

1312 741 1355 765 ter
1371 739 1435 772 ejus
1451 742 1630 764 senectutem
1646 738 1673 764 in
1689 746 1776 772 opera
1793 737 2006 764 misericordiae
2022 741 2199 764 commutare
2216 737 2318 772 possit.

1312 786 1396 820 (Res.
1410 787 1454 818 ⁶24,
1472 794 1498 814 c.
1514 786 1575 818 467,
1593 787 1613 813 s.
1631 786 1694 817 69'3
1713 786 1860 813 Porrmsr
1878 786 1983 815 15661.)

1355 902 1367 915 ι(
1389 912 1421 923 ..,
1438 890 1542 927 priori
1556 889 1693 925 sralrmn
1710 888 1938 917 Predicatorum
1958 888 2146 925 Glasyzcensi.
2165 887 2210 917 Ex
2228 890 2320 926 parte

1312 941 1515 972 venerabilis
1525 959 1574 969 —.
1587 941 1661 970 Dat.
1674 940 1824 979 Neapoli,
1838 941 1870 970 II
1882 940 1956 970 idus
1970 940 2061 975 maii,
2075 948 2162 970 anno
2172 939 2290 978 primo.
2305 952 2318 966 n

1384 1113 1472 1141 568
1901 1111 2026 1145 Anagni,
2043 1110 2077 1137 ‘26
2090 1111 2153 1144 juin
2172 1110 2248 1137 1255.

1349 1173 1493 1208 Episcopo
1515 1173 1711 1208 Magalonensi
1729 1172 1845 1204 scribit,
1863 1171 1900 1197 LI
1915 1172 2002 1198 libras
2023 1172 2223 1198 turonensium
2244 1171 2322 1207 Ray-

1314 1222 1397 1249 naldo
1416 1223 1555 1249 canonico
1577 1230 1601 1249 s.
1622 1222 1727 1248 Mariae
1744 1221 1862 1256 Major-is
1881 1221 1916 1247 de
1939 1220 2104 1253 Ferentino,
2122 1221 2237 1248 nomine
2251 1228 2323 1248 con-

1314 1275 1418 1298 ventus
1441 1271 1607 1298 monasterii
1630 1279 1655 1298 s.
1677 1270 1829 1297 Theon-edi
1849 1270 2012 1297 Anitiensis
2032 1269 2156 1296 diocesis
2177 1273 2322 1297 mutuatas

1313 1320 1421 1351 fuisse,
1438 1320 1462 1346 si
1479 1319 1575 1346 dictus
1590 1323 1752 1346 conventus
1767 1319 1952 1353 denegaverit
1967 1327 2109 1345 summam
2125 1318 2154 1344 in
2171 1318 2323 1346 utilitatem

1314 1377 1397 1395 suam
1413 1377 1582 1395 conversam
1600 1369 1700 1401 fuisse,
1715 1368 1794 1395 illum
1808 1368 2050 1394 excommunicet.
2065 1367 2146 1399 (Rea.
2158 1367 2203 1399 24,
2218 1375 2245 1394 c.
2259 1366 2320 1401 468,

1314 1418 1333 1445 f.
1350 1418 1420 1450 ὅθ’)

1357 1532 1369 1546 (ι
1395 1543 1426 1553 ..,
1452 1521 1585 1558 episcopo
1605 1519 1823 1556 Mayalonensi.
1847 1517 1931 1548 Cum
1953 1517 2065 1547 dilecti
2089 1516 2151 1546 filii
2174 1517 2270 1555 Hugo
2291 1519 2324 1547 et

1315 1573 1430 1603 Dulcis
1449 1573 1487 1602 de
1504 1573 1626 1609 Burgo,
1645 1572 1737 1607 socii,
1756 1571 1845 1601 cives
1863 1575 1894 1601 et
1910 1574 2109 1600 mercatores
2126 1569 2321 1605 Florentini‚

1314 1635 1373 1665 pro
1390 1635 1423 1655 se
1439 1630 1469 1655 et
1483 1625 1675 1663 Huguitone
1692 1628 1723 1654 et
1737 1623 1884 1662 Spinello
1901 1623 2074 1662 Symoneti
2088 1632 2124 1653 ac
2138 1622 2257 1653 ceteris
2273 1630 2324 1653 eo-

1315 1688 1389 1708 rum
1401 1678 1511 1713 sociis,
1528 1677 1657 1708 civibus
1672 1681 1702 1707 et
1719 1676 1958 1706 mercatoribus
1976 1676 2189 1711 Florentinis,
2204 1675 2324 1706 dilecto

1315 1731 1383 1761 filio
1400 1731 1584 1770 Raynaldo,
1606 1730 1765 1760 canonico
1781 1729 1920 1759 ecclesie
1937 1733 2049 1759 sancte
2067 1729 2170 1759 Marie
2187 1727 2323 1767 Maioris

1315 1784 1354 1814 de
1371 1784 1559 1818 Ferentino,
1576 1783 1710 1813 nomine
1722 1782 1917 1821 dilectorum
1930 1781 2076 1811 filiorum
2089 1804 2121 1816 ..,
2138 1780 2278 1816 abbatis,
2292 1783 2324 1811 et

1315 1842 1496 1867 conventus
1513 1835 1707 1866 monasterii
1726 1835 1832 1865 sancti
1850 1834 2027 1864 Theoti-edi
2043 1833 2235 1864 Aniciensis
2251 1833 2324 1863 dio-

1315 1890 1412 1925 cesis,
1436 1889 1564 1919 ordinis
1587 1888 1693 1918 sancti
1718 1887 1902 1922 Benedicti,
1926 1886 2138 1917 renuncianti
2161 1886 2324 1916 constitu-

1315 1943 1398 1973 tioni
1423 1943 1461 1972 de
1487 1942 1614 1972 duabus
1640 1941 1738 1971 dietis
1763 1940 1868 1970 edicte
1893 1940 1928 1969 in
1954 1939 2094 1970 concilio
2119 1938 2267 1977 generali
2291 1942 2323 1969 et

1314 1996 1469 2026 omnibus
1485 1995 1607 2024 litteris
1624 1999 1653 2024 et
1668 1993 1886 2031 indulgentiis
1901 2001 1919 2022 a
1931 1993 2013 2023 Sede
2030 1992 2210 2030 apostolica
2222 1992 2324 2030 impe-

1315 2049 1410 2078 tratis
1441 2057 1478 2078 ac
1507 2047 1606 2077 etiam
1634 2045 1862 2084 impetrandis,
1890 2046 1932 2074 LI
1960 2044 2064 2074 libras
2091 2044 2324 2074 turonensium

1315 2101 1510 2131 auctoritate
1523 2099 1710 2129 litterarum
1724 2102 1912 2130 nostrarum
1929 2097 2015 2135 apud
2031 2097 2150 2127 Sedem
2165 2096 2328 2136 apostoli-¹

1315 2163 1386 2183 cam
1406 2162 1464 2191 pro
1480 2151 1693 2190 expediendis
1711 2151 1873 2180 dictorum
1891 2150 2020 2179 abbatis
2039 2153 2070 2179 et
2088 2153 2270 2179 conventus
2285 2157 2323 2179 ac

1314 2206 1509 2236 monasterii
1526 2205 1668 2242 negotiis
1682 2204 1867 2234 mutuarint
1881 2203 1980 2233 certis
1994 2203 2064 2232 loco
2078 2203 2126 2233 eis
2138 2206 2168 2232 et
2180 2202 2323 2233 termino

1314 2259 1563 2298 persolvendas,
1594 2262 1691 2296 prout
1720 2257 1754 2286 in
1786 2257 2008 2286 instrumento
2042 2255 2174 2294 publico
2204 2255 2323 2285 exinde

1314 2312 1501 2342 contectum
1516 2311 1648 2350 plenius
1666 2310 1870 2345 continetur;
1889 2309 2084 2338 mandamus
2101 2308 2275 2347 quatinus,
2293 2307 2323 2338 si

1314 2365 1393 2395 dicti
1417 2364 1518 2394 abbas
1539 2368 1570 2393 et
1591 2367 1772 2393 conventus
1792 2365 1822 2392 et
1841 2369 2050 2391 successores
2071 2369 2185 2391 eorum
2202 2360 2238 2390 in
2254 2364 2323 2390 sta-

1313 2418 1394 2448 tutis
1412 2417 1482 2447 loco
1505 2421 1535 2447 et
1559 2416 1700 2446 termino
1720 2415 1813 2454 juxta
1832 2413 2049 2444 instrumenti
2068 2413 2208 2451 predicti
2228 2416 2322 2443 teno-

1312 2479 1399 2505 rem,
1422 2470 1468 2499 ita
1491 2469 1578 2508 quod
1598 2468 1689 2498 nulla
1711 2467 1777 2498 alia
1796 2467 1946 2506 probatio
1970 2466 2019 2496 vel
2040 2466 2201 2496 certitudo
2222 2474 2322 2504 super

1313 2522 1503 2562 hujusmodi
1524 2522 1634 2551 debito
1655 2521 1816 2558 exigatur,
1838 2519 2078 2549 mercatoribus
2097 2518 2180 2556 ipsis
2198 2518 2321 2557 quibus

1311 2577 1461 2613 pretextu
1479 2573 1619 2611 alicujus
1636 2570 1885 2602 constitutionis
1901 2569 2058 2600 canonice
2074 2568 2127 2599 vel
2139 2568 2248 2599 civilis
2264 2571 2322 2599 aut

1313 2628 1551 2666 cujuscumque
1567 2625 1735 2664 privilegii
1750 2624 1803 2654 vel
1819 2622 2037 2661 indulgentie,
2058 2622 2096 2652 de
2113 2621 2234 2660 quibus
2249 2620 2321 2660 ple-

1312 2689 1389 2710 nam
1406 2684 1435 2709 et
1452 2688 1641 2717 expressam
1655 2681 1802 2716 oporteat
1815 2677 1849 2706 in
1866 2675 2076 2715 presentibus
2092 2674 2165 2704 fieri
2181 2673 2319 2704 'mentio-

1312 2742 1387 2763 nem
1414 2732 1575 2771 probandi
1601 2731 1783 2762 necessitas
1809 2729 2001 2759 incumbere
2031 2727 2204 2760 nolumus.
2232 2726 2320 2765 quod

1311 2786 1454 2825 pecunia
1473 2785 1546 2823 ipsa
1565 2784 1600 2814 in
1619 2784 1799 2814 utilitatem
1818 2782 2022 2821 prefatorum
2040 2780 2169 2810 abbatis
2189 2783 2220 2810 et
2240 2787 2318 2810 con-

1310 2842 1429 2869 ventus
1444 2842 1473 2868 et
1490 2836 1685 2867 monasterii
1701 2836 1744 2866 sit
1760 2843 1918 2865 conversa
1935 2834 1972 2864 de
1986 2833 2127 2872 pecunia
2143 2840 2208 2862 non
2224 2831 2319 2862 satis-

1310 2891 1451 2922 fecerint
1469 2893 1660 2924 memorata,
1677 2893 1711 2918 tu
1728 2888 1763 2918 in
1779 2887 1884 2917 dictos
1900 2886 2052 2917 abbatem
2065 2889 2097 2915 et
2109 2892 2319 2915 successores

2484 2757 2492 2764 ι
2482 2639 2495 2722 nov*-
2484 2555 2493 2617 ..,,.
2482 2514 2498 2526 .‘
