<?xml version="1.0" encoding="UTF-8"?>
<!DOCTYPE html PUBLIC "-//W3C//DTD XHTML 1.0 Transitional//EN"
    "http://www.w3.org/TR/xhtml1/DTD/xhtml1-transitional.dtd">
<html xmlns="http://www.w3.org/1999/xhtml" xml:lang="en" lang="en">
 <head>
  <title>
</title>
<meta http-equiv="Content-Type" content="text/html;charset=utf-8" />
  <meta name='ocr-system' content='tesseract 3.04.00' />
  <meta name='ocr-capabilities' content='ocr_page ocr_carea ocr_par ocr_line ocrx_word'/>
</head>
<body>
  <div class='ocr_page' id='page_1' title='image "./lesregistresdale01cathuoft_0360.png"; bbox 0 0 2498 3325; ppageno 0'>
   <div class='ocr_carea' id='block_1_1' title="bbox 251 253 1627 286">
    <p class='ocr_par' dir='ltr' id='par_1_1' title="bbox 251 253 1627 286">
     <span class='ocr_line' id='line_1_1' title="bbox 251 253 1627 286; baseline 0.001 -2"><span class='ocrx_word' id='word_1_1' title='bbox 251 254 310 285; x_wconf 85' lang='lat'><strong>350</strong></span> <span class='ocrx_word' id='word_1_2' title='bbox 978 255 1219 286; x_wconf 86' lang='lat' dir='ltr'><strong>REGISTRES</strong></span> <span class='ocrx_word' id='word_1_3' title='bbox 1240 253 1548 284; x_wconf 82' lang='lat' dir='ltr'><strong>D’ALEXANDRE</strong></span> <span class='ocrx_word' id='word_1_4' title='bbox 1571 255 1627 285; x_wconf 88' lang='lat' dir='ltr'><strong>IV.</strong></span> 
     </span>
    </p>
   </div>
   <div class='ocr_carea' id='block_1_2' title="bbox 243 320 1263 2951">
    <p class='ocr_par' dir='ltr' id='par_1_2' title="bbox 248 320 1263 1943">
     <span class='ocr_line' id='line_1_2' title="bbox 253 320 1262 359; baseline 0.001 -10"><span class='ocrx_word' id='word_1_5' title='bbox 253 320 482 358; x_wconf 87' lang='lat' dir='ltr'><strong>episcoporum</strong></span> <span class='ocrx_word' id='word_1_6' title='bbox 505 324 535 350; x_wconf 90' lang='lat' dir='ltr'><strong>et</strong></span> <span class='ocrx_word' id='word_1_7' title='bbox 558 320 794 359; x_wconf 71' lang='lat' dir='ltr'>episcopalium</span> <span class='ocrx_word' id='word_1_8' title='bbox 817 322 1049 352; x_wconf 88' lang='lat' dir='ltr'><strong>ministrorum</strong></span> <span class='ocrx_word' id='word_1_9' title='bbox 1075 320 1262 351; x_wconf 89' lang='lat' dir='ltr'><strong>contradic-</strong></span> 
     </span>
     <span class='ocr_line' id='line_1_3' title="bbox 253 372 1263 413; baseline 0.002 -11"><span class='ocrx_word' id='word_1_10' title='bbox 253 372 343 402; x_wconf 82' lang='lat' dir='ltr'><strong>tione</strong></span> <span class='ocrx_word' id='word_1_11' title='bbox 369 372 525 410; x_wconf 77' lang='lat' dir='ltr'>deinceps</span> <span class='ocrx_word' id='word_1_12' title='bbox 551 372 703 403; x_wconf 84' lang='lat' dir='ltr'><strong>habeatis</strong></span> <span class='ocrx_word' id='word_1_13' title='bbox 732 374 927 412; x_wconf 88' lang='lat' dir='ltr'><strong>quietietius</strong></span> <span class='ocrx_word' id='word_1_14' title='bbox 958 374 1033 413; x_wconf 83' lang='lat' dir='ltr'><strong>(sic),</strong></span> <span class='ocrx_word' id='word_1_15' title='bbox 1064 374 1122 413; x_wconf 88' lang='lat' dir='ltr'><strong>qui</strong></span> <span class='ocrx_word' id='word_1_16' title='bbox 1152 378 1263 404; x_wconf 84' lang='lat' dir='ltr'><strong>vestra</strong></span> 
     </span>
     <span class='ocr_line' id='line_1_4' title="bbox 255 425 1262 465; baseline 0.003 -11"><span class='ocrx_word' id='word_1_17' title='bbox 255 425 442 464; x_wconf 79' lang='lat' dir='ltr'><strong>peregrinis</strong></span> <span class='ocrx_word' id='word_1_18' title='bbox 473 426 632 455; x_wconf 88' lang='lat' dir='ltr'><strong>fratribus</strong></span> <span class='ocrx_word' id='word_1_19' title='bbox 663 430 693 456; x_wconf 86' lang='lat' dir='ltr'><strong>et</strong></span> <span class='ocrx_word' id='word_1_20' title='bbox 726 426 928 465; x_wconf 83' lang='lat' dir='ltr'><strong>pauperibus</strong></span> <span class='ocrx_word' id='word_1_21' title='bbox 961 427 1116 465; x_wconf 78' lang='lat' dir='ltr'><strong>erogatis.</strong></span> <span class='ocrx_word' id='word_1_22' title='bbox 1149 427 1262 458; x_wconf 80' lang='lat' dir='ltr'><strong>Liceat</strong></span> 
     </span>
     <span class='ocr_line' id='line_1_5' title="bbox 255 477 1262 516; baseline 0.004 -10"><span class='ocrx_word' id='word_1_23' title='bbox 255 486 386 516; x_wconf 84' lang='lat' dir='ltr'><strong>quoque</strong></span> <span class='ocrx_word' id='word_1_24' title='bbox 415 477 508 507; x_wconf 78' lang='lat' dir='ltr'><strong>vobis</strong></span> <span class='ocrx_word' id='word_1_25' title='bbox 537 477 675 508; x_wconf 88' lang='lat' dir='ltr'><strong>clericos</strong></span> <span class='ocrx_word' id='word_1_26' title='bbox 702 478 754 509; x_wconf 91' lang='lat' dir='ltr'><strong>vel</strong></span> <span class='ocrx_word' id='word_1_27' title='bbox 780 478 883 509; x_wconf 87' lang='lat' dir='ltr'><strong>laicos</strong></span> <span class='ocrx_word' id='word_1_28' title='bbox 911 479 1034 510; x_wconf 86' lang='lat' dir='ltr'><strong>liberos</strong></span> <span class='ocrx_word' id='word_1_29' title='bbox 1065 484 1096 510; x_wconf 90' lang='lat' dir='ltr'><strong>et</strong></span> <span class='ocrx_word' id='word_1_30' title='bbox 1127 479 1262 510; x_wconf 86' lang='lat' dir='ltr'><strong>absolu-</strong></span> 
     </span>
     <span class='ocr_line' id='line_1_6' title="bbox 254 530 1262 571; baseline 0.003 -11"><span class='ocrx_word' id='word_1_31' title='bbox 254 535 303 560; x_wconf 91' lang='lat' dir='ltr'><strong>tos</strong></span> <span class='ocrx_word' id='word_1_32' title='bbox 333 539 350 560; x_wconf 87' lang='lat' dir='ltr'><strong>e</strong></span> <span class='ocrx_word' id='word_1_33' title='bbox 380 530 492 560; x_wconf 82' lang='lat' dir='ltr'><strong>seculo</strong></span> <span class='ocrx_word' id='word_1_34' title='bbox 521 531 688 567; x_wconf 82' lang='lat' dir='ltr'><strong>fugientes</strong></span> <span class='ocrx_word' id='word_1_35' title='bbox 715 531 754 561; x_wconf 90' lang='lat' dir='ltr'><strong>ad</strong></span> <span class='ocrx_word' id='word_1_36' title='bbox 782 532 1032 562; x_wconf 82' lang='lat' dir='ltr'><strong>conversionem</strong></span> <span class='ocrx_word' id='word_1_37' title='bbox 1057 532 1205 571; x_wconf 85' lang='lat' dir='ltr'><strong>recipere</strong></span> <span class='ocrx_word' id='word_1_38' title='bbox 1230 537 1262 563; x_wconf 87' lang='lat' dir='ltr'><strong>et</strong></span> 
     </span>
     <span class='ocr_line' id='line_1_7' title="bbox 254 583 1261 623; baseline 0.004 -12"><span class='ocrx_word' id='word_1_39' title='bbox 254 591 309 614; x_wconf 88' lang='lat' dir='ltr'><strong>eos</strong></span> <span class='ocrx_word' id='word_1_40' title='bbox 340 583 465 622; x_wconf 83' lang='lat' dir='ltr'><strong>absque</strong></span> <span class='ocrx_word' id='word_1_41' title='bbox 491 583 750 614; x_wconf 78' lang='lat' dir='ltr'><strong>contradictione</strong></span> <span class='ocrx_word' id='word_1_42' title='bbox 776 584 888 623; x_wconf 86' lang='lat' dir='ltr'><strong>aliqua</strong></span> <span class='ocrx_word' id='word_1_43' title='bbox 915 585 1070 615; x_wconf 84' lang='lat' dir='ltr'><strong>retinere.</strong></span> <span class='ocrx_word' id='word_1_44' title='bbox 1100 585 1261 616; x_wconf 90' lang='lat' dir='ltr'><strong>Prohibe-</strong></span> 
     </span>
     <span class='ocr_line' id='line_1_8' title="bbox 253 636 1261 676; baseline 0.001 -10"><span class='ocrx_word' id='word_1_45' title='bbox 253 645 326 666; x_wconf 87' lang='lat' dir='ltr'><strong>mus</strong></span> <span class='ocrx_word' id='word_1_46' title='bbox 344 636 491 674; x_wconf 79' lang='lat' dir='ltr'><strong>insuper,</strong></span> <span class='ocrx_word' id='word_1_47' title='bbox 514 640 549 666; x_wconf 90' lang='lat' dir='ltr'><strong>ut</strong></span> <span class='ocrx_word' id='word_1_48' title='bbox 566 636 649 666; x_wconf 89' lang='lat' dir='ltr'><strong>nulli</strong></span> <span class='ocrx_word' id='word_1_49' title='bbox 673 637 813 666; x_wconf 75' lang='lat' dir='ltr'><strong>fratrum</strong></span> <span class='ocrx_word' id='word_1_50' title='bbox 835 642 1021 667; x_wconf 88' lang='lat' dir='ltr'><strong>vestrorum</strong></span> <span class='ocrx_word' id='word_1_51' title='bbox 1045 641 1117 676; x_wconf 90' lang='lat' dir='ltr'><strong>post</strong></span> <span class='ocrx_word' id='word_1_52' title='bbox 1139 638 1261 668; x_wconf 86' lang='lat' dir='ltr'><strong>factam</strong></span> 
     </span>
     <span class='ocr_line' id='line_1_9' title="bbox 252 688 1261 729; baseline 0.003 -12"><span class='ocrx_word' id='word_1_53' title='bbox 252 688 288 718; x_wconf 89' lang='lat' dir='ltr'><strong>in</strong></span> <span class='ocrx_word' id='word_1_54' title='bbox 320 688 522 719; x_wconf 89' lang='lat' dir='ltr'><strong>monasterio</strong></span> <span class='ocrx_word' id='word_1_55' title='bbox 556 693 665 720; x_wconf 80' lang='lat' dir='ltr'><strong>vestro</strong></span> <span class='ocrx_word' id='word_1_56' title='bbox 698 690 940 728; x_wconf 73' lang='lat' dir='ltr'><strong>professionem</strong></span> <span class='ocrx_word' id='word_1_57' title='bbox 972 690 1023 720; x_wconf 88' lang='lat' dir='ltr'><strong>fas</strong></span> <span class='ocrx_word' id='word_1_58' title='bbox 1057 690 1100 720; x_wconf 88' lang='lat' dir='ltr'><strong>sit</strong></span> <span class='ocrx_word' id='word_1_59' title='bbox 1136 690 1261 729; x_wconf 81' lang='lat' dir='ltr'><strong>absque</strong></span> 
     </span>
     <span class='ocr_line' id='line_1_10' title="bbox 255 741 1258 774; baseline 0.001 -2"><span class='ocrx_word' id='word_1_60' title='bbox 255 741 385 772; x_wconf 85' lang='lat' dir='ltr'><strong>abbatis</strong></span> <span class='ocrx_word' id='word_1_61' title='bbox 401 742 452 771; x_wconf 87' lang='lat' dir='ltr'><strong>sui</strong></span> <span class='ocrx_word' id='word_1_62' title='bbox 470 742 605 772; x_wconf 86' lang='lat' dir='ltr'><strong>licentia</strong></span> <span class='ocrx_word' id='word_1_63' title='bbox 627 742 665 772; x_wconf 89' lang='lat' dir='ltr'><strong>dc</strong></span> <span class='ocrx_word' id='word_1_64' title='bbox 684 742 898 773; x_wconf 87' lang='lat' dir='ltr'><strong>Cluniacensi</strong></span> <span class='ocrx_word' id='word_1_65' title='bbox 915 743 1059 774; x_wconf 86' lang='lat' dir='ltr'><strong>claustro</strong></span> <span class='ocrx_word' id='word_1_66' title='bbox 1077 743 1258 774; x_wconf 80' lang='lat' dir='ltr'><strong>discedere.</strong></span> 
     </span>
     <span class='ocr_line' id='line_1_11' title="bbox 254 794 1261 835; baseline 0.002 -10"><span class='ocrx_word' id='word_1_67' title='bbox 254 794 486 825; x_wconf 88' lang='lat' dir='ltr'><strong>Discedentem</strong></span> <span class='ocrx_word' id='word_1_68' title='bbox 505 804 580 825; x_wconf 82' lang='lat' dir='ltr'><strong>vero</strong></span> <span class='ocrx_word' id='word_1_69' title='bbox 597 795 721 835; x_wconf 86' lang='lat' dir='ltr'><strong>absque</strong></span> <span class='ocrx_word' id='word_1_70' title='bbox 738 796 964 826; x_wconf 88' lang='lat' dir='ltr'><strong>communium</strong></span> <span class='ocrx_word' id='word_1_71' title='bbox 983 796 1170 827; x_wconf 76' lang='lat' dir='ltr'><strong>litterarum</strong></span> <span class='ocrx_word' id='word_1_72' title='bbox 1187 806 1261 828; x_wconf 89' lang='lat' dir='ltr'><strong>ves-</strong></span> 
     </span>
     <span class='ocr_line' id='line_1_12' title="bbox 255 847 1260 889; baseline 0.004 -13"><span class='ocrx_word' id='word_1_73' title='bbox 255 851 380 877; x_wconf 84' lang='lat' dir='ltr'><strong>trarum</strong></span> <span class='ocrx_word' id='word_1_74' title='bbox 397 847 548 886; x_wconf 82' lang='lat' dir='ltr'><strong>captione</strong></span> <span class='ocrx_word' id='word_1_75' title='bbox 566 848 678 878; x_wconf 89' lang='lat' dir='ltr'><strong>nullus</strong></span> <span class='ocrx_word' id='word_1_76' title='bbox 695 849 814 878; x_wconf 85' lang='lat' dir='ltr'><strong>audeat</strong></span> <span class='ocrx_word' id='word_1_77' title='bbox 835 849 996 885; x_wconf 83' lang='lat' dir='ltr'><strong>retinere;</strong></span> <span class='ocrx_word' id='word_1_78' title='bbox 1017 849 1120 888; x_wconf 80' lang='lat' dir='ltr'><strong>quod,</strong></span> <span class='ocrx_word' id='word_1_79' title='bbox 1140 850 1168 880; x_wconf 89' lang='lat' dir='ltr'><strong>si</strong></span> <span class='ocrx_word' id='word_1_80' title='bbox 1184 851 1260 889; x_wconf 85' lang='lat' dir='ltr'><strong>quis</strong></span> 
     </span>
     <span class='ocr_line' id='line_1_13' title="bbox 251 901 1260 942; baseline 0.003 -12"><span class='ocrx_word' id='word_1_81' title='bbox 251 901 336 930; x_wconf 85' lang='lat' dir='ltr'><strong>forte</strong></span> <span class='ocrx_word' id='word_1_82' title='bbox 360 901 503 930; x_wconf 85' lang='lat' dir='ltr'><strong>retinere</strong></span> <span class='ocrx_word' id='word_1_83' title='bbox 527 901 783 940; x_wconf 57' lang='lat' dir='ltr'><strong>presun‘ipserit,</strong></span> <span class='ocrx_word' id='word_1_84' title='bbox 806 902 934 932; x_wconf 85' lang='lat' dir='ltr'><strong>licitum</strong></span> <span class='ocrx_word' id='word_1_85' title='bbox 951 902 993 932; x_wconf 89' lang='lat' dir='ltr'><strong>sit</strong></span> <span class='ocrx_word' id='word_1_86' title='bbox 1010 903 1102 932; x_wconf 87' lang='lat' dir='ltr'><strong>vobis</strong></span> <span class='ocrx_word' id='word_1_87' title='bbox 1119 903 1153 932; x_wconf 93' lang='lat' dir='ltr'><strong>in</strong></span> <span class='ocrx_word' id='word_1_88' title='bbox 1170 903 1260 942; x_wconf 86' lang='lat' dir='ltr'><strong>ipsos</strong></span> 
     </span>
     <span class='ocr_line' id='line_1_14' title="bbox 252 953 1261 995; baseline 0.003 -12"><span class='ocrx_word' id='word_1_89' title='bbox 252 953 433 983; x_wconf 83' lang='lat' dir='ltr'><strong>monachos</strong></span> <span class='ocrx_word' id='word_1_90' title='bbox 461 954 511 983; x_wconf 80' lang='lat' dir='ltr'><strong>vel</strong></span> <span class='ocrx_word' id='word_1_91' title='bbox 537 964 713 985; x_wconf 84' lang='lat' dir='ltr'><strong>conversos</strong></span> <span class='ocrx_word' id='word_1_92' title='bbox 741 955 926 993; x_wconf 75' lang='lat' dir='ltr'><strong>regularem</strong></span> <span class='ocrx_word' id='word_1_93' title='bbox 955 956 1156 986; x_wconf 77' lang='lat' dir='ltr'><strong>sententiam</strong></span> <span class='ocrx_word' id='word_1_94' title='bbox 1186 966 1261 995; x_wconf 89' lang='lat' dir='ltr'><strong>pro-</strong></span> 
     </span>
     <span class='ocr_line' id='line_1_15' title="bbox 254 1007 1260 1048; baseline 0.003 -12"><span class='ocrx_word' id='word_1_95' title='bbox 254 1007 413 1045; x_wconf 65' lang='lat' dir='ltr'><strong>mulgare.</strong></span> <span class='ocrx_word' id='word_1_96' title='bbox 437 1007 488 1036; x_wconf 80' lang='lat' dir='ltr'><strong>Ad</strong></span> <span class='ocrx_word' id='word_1_97' title='bbox 504 1007 564 1037; x_wconf 86' lang='lat' dir='ltr'><strong>hcc</strong></span> <span class='ocrx_word' id='word_1_98' title='bbox 585 1008 683 1037; x_wconf 84' lang='lat' dir='ltr'><strong>etiam</strong></span> <span class='ocrx_word' id='word_1_99' title='bbox 701 1008 927 1046; x_wconf 82' lang='lat' dir='ltr'><strong>prohibemus,</strong></span> <span class='ocrx_word' id='word_1_100' title='bbox 949 1018 989 1039; x_wconf 92' lang='lat' dir='ltr'><strong>ne</strong></span> <span class='ocrx_word' id='word_1_101' title='bbox 1007 1009 1129 1048; x_wconf 80' lang='lat' dir='ltr'><strong>aliquis</strong></span> <span class='ocrx_word' id='word_1_102' title='bbox 1146 1018 1260 1039; x_wconf 90' lang='lat' dir='ltr'><strong>mona-</strong></span> 
     </span>
     <span class='ocr_line' id='line_1_16' title="bbox 253 1059 1261 1099; baseline 0.003 -10"><span class='ocrx_word' id='word_1_103' title='bbox 253 1059 336 1090; x_wconf 84' lang='lat' dir='ltr'><strong>chus</strong></span> <span class='ocrx_word' id='word_1_104' title='bbox 366 1060 435 1090; x_wconf 85' lang='lat' dir='ltr'><strong>sive</strong></span> <span class='ocrx_word' id='word_1_105' title='bbox 466 1068 645 1090; x_wconf 78' lang='lat' dir='ltr'><strong>conversus</strong></span> <span class='ocrx_word' id='word_1_106' title='bbox 677 1061 738 1090; x_wconf 89' lang='lat' dir='ltr'><strong>sub</strong></span> <span class='ocrx_word' id='word_1_107' title='bbox 772 1062 977 1099; x_wconf 71' lang='lat' dir='ltr'><strong>professione</strong></span> <span class='ocrx_word' id='word_1_108' title='bbox 1008 1067 1115 1093; x_wconf 81' lang='lat' dir='ltr'><strong>vestre</strong></span> <span class='ocrx_word' id='word_1_109' title='bbox 1145 1062 1261 1092; x_wconf 88' lang='lat' dir='ltr'><strong>domus</strong></span> 
     </span>
     <span class='ocr_line' id='line_1_17' title="bbox 253 1113 1261 1154; baseline 0.002 -11"><span class='ocrx_word' id='word_1_110' title='bbox 253 1113 410 1143; x_wconf 72' lang='lat' dir='ltr'><strong>astrictus</strong></span> <span class='ocrx_word' id='word_1_111' title='bbox 431 1113 503 1142; x_wconf 80' lang='lat' dir='ltr'><strong>sine</strong></span> <span class='ocrx_word' id='word_1_112' title='bbox 528 1122 692 1143; x_wconf 76' lang='lat' dir='ltr'><strong>consensu</strong></span> <span class='ocrx_word' id='word_1_113' title='bbox 717 1118 746 1143; x_wconf 86' lang='lat' dir='ltr'><strong>et</strong></span> <span class='ocrx_word' id='word_1_114' title='bbox 763 1114 899 1144; x_wconf 84' lang='lat' dir='ltr'><strong>licentia</strong></span> <span class='ocrx_word' id='word_1_115' title='bbox 922 1114 1051 1144; x_wconf 84' lang='lat' dir='ltr'><strong>abbatis</strong></span> <span class='ocrx_word' id='word_1_116' title='bbox 1072 1119 1103 1144; x_wconf 92' lang='lat' dir='ltr'><strong>et</strong></span> <span class='ocrx_word' id='word_1_117' title='bbox 1125 1116 1261 1154; x_wconf 87' lang='lat' dir='ltr'><strong>majoris</strong></span> 
     </span>
     <span class='ocr_line' id='line_1_18' title="bbox 251 1165 1261 1206; baseline 0.004 -12"><span class='ocrx_word' id='word_1_118' title='bbox 251 1165 356 1203; x_wconf 81' lang='lat' dir='ltr'><strong>partis</strong></span> <span class='ocrx_word' id='word_1_119' title='bbox 377 1165 513 1203; x_wconf 85' lang='lat' dir='ltr'><strong>capituli</strong></span> <span class='ocrx_word' id='word_1_120' title='bbox 538 1166 637 1195; x_wconf 87' lang='lat' dir='ltr'><strong>vestri</strong></span> <span class='ocrx_word' id='word_1_121' title='bbox 663 1175 720 1204; x_wconf 90' lang='lat' dir='ltr'><strong>pro</strong></span> <span class='ocrx_word' id='word_1_122' title='bbox 746 1166 857 1205; x_wconf 79' lang='lat' dir='ltr'><strong>aliquo</strong></span> <span class='ocrx_word' id='word_1_123' title='bbox 876 1167 1054 1206; x_wconf 79' lang='lat' dir='ltr'><strong>fidejubeat</strong></span> <span class='ocrx_word' id='word_1_124' title='bbox 1071 1167 1119 1197; x_wconf 74' lang='lat' dir='ltr'><strong>vel</strong></span> <span class='ocrx_word' id='word_1_125' title='bbox 1142 1169 1182 1197; x_wconf 89' lang='lat' dir='ltr'><strong>ab</strong></span> <span class='ocrx_word' id='word_1_126' title='bbox 1199 1168 1261 1198; x_wconf 90' lang='lat' dir='ltr'><strong>ali-</strong></span> 
     </span>
     <span class='ocr_line' id='line_1_19' title="bbox 252 1218 1260 1258; baseline 0.003 -12"><span class='ocrx_word' id='word_1_127' title='bbox 252 1226 317 1256; x_wconf 80' lang='lat' dir='ltr'><strong>quo</strong></span> <span class='ocrx_word' id='word_1_128' title='bbox 341 1218 515 1256; x_wconf 82' lang='lat' dir='ltr'><strong>pecuniam</strong></span> <span class='ocrx_word' id='word_1_129' title='bbox 540 1222 653 1248; x_wconf 86' lang='lat' dir='ltr'><strong>mutuo</strong></span> <span class='ocrx_word' id='word_1_130' title='bbox 679 1219 819 1257; x_wconf 86' lang='lat' dir='ltr'><strong>accipiat</strong></span> <span class='ocrx_word' id='word_1_131' title='bbox 844 1219 930 1248; x_wconf 89' lang='lat' dir='ltr'><strong>ultra</strong></span> <span class='ocrx_word' id='word_1_132' title='bbox 953 1220 1099 1257; x_wconf 85' lang='lat' dir='ltr'><strong>precium</strong></span> <span class='ocrx_word' id='word_1_133' title='bbox 1125 1220 1260 1258; x_wconf 82' lang='lat' dir='ltr'><strong>capituli</strong></span> 
     </span>
     <span class='ocr_line' id='line_1_20' title="bbox 251 1271 1261 1311; baseline 0.003 -11"><span class='ocrx_word' id='word_1_134' title='bbox 251 1271 353 1301; x_wconf 86' lang='lat' dir='ltr'><strong>vestri</strong></span> <span class='ocrx_word' id='word_1_135' title='bbox 375 1271 581 1309; x_wconf 75' lang='lat' dir='ltr'><strong>providentia</strong></span> <span class='ocrx_word' id='word_1_136' title='bbox 602 1272 840 1307; x_wconf 77' lang='lat' dir='ltr'><strong>constitutum,</strong></span> <span class='ocrx_word' id='word_1_137' title='bbox 865 1273 930 1302; x_wconf 86' lang='lat' dir='ltr'><strong>nisi</strong></span> <span class='ocrx_word' id='word_1_138' title='bbox 952 1277 1083 1311; x_wconf 84' lang='lat' dir='ltr'><strong>propter</strong></span> <span class='ocrx_word' id='word_1_139' title='bbox 1102 1274 1261 1304; x_wconf 85' lang='lat' dir='ltr'><strong>manifes-</strong></span> 
     </span>
     <span class='ocr_line' id='line_1_21' title="bbox 252 1324 1261 1365; baseline 0.002 -12"><span class='ocrx_word' id='word_1_140' title='bbox 252 1328 317 1354; x_wconf 89' lang='lat' dir='ltr'><strong>tam</strong></span> <span class='ocrx_word' id='word_1_141' title='bbox 336 1324 452 1354; x_wconf 81' lang='lat' dir='ltr'><strong>domus</strong></span> <span class='ocrx_word' id='word_1_142' title='bbox 473 1329 578 1354; x_wconf 75' lang='lat' dir='ltr'><strong>vestre</strong></span> <span class='ocrx_word' id='word_1_143' title='bbox 597 1324 792 1360; x_wconf 84' lang='lat' dir='ltr'><strong>utilitatem;</strong></span> <span class='ocrx_word' id='word_1_144' title='bbox 814 1325 901 1364; x_wconf 85' lang='lat' dir='ltr'><strong>quod</strong></span> <span class='ocrx_word' id='word_1_145' title='bbox 917 1325 945 1354; x_wconf 85' lang='lat' dir='ltr'><strong>si</strong></span> <span class='ocrx_word' id='word_1_146' title='bbox 964 1326 1071 1355; x_wconf 81' lang='lat' dir='ltr'><strong>facere</strong></span> <span class='ocrx_word' id='word_1_147' title='bbox 1088 1336 1261 1365; x_wconf 84' lang='lat' dir='ltr'><strong>presump-</strong></span> 
     </span>
     <span class='ocr_line' id='line_1_22' title="bbox 251 1377 1260 1418; baseline 0.003 -11"><span class='ocrx_word' id='word_1_148' title='bbox 251 1377 347 1412; x_wconf 81' lang='lat' dir='ltr'><strong>serit,</strong></span> <span class='ocrx_word' id='word_1_149' title='bbox 381 1387 445 1407; x_wconf 89' lang='lat' dir='ltr'><strong>non</strong></span> <span class='ocrx_word' id='word_1_150' title='bbox 477 1382 628 1407; x_wconf 76' lang='lat' dir='ltr'><strong>tencatur</strong></span> <span class='ocrx_word' id='word_1_151' title='bbox 658 1383 840 1408; x_wconf 80' lang='lat' dir='ltr'><strong>conventus</strong></span> <span class='ocrx_word' id='word_1_152' title='bbox 870 1388 927 1417; x_wconf 90' lang='lat' dir='ltr'><strong>pro</strong></span> <span class='ocrx_word' id='word_1_153' title='bbox 954 1378 1021 1409; x_wconf 88' lang='lat' dir='ltr'><strong>hiis</strong></span> <span class='ocrx_word' id='word_1_154' title='bbox 1049 1379 1260 1418; x_wconf 78' lang='lat' dir='ltr'><strong>aliquatenus</strong></span> 
     </span>
     <span class='ocr_line' id='line_1_23' title="bbox 251 1431 1260 1472; baseline 0.004 -13"><span class='ocrx_word' id='word_1_155' title='bbox 251 1431 462 1468; x_wconf 85' lang='lat' dir='ltr'><strong>respondere.</strong></span> <span class='ocrx_word' id='word_1_156' title='bbox 487 1431 629 1461; x_wconf 77' lang='lat' dir='ltr'><strong>Licitum</strong></span> <span class='ocrx_word' id='word_1_157' title='bbox 649 1436 798 1469; x_wconf 86' lang='lat' dir='ltr'><strong>preterea</strong></span> <span class='ocrx_word' id='word_1_158' title='bbox 821 1432 913 1462; x_wconf 83' lang='lat' dir='ltr'><strong>vobis</strong></span> <span class='ocrx_word' id='word_1_159' title='bbox 931 1432 973 1461; x_wconf 84' lang='lat' dir='ltr'><strong>sit</strong></span> <span class='ocrx_word' id='word_1_160' title='bbox 994 1433 1028 1462; x_wconf 93' lang='lat' dir='ltr'><strong>in</strong></span> <span class='ocrx_word' id='word_1_161' title='bbox 1052 1433 1163 1463; x_wconf 80' lang='lat' dir='ltr'><strong>causis</strong></span> <span class='ocrx_word' id='word_1_162' title='bbox 1186 1442 1260 1472; x_wconf 89' lang='lat' dir='ltr'><strong>pro-</strong></span> 
     </span>
     <span class='ocr_line' id='line_1_24' title="bbox 251 1483 1260 1525; baseline 0.003 -13"><span class='ocrx_word' id='word_1_163' title='bbox 251 1483 345 1521; x_wconf 85' lang='lat' dir='ltr'><strong>priis,</strong></span> <span class='ocrx_word' id='word_1_164' title='bbox 366 1483 434 1513; x_wconf 78' lang='lat' dir='ltr'><strong>sive</strong></span> <span class='ocrx_word' id='word_1_165' title='bbox 454 1483 601 1518; x_wconf 83' lang='lat' dir='ltr'><strong>civilem,</strong></span> <span class='ocrx_word' id='word_1_166' title='bbox 628 1484 697 1513; x_wconf 79' lang='lat' dir='ltr'><strong>sive</strong></span> <span class='ocrx_word' id='word_1_167' title='bbox 723 1484 929 1514; x_wconf 85' lang='lat' dir='ltr'><strong>criminalem</strong></span> <span class='ocrx_word' id='word_1_168' title='bbox 953 1486 1144 1515; x_wconf 74' lang='lat' dir='ltr'><strong>contineant</strong></span> <span class='ocrx_word' id='word_1_169' title='bbox 1161 1495 1260 1525; x_wconf 84' lang='lat' dir='ltr'><strong>ques-</strong></span> 
     </span>
     <span class='ocr_line' id='line_1_25' title="bbox 252 1536 1259 1577; baseline 0.004 -13"><span class='ocrx_word' id='word_1_170' title='bbox 252 1536 391 1570; x_wconf 79' lang='lat' dir='ltr'><strong>tionem,</strong></span> <span class='ocrx_word' id='word_1_171' title='bbox 421 1537 560 1565; x_wconf 79' lang='lat' dir='ltr'><strong>fratrum</strong></span> <span class='ocrx_word' id='word_1_172' title='bbox 590 1540 774 1566; x_wconf 78' lang='lat' dir='ltr'><strong>vestrorum</strong></span> <span class='ocrx_word' id='word_1_173' title='bbox 807 1537 1008 1567; x_wconf 74' lang='lat' dir='ltr'><strong>testimoniis</strong></span> <span class='ocrx_word' id='word_1_174' title='bbox 1038 1538 1103 1572; x_wconf 77' lang='lat' dir='ltr'><strong>uti,</strong></span> <span class='ocrx_word' id='word_1_175' title='bbox 1136 1547 1175 1567; x_wconf 88' lang='lat' dir='ltr'><strong>ne</strong></span> <span class='ocrx_word' id='word_1_176' title='bbox 1203 1548 1259 1577; x_wconf 90' lang='lat' dir='ltr'><strong>pro</strong></span> 
     </span>
     <span class='ocr_line' id='line_1_26' title="bbox 251 1588 1258 1629; baseline 0.002 -11"><span class='ocrx_word' id='word_1_177' title='bbox 251 1588 381 1618; x_wconf 78' lang='lat' dir='ltr'><strong>defectu</strong></span> <span class='ocrx_word' id='word_1_178' title='bbox 400 1589 533 1618; x_wconf 83' lang='lat' dir='ltr'><strong>testium</strong></span> <span class='ocrx_word' id='word_1_179' title='bbox 553 1589 608 1628; x_wconf 88' lang='lat' dir='ltr'><strong>jus</strong></span> <span class='ocrx_word' id='word_1_180' title='bbox 630 1594 774 1619; x_wconf 80' lang='lat' dir='ltr'><strong>vestrum</strong></span> <span class='ocrx_word' id='word_1_181' title='bbox 795 1590 828 1619; x_wconf 90' lang='lat' dir='ltr'><strong>in</strong></span> <span class='ocrx_word' id='word_1_182' title='bbox 846 1590 958 1628; x_wconf 81' lang='lat' dir='ltr'><strong>aliqua</strong></span> <span class='ocrx_word' id='word_1_183' title='bbox 974 1591 1080 1620; x_wconf 75' lang='lat' dir='ltr'><strong>valeat</strong></span> <span class='ocrx_word' id='word_1_184' title='bbox 1097 1591 1258 1629; x_wconf 82' lang='lat' dir='ltr'><strong>deperire.</strong></span> 
     </span>
     <span class='ocr_line' id='line_1_27' title="bbox 250 1642 1259 1680; baseline 0.003 -9"><span class='ocrx_word' id='word_1_185' title='bbox 250 1642 392 1679; x_wconf 76' lang='lat' dir='ltr'><strong>Insuper</strong></span> <span class='ocrx_word' id='word_1_186' title='bbox 422 1642 616 1671; x_wconf 71' lang='lat' dir='ltr'><strong>auctoritate</strong></span> <span class='ocrx_word' id='word_1_187' title='bbox 647 1642 825 1680; x_wconf 85' lang='lat' dir='ltr'><strong>apostolica</strong></span> <span class='ocrx_word' id='word_1_188' title='bbox 856 1642 1066 1679; x_wconf 80' lang='lat' dir='ltr'><strong>inhibemus,</strong></span> <span class='ocrx_word' id='word_1_189' title='bbox 1101 1653 1140 1673; x_wconf 88' lang='lat' dir='ltr'><strong>ne</strong></span> <span class='ocrx_word' id='word_1_190' title='bbox 1171 1644 1259 1674; x_wconf 85' lang='lat' dir='ltr'><strong>ullus</strong></span> 
     </span>
     <span class='ocr_line' id='line_1_28' title="bbox 250 1693 1259 1735; baseline 0.004 -12"><span class='ocrx_word' id='word_1_191' title='bbox 250 1694 423 1732; x_wconf 88' lang='lat' dir='ltr'><strong>episcopus</strong></span> <span class='ocrx_word' id='word_1_192' title='bbox 441 1693 491 1723; x_wconf 88' lang='lat' dir='ltr'><strong>vcl</strong></span> <span class='ocrx_word' id='word_1_193' title='bbox 512 1694 577 1724; x_wconf 90' lang='lat' dir='ltr'><strong>alia</strong></span> <span class='ocrx_word' id='word_1_194' title='bbox 598 1704 805 1733; x_wconf 74' lang='lat' dir='ltr'><strong>quecumque</strong></span> <span class='ocrx_word' id='word_1_195' title='bbox 829 1704 968 1733; x_wconf 88' lang='lat' dir='ltr'><strong>persona</strong></span> <span class='ocrx_word' id='word_1_196' title='bbox 985 1696 1025 1725; x_wconf 80' lang='lat' dir='ltr'><strong>ad</strong></span> <span class='ocrx_word' id='word_1_197' title='bbox 1047 1697 1191 1735; x_wconf 66' lang='lat' dir='ltr'><strong>synodos</strong></span> <span class='ocrx_word' id='word_1_198' title='bbox 1209 1697 1259 1727; x_wconf 79' lang='lat' dir='ltr'><strong>vel</strong></span> 
     </span>
     <span class='ocr_line' id='line_1_29' title="bbox 249 1747 1258 1786; baseline 0.002 -9"><span class='ocrx_word' id='word_1_199' title='bbox 249 1756 448 1784; x_wconf 65' lang='lat' dir='ltr'><strong>congressus</strong></span> <span class='ocrx_word' id='word_1_200' title='bbox 475 1757 530 1776; x_wconf 74' lang='lat' dir='ltr'><strong>vos</strong></span> <span class='ocrx_word' id='word_1_201' title='bbox 556 1747 605 1777; x_wconf 89' lang='lat' dir='ltr'><strong>ire</strong></span> <span class='ocrx_word' id='word_1_202' title='bbox 632 1748 817 1786; x_wconf 80' lang='lat' dir='ltr'><strong>compellat,</strong></span> <span class='ocrx_word' id='word_1_203' title='bbox 843 1758 902 1778; x_wconf 89' lang='lat' dir='ltr'><strong>nec</strong></span> <span class='ocrx_word' id='word_1_204' title='bbox 929 1749 968 1778; x_wconf 84' lang='lat' dir='ltr'><strong>ad</strong></span> <span class='ocrx_word' id='word_1_205' title='bbox 994 1749 1106 1779; x_wconf 90' lang='lat' dir='ltr'><strong>domos</strong></span> <span class='ocrx_word' id='word_1_206' title='bbox 1132 1754 1258 1780; x_wconf 77' lang='lat' dir='ltr'><strong>vestras</strong></span> 
     </span>
     <span class='ocr_line' id='line_1_30' title="bbox 248 1800 1258 1839; baseline 0.002 -9"><span class='ocrx_word' id='word_1_207' title='bbox 248 1810 347 1830; x_wconf 82' lang='lat' dir='ltr'><strong>cansa</strong></span> <span class='ocrx_word' id='word_1_208' title='bbox 366 1800 498 1829; x_wconf 73' lang='lat' dir='ltr'><strong>ordines</strong></span> <span class='ocrx_word' id='word_1_209' title='bbox 513 1800 712 1830; x_wconf 81' lang='lat' dir='ltr'><strong>celebrandi.</strong></span> <span class='ocrx_word' id='word_1_210' title='bbox 729 1810 846 1831; x_wconf 85' lang='lat' dir='ltr'><strong>causas</strong></span> <span class='ocrx_word' id='word_1_211' title='bbox 863 1803 1022 1831; x_wconf 79' lang='lat' dir='ltr'><strong>tractandi</strong></span> <span class='ocrx_word' id='word_1_212' title='bbox 1040 1802 1089 1831; x_wconf 68' lang='lat' dir='ltr'><strong>vel</strong></span> <span class='ocrx_word' id='word_1_213' title='bbox 1107 1812 1258 1839; x_wconf 65' lang='lat' dir='ltr'><strong>congres-</strong></span> 
     </span>
     <span class='ocr_line' id='line_1_31' title="bbox 249 1853 1258 1891; baseline 0.002 -9"><span class='ocrx_word' id='word_1_214' title='bbox 249 1862 306 1882; x_wconf 82' lang='lat' dir='ltr'><strong>sus</strong></span> <span class='ocrx_word' id='word_1_215' title='bbox 321 1853 449 1891; x_wconf 81' lang='lat' dir='ltr'><strong>aliquos</strong></span> <span class='ocrx_word' id='word_1_216' title='bbox 465 1853 612 1890; x_wconf 78' lang='lat' dir='ltr'><strong>publicos</strong></span> <span class='ocrx_word' id='word_1_217' title='bbox 628 1854 841 1889; x_wconf 76' lang='lat' dir='ltr'><strong>convocandi,</strong></span> <span class='ocrx_word' id='word_1_218' title='bbox 858 1854 906 1883; x_wconf 76' lang='lat' dir='ltr'><strong>vel</strong></span> <span class='ocrx_word' id='word_1_219' title='bbox 925 1855 1045 1883; x_wconf 78' lang='lat' dir='ltr'><strong>missas</strong></span> <span class='ocrx_word' id='word_1_220' title='bbox 1058 1856 1155 1884; x_wconf 82' lang='lat' dir='ltr'><strong>etiam</strong></span> <span class='ocrx_word' id='word_1_221' title='bbox 1173 1856 1258 1885; x_wconf 81' lang='lat' dir='ltr'><strong>cele-</strong></span> 
     </span>
     <span class='ocr_line' id='line_1_32' title="bbox 249 1906 1140 1943; baseline 0.003 -9"><span class='ocrx_word' id='word_1_222' title='bbox 249 1906 378 1940; x_wconf 85' lang='lat' dir='ltr'><strong>brandi,</strong></span> <span class='ocrx_word' id='word_1_223' title='bbox 400 1906 464 1934; x_wconf 84' lang='lat' dir='ltr'><strong>nisi</strong></span> <span class='ocrx_word' id='word_1_224' title='bbox 489 1906 529 1935; x_wconf 73' lang='lat' dir='ltr'><strong>al»</strong></span> <span class='ocrx_word' id='word_1_225' title='bbox 546 1906 662 1935; x_wconf 81' lang='lat' dir='ltr'><strong>abbate</strong></span> <span class='ocrx_word' id='word_1_226' title='bbox 682 1907 779 1935; x_wconf 83' lang='lat' dir='ltr'><strong>suerit</strong></span> <span class='ocrx_word' id='word_1_227' title='bbox 801 1907 970 1943; x_wconf 74' lang='lat' dir='ltr'><strong>invitatus,</strong></span> <span class='ocrx_word' id='word_1_228' title='bbox 997 1908 1140 1937; x_wconf 82' lang='lat' dir='ltr'><strong>accedat.</strong></span> 
     </span>
    </p>

    <p class='ocr_par' dir='ltr' id='par_1_3' title="bbox 246 1959 1258 2527">
     <span class='ocr_line' id='line_1_33' title="bbox 289 1959 1254 1997; baseline 0.004 -10"><span class='ocrx_word' id='word_1_229' title='bbox 289 1959 452 1988; x_wconf 70' lang='lat' dir='ltr'><strong>Statuitus</strong></span> <span class='ocrx_word' id='word_1_230' title='bbox 478 1961 539 1997; x_wconf 64' lang='lat' dir='ltr'><strong>(xic)</strong></span> <span class='ocrx_word' id='word_1_231' title='bbox 562 1960 661 1988; x_wconf 84' lang='lat' dir='ltr'><strong>ctiam</strong></span> <span class='ocrx_word' id='word_1_232' title='bbox 692 1964 726 1989; x_wconf 90' lang='lat' dir='ltr'><strong>ut</strong></span> <span class='ocrx_word' id='word_1_233' title='bbox 753 1960 891 1989; x_wconf 85' lang='lat' dir='ltr'><strong>ecclesie</strong></span> <span class='ocrx_word' id='word_1_234' title='bbox 914 1970 1045 1995; x_wconf 82' lang='lat' dir='ltr'><strong>omnes,</strong></span> <span class='ocrx_word' id='word_1_235' title='bbox 1075 1961 1254 1997; x_wconf 83' lang='lat' dir='ltr'><strong>cimiteria,</strong></span> 
     </span>
     <span class='ocr_line' id='line_1_34' title="bbox 249 2011 1258 2046; baseline 0.004 -6"><span class='ocrx_word' id='word_1_236' title='bbox 249 2012 401 2041; x_wconf 82' lang='lat' dir='ltr'><strong>monachi</strong></span> <span class='ocrx_word' id='word_1_237' title='bbox 417 2035 422 2046; x_wconf 84' lang='lat'><strong>,</strong></span> <span class='ocrx_word' id='word_1_238' title='bbox 442 2011 552 2041; x_wconf 87' lang='lat' dir='ltr'><strong>clerici</strong></span> <span class='ocrx_word' id='word_1_239' title='bbox 571 2017 601 2041; x_wconf 83' lang='lat' dir='ltr'><strong>et</strong></span> <span class='ocrx_word' id='word_1_240' title='bbox 618 2012 694 2042; x_wconf 78' lang='lat' dir='ltr'><strong>laici</strong></span> <span class='ocrx_word' id='word_1_241' title='bbox 714 2013 863 2042; x_wconf 80' lang='lat' dir='ltr'><strong>universi</strong></span> <span class='ocrx_word' id='word_1_242' title='bbox 880 2013 969 2043; x_wconf 86' lang='lat' dir='ltr'><strong>infra</strong></span> <span class='ocrx_word' id='word_1_243' title='bbox 987 2014 1144 2043; x_wconf 80' lang='lat' dir='ltr'><strong>terminos</strong></span> <span class='ocrx_word' id='word_1_244' title='bbox 1162 2014 1258 2044; x_wconf 86' lang='lat' dir='ltr'><strong>habi-</strong></span> 
     </span>
     <span class='ocr_line' id='line_1_35' title="bbox 250 2065 1257 2103; baseline 0.004 -10"><span class='ocrx_word' id='word_1_245' title='bbox 250 2069 356 2094; x_wconf 86' lang='lat' dir='ltr'><strong>tantes</strong></span> <span class='ocrx_word' id='word_1_246' title='bbox 373 2065 428 2103; x_wconf 78' lang='lat' dir='ltr'><strong>qui</strong></span> <span class='ocrx_word' id='word_1_247' title='bbox 447 2070 523 2094; x_wconf 90' lang='lat' dir='ltr'><strong>sunt</strong></span> <span class='ocrx_word' id='word_1_248' title='bbox 545 2076 561 2094; x_wconf 92' lang='lat' dir='ltr'><strong>a</strong></span> <span class='ocrx_word' id='word_1_249' title='bbox 584 2066 655 2095; x_wconf 81' lang='lat' dir='ltr'><strong>rivo</strong></span> <span class='ocrx_word' id='word_1_250' title='bbox 671 2066 709 2095; x_wconf 89' lang='lat' dir='ltr'><strong>de</strong></span> <span class='ocrx_word' id='word_1_251' title='bbox 729 2066 842 2096; x_wconf 81' lang='lat' dir='ltr'><strong>Salnai</strong></span> <span class='ocrx_word' id='word_1_252' title='bbox 860 2071 890 2096; x_wconf 81' lang='lat' dir='ltr'><strong>et</strong></span> <span class='ocrx_word' id='word_1_253' title='bbox 911 2067 950 2096; x_wconf 86' lang='lat' dir='ltr'><strong>ab</strong></span> <span class='ocrx_word' id='word_1_254' title='bbox 972 2067 1111 2097; x_wconf 78' lang='lat' dir='ltr'><strong>ecclesia</strong></span> <span class='ocrx_word' id='word_1_255' title='bbox 1128 2068 1257 2098; x_wconf 65' lang='lat' dir='ltr'><strong>ltufiaci</strong></span> 
     </span>
     <span class='ocr_line' id='line_1_36' title="bbox 248 2118 1256 2158; baseline 0.003 -11"><span class='ocrx_word' id='word_1_256' title='bbox 248 2122 279 2147; x_wconf 89' lang='lat' dir='ltr'><strong>ct</strong></span> <span class='ocrx_word' id='word_1_257' title='bbox 296 2118 400 2148; x_wconf 80' lang='lat' dir='ltr'><strong>Cruce</strong></span> <span class='ocrx_word' id='word_1_258' title='bbox 422 2118 459 2147; x_wconf 80' lang='lat' dir='ltr'><strong>de</strong></span> <span class='ocrx_word' id='word_1_259' title='bbox 477 2119 637 2154; x_wconf 82' lang='lat' dir='ltr'><strong>Lornant,</strong></span> <span class='ocrx_word' id='word_1_260' title='bbox 657 2129 673 2148; x_wconf 91' lang='lat' dir='ltr'><strong>a</strong></span> <span class='ocrx_word' id='word_1_261' title='bbox 697 2120 838 2149; x_wconf 88' lang='lat' dir='ltr'><strong>termino</strong></span> <span class='ocrx_word' id='word_1_262' title='bbox 860 2130 990 2158; x_wconf 79' lang='lat' dir='ltr'><strong>quoque</strong></span> <span class='ocrx_word' id='word_1_263' title='bbox 1014 2120 1197 2150; x_wconf 72' lang='lat' dir='ltr'><strong>molendini</strong></span> <span class='ocrx_word' id='word_1_264' title='bbox 1218 2121 1256 2151; x_wconf 83' lang='lat' dir='ltr'><strong>de</strong></span> 
     </span>
     <span class='ocr_line' id='line_1_37' title="bbox 247 2171 1256 2211; baseline 0.003 -10"><span class='ocrx_word' id='word_1_265' title='bbox 247 2171 438 2201; x_wconf 77' lang='lat' dir='ltr'><strong>Tornasach</strong></span> <span class='ocrx_word' id='word_1_266' title='bbox 452 2181 508 2209; x_wconf 81' lang='lat' dir='ltr'><strong>per</strong></span> <span class='ocrx_word' id='word_1_267' title='bbox 525 2172 712 2211; x_wconf 79' lang='lat' dir='ltr'><strong>villamque</strong></span> <span class='ocrx_word' id='word_1_268' title='bbox 726 2173 1015 2203; x_wconf 63' lang='lat' dir='ltr'><strong>diciturYarenna</strong></span> <span class='ocrx_word' id='word_1_269' title='bbox 1031 2183 1104 2203; x_wconf 81' lang='lat' dir='ltr'><strong>cum</strong></span> <span class='ocrx_word' id='word_1_270' title='bbox 1123 2184 1256 2204; x_wconf 79' lang='lat' dir='ltr'><strong>nemore</strong></span> 
     </span>
     <span class='ocr_line' id='line_1_38' title="bbox 248 2224 1254 2265; baseline 0.004 -13"><span class='ocrx_word' id='word_1_271' title='bbox 248 2224 418 2259; x_wconf 76' lang='lat' dir='ltr'><strong>Burscrio,</strong></span> <span class='ocrx_word' id='word_1_272' title='bbox 436 2234 452 2253; x_wconf 89' lang='lat' dir='ltr'><strong>a</strong></span> <span class='ocrx_word' id='word_1_273' title='bbox 467 2225 607 2254; x_wconf 86' lang='lat' dir='ltr'><strong>termino</strong></span> <span class='ocrx_word' id='word_1_274' title='bbox 620 2235 682 2263; x_wconf 80' lang='lat' dir='ltr'><strong>que</strong></span> <span class='ocrx_word' id='word_1_275' title='bbox 694 2225 816 2255; x_wconf 84' lang='lat' dir='ltr'><strong>dicitur</strong></span> <span class='ocrx_word' id='word_1_276' title='bbox 830 2226 943 2255; x_wconf 80' lang='lat' dir='ltr'><strong>Perois</strong></span> <span class='ocrx_word' id='word_1_277' title='bbox 956 2236 1060 2265; x_wconf 84' lang='lat' dir='ltr'><strong>usque</strong></span> <span class='ocrx_word' id='word_1_278' title='bbox 1079 2227 1117 2256; x_wconf 90' lang='lat' dir='ltr'><strong>ad</strong></span> <span class='ocrx_word' id='word_1_279' title='bbox 1135 2227 1254 2257; x_wconf 74' lang='lat' dir='ltr'><strong>Rivum</strong></span> 
     </span>
     <span class='ocr_line' id='line_1_39' title="bbox 248 2277 1256 2318; baseline 0.005 -13"><span class='ocrx_word' id='word_1_280' title='bbox 248 2277 286 2306; x_wconf 89' lang='lat' dir='ltr'><strong>de</strong></span> <span class='ocrx_word' id='word_1_281' title='bbox 305 2277 418 2306; x_wconf 73' lang='lat' dir='ltr'><strong>Salnai</strong></span> <span class='ocrx_word' id='word_1_282' title='bbox 437 2278 498 2306; x_wconf 84' lang='lat' dir='ltr'><strong>sub</strong></span> <span class='ocrx_word' id='word_1_283' title='bbox 522 2278 700 2315; x_wconf 81' lang='lat' dir='ltr'><strong>apostolice</strong></span> <span class='ocrx_word' id='word_1_284' title='bbox 721 2283 828 2308; x_wconf 82' lang='lat' dir='ltr'><strong>tamen</strong></span> <span class='ocrx_word' id='word_1_285' title='bbox 852 2279 946 2308; x_wconf 77' lang='lat' dir='ltr'><strong>Sedis</strong></span> <span class='ocrx_word' id='word_1_286' title='bbox 962 2279 1036 2318; x_wconf 85' lang='lat' dir='ltr'><strong>jure</strong></span> <span class='ocrx_word' id='word_1_287' title='bbox 1058 2290 1095 2310; x_wconf 91' lang='lat' dir='ltr'><strong>ac</strong></span> <span class='ocrx_word' id='word_1_288' title='bbox 1117 2280 1256 2310; x_wconf 87' lang='lat' dir='ltr'><strong>tuitione</strong></span> 
     </span>
     <span class='ocr_line' id='line_1_40' title="bbox 247 2331 1255 2371; baseline 0.004 -13"><span class='ocrx_word' id='word_1_289' title='bbox 247 2334 481 2368; x_wconf 81' lang='lat' dir='ltr'><strong>permaneant:</strong></span> <span class='ocrx_word' id='word_1_290' title='bbox 501 2340 606 2369; x_wconf 74' lang='lat' dir='ltr'><strong>neque</strong></span> <span class='ocrx_word' id='word_1_291' title='bbox 622 2331 727 2369; x_wconf 81' lang='lat' dir='ltr'><strong>ipsius</strong></span> <span class='ocrx_word' id='word_1_292' title='bbox 742 2331 975 2361; x_wconf 82' lang='lat' dir='ltr'><strong>Cluniacensis</strong></span> <span class='ocrx_word' id='word_1_293' title='bbox 991 2332 1054 2361; x_wconf 85' lang='lat' dir='ltr'><strong>loci</strong></span> <span class='ocrx_word' id='word_1_294' title='bbox 1069 2333 1255 2371; x_wconf 62' lang='lat' dir='ltr'><strong>presbyteri</strong></span> 
     </span>
     <span class='ocr_line' id='line_1_41' title="bbox 246 2383 1255 2424; baseline 0.003 -13"><span class='ocrx_word' id='word_1_295' title='bbox 246 2387 301 2412; x_wconf 86' lang='lat' dir='ltr'><strong>aut</strong></span> <span class='ocrx_word' id='word_1_296' title='bbox 319 2383 417 2411; x_wconf 82' lang='lat' dir='ltr'><strong>ctiam</strong></span> <span class='ocrx_word' id='word_1_297' title='bbox 439 2383 649 2420; x_wconf 77' lang='lat' dir='ltr'><strong>parrochiani</strong></span> <span class='ocrx_word' id='word_1_298' title='bbox 667 2384 705 2413; x_wconf 86' lang='lat' dir='ltr'><strong>ad</strong></span> <span class='ocrx_word' id='word_1_299' title='bbox 723 2384 898 2422; x_wconf 82' lang='lat' dir='ltr'><strong>cujuslibet</strong></span> <span class='ocrx_word' id='word_1_300' title='bbox 915 2385 980 2413; x_wconf 78' lang='lat' dir='ltr'><strong>nisi</strong></span> <span class='ocrx_word' id='word_1_301' title='bbox 998 2385 1157 2415; x_wconf 79' lang='lat' dir='ltr'><strong>Romanis</strong></span> <span class='ocrx_word' id='word_1_302' title='bbox 1174 2396 1255 2424; x_wconf 86' lang='lat' dir='ltr'><strong>pon-</strong></span> 
     </span>
     <span class='ocr_line' id='line_1_42' title="bbox 249 2435 1255 2475; baseline 0.005 -12"><span class='ocrx_word' id='word_1_303' title='bbox 249 2435 346 2464; x_wconf 75' lang='lat' dir='ltr'><strong>tilicis</strong></span> <span class='ocrx_word' id='word_1_304' title='bbox 369 2435 418 2464; x_wconf 73' lang='lat' dir='ltr'><strong>vel</strong></span> <span class='ocrx_word' id='word_1_305' title='bbox 436 2435 506 2474; x_wconf 74' lang='lat' dir='ltr'><strong>ejus</strong></span> <span class='ocrx_word' id='word_1_306' title='bbox 524 2435 620 2473; x_wconf 60' lang='lat' dir='ltr'><strong>legati</strong></span> <span class='ocrx_word' id='word_1_307' title='bbox 640 2440 669 2465; x_wconf 83' lang='lat' dir='ltr'><strong>ct</strong></span> <span class='ocrx_word' id='word_1_308' title='bbox 691 2436 923 2467; x_wconf 85' lang='lat' dir='ltr'><strong>Cluniacensis</strong></span> <span class='ocrx_word' id='word_1_309' title='bbox 946 2437 1075 2467; x_wconf 85' lang='lat' dir='ltr'><strong>abbatis</strong></span> <span class='ocrx_word' id='word_1_310' title='bbox 1096 2443 1255 2475; x_wconf 65' lang='lat' dir='ltr'><strong>cogantur</strong></span> 
     </span>
     <span class='ocr_line' id='line_1_43' title="bbox 246 2487 771 2527; baseline 0.004 -11"><span class='ocrx_word' id='word_1_311' title='bbox 246 2487 294 2518; x_wconf 86' lang='lat' dir='ltr'><strong>ire</strong></span> <span class='ocrx_word' id='word_1_312' title='bbox 314 2488 477 2527; x_wconf 55' lang='lat' dir='ltr'><strong>synodum</strong></span> <span class='ocrx_word' id='word_1_313' title='bbox 496 2489 546 2518; x_wconf 78' lang='lat' dir='ltr'><strong>vel</strong></span> <span class='ocrx_word' id='word_1_314' title='bbox 562 2493 771 2518; x_wconf 79' lang='lat' dir='ltr'><strong>conventum.</strong></span> 
     </span>
    </p>

    <p class='ocr_par' dir='ltr' id='par_1_4' title="bbox 243 2541 1253 2951">
     <span class='ocr_line' id='line_1_44' title="bbox 290 2541 1253 2579; baseline 0.004 -9"><span class='ocrx_word' id='word_1_315' title='bbox 290 2542 376 2570; x_wconf 76' lang='lat' dir='ltr'><strong>Sanc</strong></span> <span class='ocrx_word' id='word_1_316' title='bbox 398 2542 550 2579; x_wconf 66' lang='lat' dir='ltr'><strong>protptcr)</strong></span> <span class='ocrx_word' id='word_1_317' title='bbox 574 2541 702 2571; x_wconf 81' lang='lat' dir='ltr'><strong>abbatis</strong></span> <span class='ocrx_word' id='word_1_318' title='bbox 723 2543 958 2572; x_wconf 70' lang='lat' dir='ltr'><strong>moiun-horum</strong></span> <span class='ocrx_word' id='word_1_319' title='bbox 977 2553 1035 2573; x_wconf 86' lang='lat' dir='ltr'><strong>seu</strong></span> <span class='ocrx_word' id='word_1_320' title='bbox 1058 2544 1253 2574; x_wconf 76' lang='lat' dir='ltr'><strong>clericorum</strong></span> 
     </span>
     <span class='ocr_line' id='line_1_45' title="bbox 247 2593 1253 2636; baseline 0.005 -14"><span class='ocrx_word' id='word_1_321' title='bbox 247 2593 334 2622; x_wconf 77' lang='lat' dir='ltr'><strong>infra</strong></span> <span class='ocrx_word' id='word_1_322' title='bbox 354 2594 515 2631; x_wconf 75' lang='lat' dir='ltr'><strong>predictos</strong></span> <span class='ocrx_word' id='word_1_323' title='bbox 532 2594 689 2623; x_wconf 72' lang='lat' dir='ltr'><strong>terminos</strong></span> <span class='ocrx_word' id='word_1_324' title='bbox 710 2594 932 2623; x_wconf 87' lang='lat' dir='ltr'><strong>habitantium</strong></span> <span class='ocrx_word' id='word_1_325' title='bbox 951 2596 1178 2633; x_wconf 83' lang='lat' dir='ltr'><strong>ordinati0ne;</strong></span> <span class='ocrx_word' id='word_1_326' title='bbox 1195 2606 1253 2636; x_wconf 86' lang='lat' dir='ltr'><strong>pro</strong></span> 
     </span>
     <span class='ocr_line' id='line_1_46' title="bbox 249 2646 1253 2685; baseline 0.004 -9"><span class='ocrx_word' id='word_1_327' title='bbox 249 2646 415 2676; x_wconf 76' lang='lat' dir='ltr'><strong>crismatis</strong></span> <span class='ocrx_word' id='word_1_328' title='bbox 441 2647 666 2682; x_wconf 82' lang='lat' dir='ltr'><strong>confectione,</strong></span> <span class='ocrx_word' id='word_1_329' title='bbox 696 2657 752 2685; x_wconf 86' lang='lat' dir='ltr'><strong>pro</strong></span> <span class='ocrx_word' id='word_1_330' title='bbox 781 2648 865 2677; x_wconf 83' lang='lat' dir='ltr'><strong>sacri</strong></span> <span class='ocrx_word' id='word_1_331' title='bbox 892 2648 955 2678; x_wconf 87' lang='lat' dir='ltr'><strong>olei</strong></span> <span class='ocrx_word' id='word_1_332' title='bbox 978 2649 1193 2679; x_wconf 81' lang='lat' dir='ltr'><strong>ecclesiarum</strong></span> <span class='ocrx_word' id='word_1_333' title='bbox 1222 2656 1253 2681; x_wconf 86' lang='lat' dir='ltr'><strong>et</strong></span> 
     </span>
     <span class='ocr_line' id='line_1_47' title="bbox 244 2699 1250 2739; baseline 0.003 -11"><span class='ocrx_word' id='word_1_334' title='bbox 244 2699 400 2728; x_wconf 89' lang='lat' dir='ltr'><strong>altarium</strong></span> <span class='ocrx_word' id='word_1_335' title='bbox 423 2700 671 2729; x_wconf 77' lang='lat' dir='ltr'><strong>consecratione</strong></span> <span class='ocrx_word' id='word_1_336' title='bbox 693 2705 724 2729; x_wconf 80' lang='lat' dir='ltr'><strong>ct</strong></span> <span class='ocrx_word' id='word_1_337' title='bbox 748 2701 986 2733; x_wconf 82' lang='lat' dir='ltr'><strong>cimiteriorum</strong></span> <span class='ocrx_word' id='word_1_338' title='bbox 1009 2703 1250 2739; x_wconf 83' lang='lat' dir='ltr'><strong>benedictione,</strong></span> 
     </span>
     <span class='ocr_line' id='line_1_48' title="bbox 246 2752 1250 2792; baseline 0.004 -11"><span class='ocrx_word' id='word_1_339' title='bbox 246 2752 466 2782; x_wconf 82' lang='lat' dir='ltr'><strong>Cluniacense</strong></span> <span class='ocrx_word' id='word_1_340' title='bbox 492 2753 731 2782; x_wconf 80' lang='lat' dir='ltr'><strong>numasterium</strong></span> <span class='ocrx_word' id='word_1_341' title='bbox 759 2762 856 2792; x_wconf 77' lang='lat' dir='ltr'><strong>quem</strong></span> <span class='ocrx_word' id='word_1_342' title='bbox 884 2754 1037 2785; x_wconf 81' lang='lat' dir='ltr'><strong>maluerit</strong></span> <span class='ocrx_word' id='word_1_343' title='bbox 1068 2756 1250 2785; x_wconf 76' lang='lat' dir='ltr'><strong>antistitem</strong></span> 
     </span>
     <span class='ocr_line' id='line_1_49' title="bbox 245 2806 1251 2846; baseline 0.004 -11"><span class='ocrx_word' id='word_1_344' title='bbox 245 2810 418 2840; x_wconf 73' lang='lat' dir='ltr'><strong>convocet,</strong></span> <span class='ocrx_word' id='word_1_345' title='bbox 444 2806 583 2843; x_wconf 68' lang='lat' dir='ltr'><strong>gratiani</strong></span> <span class='ocrx_word' id='word_1_346' title='bbox 607 2810 637 2835; x_wconf 88' lang='lat' dir='ltr'><strong>et</strong></span> <span class='ocrx_word' id='word_1_347' title='bbox 664 2807 931 2837; x_wconf 73' lang='lat' dir='ltr'><strong>communionem</strong></span> <span class='ocrx_word' id='word_1_348' title='bbox 953 2808 1131 2846; x_wconf 88' lang='lat' dir='ltr'><strong>apostolice</strong></span> <span class='ocrx_word' id='word_1_349' title='bbox 1157 2810 1251 2840; x_wconf 82' lang='lat' dir='ltr'><strong>Sedis</strong></span> 
     </span>
     <span class='ocr_line' id='line_1_50' title="bbox 245 2858 1252 2897; baseline 0.005 -10"><span class='ocrx_word' id='word_1_350' title='bbox 245 2858 458 2897; x_wconf 61' lang='lat' dir='ltr'><strong>haltclttt‘3[111}.</strong></span> <span class='ocrx_word' id='word_1_351' title='bbox 478 2859 717 2890; x_wconf 83' lang='lat' dir='ltr'><strong>Cluniacenses</strong></span> <span class='ocrx_word' id='word_1_352' title='bbox 739 2868 815 2890; x_wconf 75' lang='lat' dir='ltr'><strong>vcro</strong></span> <span class='ocrx_word' id='word_1_353' title='bbox 836 2861 1015 2891; x_wconf 85' lang='lat' dir='ltr'><strong>monachos</strong></span> <span class='ocrx_word' id='word_1_354' title='bbox 1038 2862 1178 2892; x_wconf 88' lang='lat' dir='ltr'><strong>ubilibet</strong></span> <span class='ocrx_word' id='word_1_355' title='bbox 1195 2863 1252 2892; x_wconf 88' lang='lat' dir='ltr'><strong>ha-</strong></span> 
     </span>
     <span class='ocr_line' id='line_1_51' title="bbox 243 2911 1250 2951; baseline 0.004 -10"><span class='ocrx_word' id='word_1_356' title='bbox 243 2911 409 2947; x_wconf 83' lang='lat' dir='ltr'><strong>bitantes,</strong></span> <span class='ocrx_word' id='word_1_357' title='bbox 442 2912 533 2941; x_wconf 87' lang='lat' dir='ltr'><strong>nulla</strong></span> <span class='ocrx_word' id='word_1_358' title='bbox 564 2913 700 2941; x_wconf 89' lang='lat' dir='ltr'><strong>omnino</strong></span> <span class='ocrx_word' id='word_1_359' title='bbox 731 2922 892 2951; x_wconf 82' lang='lat' dir='ltr'><strong>persona,</strong></span> <span class='ocrx_word' id='word_1_360' title='bbox 923 2918 1033 2951; x_wconf 86' lang='lat' dir='ltr'><strong>preter</strong></span> <span class='ocrx_word' id='word_1_361' title='bbox 1064 2916 1250 2946; x_wconf 83' lang='lat' dir='ltr'><strong>Romanum</strong></span> 
     </span>
    </p>
   </div>
   <div class='ocr_carea' id='block_1_3' title="bbox 1339 319 2356 1205">
    <p class='ocr_par' dir='ltr' id='par_1_5' title="bbox 1339 319 2356 1205">
     <span class='ocr_line' id='line_1_52' title="bbox 1345 319 2356 362; baseline 0.002 -14"><span class='ocrx_word' id='word_1_362' title='bbox 1345 319 1539 350; x_wconf 79' lang='lat' dir='ltr'><strong>Pontificem</strong></span> <span class='ocrx_word' id='word_1_363' title='bbox 1562 324 1593 350; x_wconf 86' lang='lat' dir='ltr'><strong>et</strong></span> <span class='ocrx_word' id='word_1_364' title='bbox 1615 320 1761 359; x_wconf 77' lang='lat' dir='ltr'><strong>legatum</strong></span> <span class='ocrx_word' id='word_1_365' title='bbox 1784 321 1842 362; x_wconf 83' lang='lat' dir='ltr'><strong>qui</strong></span> <span class='ocrx_word' id='word_1_366' title='bbox 1865 320 1906 351; x_wconf 91' lang='lat' dir='ltr'><strong>ad</strong></span> <span class='ocrx_word' id='word_1_367' title='bbox 1928 321 1989 351; x_wconf 90' lang='lat' dir='ltr'><strong>hoc</strong></span> <span class='ocrx_word' id='word_1_368' title='bbox 2008 321 2132 351; x_wconf 84' lang='lat' dir='ltr'><strong>missus</strong></span> <span class='ocrx_word' id='word_1_369' title='bbox 2153 321 2271 354; x_wconf 78' lang='lat' dir='ltr'><strong>suerit,</strong></span> <span class='ocrx_word' id='word_1_370' title='bbox 2297 330 2356 350; x_wconf 86' lang='lat' dir='ltr'><strong>ex-</strong></span> 
     </span>
     <span class='ocr_line' id='line_1_53' title="bbox 1343 372 2353 404; baseline 0.004 -4"><span class='ocrx_word' id='word_1_371' title='bbox 1343 372 1564 402; x_wconf 84' lang='lat' dir='ltr'><strong>communicet</strong></span> <span class='ocrx_word' id='word_1_372' title='bbox 1585 377 1641 402; x_wconf 88' lang='lat' dir='ltr'><strong>aut</strong></span> <span class='ocrx_word' id='word_1_373' title='bbox 1668 373 1769 404; x_wconf 83' lang='lat' dir='ltr'><strong>etiam</strong></span> <span class='ocrx_word' id='word_1_374' title='bbox 1791 373 1980 404; x_wconf 83' lang='lat' dir='ltr'><strong>interdicat.</strong></span> <span class='ocrx_word' id='word_1_375' title='bbox 2005 374 2054 404; x_wconf 80' lang='lat' dir='ltr'><strong>lta</strong></span> <span class='ocrx_word' id='word_1_376' title='bbox 2075 377 2185 404; x_wconf 84' lang='lat' dir='ltr'><strong>tamen</strong></span> <span class='ocrx_word' id='word_1_377' title='bbox 2208 378 2244 403; x_wconf 89' lang='lat' dir='ltr'><strong>ut</strong></span> <span class='ocrx_word' id='word_1_378' title='bbox 2265 373 2353 404; x_wconf 86' lang='lat' dir='ltr'><strong>circa</strong></span> 
     </span>
     <span class='ocr_line' id='line_1_54' title="bbox 1343 424 2355 464; baseline 0.002 -10"><span class='ocrx_word' id='word_1_379' title='bbox 1343 424 1469 463; x_wconf 78' lang='lat' dir='ltr'><strong>legatos</strong></span> <span class='ocrx_word' id='word_1_380' title='bbox 1486 425 1664 464; x_wconf 86' lang='lat' dir='ltr'><strong>apostolice</strong></span> <span class='ocrx_word' id='word_1_381' title='bbox 1686 426 1782 458; x_wconf 87' lang='lat' dir='ltr'><strong>Sedis</strong></span> <span class='ocrx_word' id='word_1_382' title='bbox 1803 426 1994 457; x_wconf 88' lang='lat' dir='ltr'><strong>obedientia</strong></span> <span class='ocrx_word' id='word_1_383' title='bbox 2015 426 2067 456; x_wconf 85' lang='lat' dir='ltr'><strong>vel</strong></span> <span class='ocrx_word' id='word_1_384' title='bbox 2088 426 2274 457; x_wconf 85' lang='lat' dir='ltr'><strong>reverentia</strong></span> <span class='ocrx_word' id='word_1_385' title='bbox 2295 426 2355 456; x_wconf 89' lang='lat' dir='ltr'><strong>de-</strong></span> 
     </span>
     <span class='ocr_line' id='line_1_55' title="bbox 1342 477 2355 516; baseline 0.001 -9"><span class='ocrx_word' id='word_1_386' title='bbox 1342 477 1412 507; x_wconf 86' lang='lat' dir='ltr'><strong>hita</strong></span> <span class='ocrx_word' id='word_1_387' title='bbox 1432 487 1489 516; x_wconf 87' lang='lat' dir='ltr'><strong>per</strong></span> <span class='ocrx_word' id='word_1_388' title='bbox 1504 477 1566 508; x_wconf 88' lang='lat' dir='ltr'><strong>hoc</strong></span> <span class='ocrx_word' id='word_1_389' title='bbox 1583 478 1774 510; x_wconf 85' lang='lat' dir='ltr'><strong>nullatenus</strong></span> <span class='ocrx_word' id='word_1_390' title='bbox 1797 479 1980 509; x_wconf 86' lang='lat' dir='ltr'><strong>minuatur.</strong></span> <span class='ocrx_word' id='word_1_391' title='bbox 2000 478 2074 509; x_wconf 87' lang='lat' dir='ltr'><strong>Tibi</strong></span> <span class='ocrx_word' id='word_1_392' title='bbox 2095 479 2213 514; x_wconf 89' lang='lat' dir='ltr'><strong>etiam,</strong></span> <span class='ocrx_word' id='word_1_393' title='bbox 2230 478 2278 508; x_wconf 77' lang='lat' dir='ltr'><strong>tili</strong></span> <span class='ocrx_word' id='word_1_394' title='bbox 2294 478 2355 508; x_wconf 85' lang='lat' dir='ltr'><strong>ab·</strong></span> 
     </span>
     <span class='ocr_line' id='line_1_56' title="bbox 1343 530 2352 569; baseline 0.001 -9"><span class='ocrx_word' id='word_1_395' title='bbox 1343 530 1412 566; x_wconf 79' lang='lat' dir='ltr'><strong>bas,</strong></span> <span class='ocrx_word' id='word_1_396' title='bbox 1434 535 1464 560; x_wconf 89' lang='lat' dir='ltr'><strong>ct</strong></span> <span class='ocrx_word' id='word_1_397' title='bbox 1482 540 1540 569; x_wconf 90' lang='lat' dir='ltr'><strong>per</strong></span> <span class='ocrx_word' id='word_1_398' title='bbox 1558 535 1588 561; x_wconf 87' lang='lat' dir='ltr'><strong>te</strong></span> <span class='ocrx_word' id='word_1_399' title='bbox 1611 532 1813 562; x_wconf 88' lang='lat' dir='ltr'><strong>monasterio</strong></span> <span class='ocrx_word' id='word_1_400' title='bbox 1830 531 2045 563; x_wconf 84' lang='lat' dir='ltr'><strong>Cluniacensi</strong></span> <span class='ocrx_word' id='word_1_401' title='bbox 2067 531 2297 566; x_wconf 83' lang='lat' dir='ltr'><strong>concedimus,</strong></span> <span class='ocrx_word' id='word_1_402' title='bbox 2317 535 2352 562; x_wconf 89' lang='lat' dir='ltr'><strong>ut</strong></span> 
     </span>
     <span class='ocr_line' id='line_1_57' title="bbox 1342 583 2351 624; baseline 0.002 -11"><span class='ocrx_word' id='word_1_403' title='bbox 1342 583 1376 613; x_wconf 92' lang='lat' dir='ltr'><strong>in</strong></span> <span class='ocrx_word' id='word_1_404' title='bbox 1402 584 1673 622; x_wconf 81' lang='lat' dir='ltr'><strong>processionibus</strong></span> <span class='ocrx_word' id='word_1_405' title='bbox 1697 584 1943 624; x_wconf 86' lang='lat' dir='ltr'><strong>missarumque</strong></span> <span class='ocrx_word' id='word_1_406' title='bbox 1967 584 2193 623; x_wconf 84' lang='lat' dir='ltr'><strong>sollempniis,</strong></span> <span class='ocrx_word' id='word_1_407' title='bbox 2223 589 2288 614; x_wconf 85' lang='lat' dir='ltr'><strong>tam</strong></span> <span class='ocrx_word' id='word_1_408' title='bbox 2317 590 2351 615; x_wconf 90' lang='lat' dir='ltr'><strong>tu</strong></span> 
     </span>
     <span class='ocr_line' id='line_1_58' title="bbox 1342 637 2355 675; baseline 0.002 -9"><span class='ocrx_word' id='word_1_409' title='bbox 1342 646 1440 675; x_wconf 86' lang='lat' dir='ltr'><strong>quam</strong></span> <span class='ocrx_word' id='word_1_410' title='bbox 1458 645 1667 667; x_wconf 81' lang='lat' dir='ltr'><strong>successores</strong></span> <span class='ocrx_word' id='word_1_411' title='bbox 1685 637 1747 671; x_wconf 89' lang='lat' dir='ltr'><strong>tui,</strong></span> <span class='ocrx_word' id='word_1_412' title='bbox 1766 637 1880 671; x_wconf 85' lang='lat' dir='ltr'><strong>mitra,</strong></span> <span class='ocrx_word' id='word_1_413' title='bbox 1898 637 2009 672; x_wconf 88' lang='lat' dir='ltr'><strong>anulo,</strong></span> <span class='ocrx_word' id='word_1_414' title='bbox 2026 637 2214 672; x_wconf 86' lang='lat' dir='ltr'><strong>cirothecis,</strong></span> <span class='ocrx_word' id='word_1_415' title='bbox 2231 637 2355 668; x_wconf 79' lang='lat' dir='ltr'><strong>sanda-</strong></span> 
     </span>
     <span class='ocr_line' id='line_1_59' title="bbox 1342 689 2352 728; baseline 0.002 -10"><span class='ocrx_word' id='word_1_416' title='bbox 1342 689 1398 719; x_wconf 88' lang='lat' dir='ltr'><strong>liis</strong></span> <span class='ocrx_word' id='word_1_417' title='bbox 1417 693 1448 719; x_wconf 88' lang='lat' dir='ltr'><strong>et</strong></span> <span class='ocrx_word' id='word_1_418' title='bbox 1471 689 1547 719; x_wconf 85' lang='lat' dir='ltr'><strong>aliis</strong></span> <span class='ocrx_word' id='word_1_419' title='bbox 1566 689 1813 728; x_wconf 84' lang='lat' dir='ltr'><strong>pontificalibus</strong></span> <span class='ocrx_word' id='word_1_420' title='bbox 1833 689 1992 728; x_wconf 80' lang='lat' dir='ltr'><strong>insigniis</strong></span> <span class='ocrx_word' id='word_1_421' title='bbox 2011 689 2061 719; x_wconf 89' lang='lat' dir='ltr'><strong>uti</strong></span> <span class='ocrx_word' id='word_1_422' title='bbox 2079 689 2232 728; x_wconf 85' lang='lat' dir='ltr'><strong>possitis,</strong></span> <span class='ocrx_word' id='word_1_423' title='bbox 2250 689 2352 720; x_wconf 83' lang='lat' dir='ltr'><strong>bene-</strong></span> 
     </span>
     <span class='ocr_line' id='line_1_60' title="bbox 1342 741 2355 781; baseline 0.001 -10"><span class='ocrx_word' id='word_1_424' title='bbox 1342 742 1587 781; x_wconf 86' lang='lat' dir='ltr'><strong>dictionemque</strong></span> <span class='ocrx_word' id='word_1_425' title='bbox 1601 741 1816 780; x_wconf 85' lang='lat' dir='ltr'><strong>sollempnem</strong></span> <span class='ocrx_word' id='word_1_426' title='bbox 1830 751 1929 781; x_wconf 88' lang='lat' dir='ltr'><strong>super</strong></span> <span class='ocrx_word' id='word_1_427' title='bbox 1942 741 2097 781; x_wconf 88' lang='lat' dir='ltr'><strong>populum</strong></span> <span class='ocrx_word' id='word_1_428' title='bbox 2110 743 2230 778; x_wconf 85' lang='lat' dir='ltr'><strong>facere,</strong></span> <span class='ocrx_word' id='word_1_429' title='bbox 2248 742 2289 772; x_wconf 88' lang='lat' dir='ltr'><strong>ad</strong></span> <span class='ocrx_word' id='word_1_430' title='bbox 2301 741 2355 772; x_wconf 93' lang='lat' dir='ltr'><strong>di-</strong></span> 
     </span>
     <span class='ocr_line' id='line_1_61' title="bbox 1342 794 2352 832; baseline 0.002 -8"><span class='ocrx_word' id='word_1_431' title='bbox 1342 795 1413 824; x_wconf 86' lang='lat' dir='ltr'><strong>vini</strong></span> <span class='ocrx_word' id='word_1_432' title='bbox 1452 795 1598 825; x_wconf 89' lang='lat' dir='ltr'><strong>nominis</strong></span> <span class='ocrx_word' id='word_1_433' title='bbox 1636 794 1774 832; x_wconf 82' lang='lat' dir='ltr'><strong>gloriam</strong></span> <span class='ocrx_word' id='word_1_434' title='bbox 1815 799 1846 825; x_wconf 90' lang='lat' dir='ltr'><strong>et</strong></span> <span class='ocrx_word' id='word_1_435' title='bbox 1887 795 2081 825; x_wconf 87' lang='lat' dir='ltr'><strong>monasterii</strong></span> <span class='ocrx_word' id='word_1_436' title='bbox 2119 794 2352 826; x_wconf 82' lang='lat' dir='ltr'><strong>Cluniacensis</strong></span> 
     </span>
     <span class='ocr_line' id='line_1_62' title="bbox 1342 847 2352 887; baseline 0.001 -10"><span class='ocrx_word' id='word_1_437' title='bbox 1342 848 1514 878; x_wconf 85' lang='lat' dir='ltr'><strong>honorem.</strong></span> <span class='ocrx_word' id='word_1_438' title='bbox 1538 848 1625 878; x_wconf 84' lang='lat' dir='ltr'><strong>Illud</strong></span> <span class='ocrx_word' id='word_1_439' title='bbox 1647 853 1757 878; x_wconf 88' lang='lat' dir='ltr'><strong>autem</strong></span> <span class='ocrx_word' id='word_1_440' title='bbox 1778 848 1963 878; x_wconf 82' lang='lat' dir='ltr'><strong>districtius</strong></span> <span class='ocrx_word' id='word_1_441' title='bbox 1985 847 2196 883; x_wconf 86' lang='lat' dir='ltr'><strong>inhibemus,</strong></span> <span class='ocrx_word' id='word_1_442' title='bbox 2219 857 2259 878; x_wconf 89' lang='lat' dir='ltr'><strong>ne</strong></span> <span class='ocrx_word' id='word_1_443' title='bbox 2276 848 2352 887; x_wconf 83' lang='lat' dir='ltr'><strong>quis</strong></span> 
     </span>
     <span class='ocr_line' id='line_1_63' title="bbox 1343 901 2355 940; baseline 0 -9"><span class='ocrx_word' id='word_1_444' title='bbox 1343 901 1587 939; x_wconf 79' lang='lat' dir='ltr'><strong>possessiones,</strong></span> <span class='ocrx_word' id='word_1_445' title='bbox 1610 901 1696 931; x_wconf 88' lang='lat' dir='ltr'><strong>bona</strong></span> <span class='ocrx_word' id='word_1_446' title='bbox 1720 901 1769 931; x_wconf 87' lang='lat' dir='ltr'><strong>vel</strong></span> <span class='ocrx_word' id='word_1_447' title='bbox 1790 901 1867 940; x_wconf 85' lang='lat' dir='ltr'><strong>jura</strong></span> <span class='ocrx_word' id='word_1_448' title='bbox 1892 901 2087 931; x_wconf 87' lang='lat' dir='ltr'><strong>monasterii</strong></span> <span class='ocrx_word' id='word_1_449' title='bbox 2114 901 2216 931; x_wconf 82' lang='lat' dir='ltr'><strong>vestri</strong></span> <span class='ocrx_word' id='word_1_450' title='bbox 2244 905 2355 940; x_wconf 88' lang='lat' dir='ltr'><strong>preter</strong></span> 
     </span>
     <span class='ocr_line' id='line_1_64' title="bbox 1343 953 2354 992; baseline -0.001 -9"><span class='ocrx_word' id='word_1_451' title='bbox 1343 954 1439 984; x_wconf 83' lang='lat' dir='ltr'><strong>Sedis</strong></span> <span class='ocrx_word' id='word_1_452' title='bbox 1459 953 1637 992; x_wconf 85' lang='lat' dir='ltr'><strong>apostolice</strong></span> <span class='ocrx_word' id='word_1_453' title='bbox 1658 954 1897 984; x_wconf 79' lang='lat' dir='ltr'><strong>conscientiam</strong></span> <span class='ocrx_word' id='word_1_454' title='bbox 1923 954 1975 983; x_wconf 88' lang='lat' dir='ltr'><strong>cui</strong></span> <span class='ocrx_word' id='word_1_455' title='bbox 1999 953 2189 992; x_wconf 81' lang='lat' dir='ltr'><strong>specialiter</strong></span> <span class='ocrx_word' id='word_1_456' title='bbox 2204 958 2253 984; x_wconf 89' lang='lat' dir='ltr'><strong>est</strong></span> <span class='ocrx_word' id='word_1_457' title='bbox 2273 953 2354 983; x_wconf 86' lang='lat' dir='ltr'><strong>sub-</strong></span> 
     </span>
     <span class='ocr_line' id='line_1_65' title="bbox 1339 1006 2352 1046; baseline 0 -10"><span class='ocrx_word' id='word_1_458' title='bbox 1339 1006 1464 1046; x_wconf 87' lang='lat' dir='ltr'><strong>jectum</strong></span> <span class='ocrx_word' id='word_1_459' title='bbox 1481 1006 1628 1045; x_wconf 83' lang='lat' dir='ltr'><strong>quolibet</strong></span> <span class='ocrx_word' id='word_1_460' title='bbox 1645 1007 1739 1037; x_wconf 89' lang='lat' dir='ltr'><strong>modo</strong></span> <span class='ocrx_word' id='word_1_461' title='bbox 1756 1007 1902 1037; x_wconf 86' lang='lat' dir='ltr'><strong>alienare</strong></span> <span class='ocrx_word' id='word_1_462' title='bbox 1920 1006 1971 1037; x_wconf 75' lang='lat' dir='ltr'><strong>vel</strong></span> <span class='ocrx_word' id='word_1_463' title='bbox 1987 1007 2142 1045; x_wconf 85' lang='lat' dir='ltr'><strong>antiquas</strong></span> <span class='ocrx_word' id='word_1_464' title='bbox 2158 1011 2189 1036; x_wconf 89' lang='lat' dir='ltr'><strong>et</strong></span> <span class='ocrx_word' id='word_1_465' title='bbox 2205 1006 2352 1037; x_wconf 87' lang='lat' dir='ltr'><strong>rationa-</strong></span> 
     </span>
     <span class='ocr_line' id='line_1_66' title="bbox 1342 1059 2354 1098; baseline 0.001 -9"><span class='ocrx_word' id='word_1_466' title='bbox 1342 1059 1427 1090; x_wconf 87' lang='lat' dir='ltr'><strong>biles</strong></span> <span class='ocrx_word' id='word_1_467' title='bbox 1446 1059 1553 1098; x_wconf 87' lang='lat' dir='ltr'><strong>ipsius</strong></span> <span class='ocrx_word' id='word_1_468' title='bbox 1569 1060 1764 1090; x_wconf 85' lang='lat' dir='ltr'><strong>monasterii</strong></span> <span class='ocrx_word' id='word_1_469' title='bbox 1786 1060 2045 1090; x_wconf 84' lang='lat' dir='ltr'><strong>eonsuetudines</strong></span> <span class='ocrx_word' id='word_1_470' title='bbox 2066 1065 2096 1089; x_wconf 91' lang='lat' dir='ltr'><strong>et</strong></span> <span class='ocrx_word' id='word_1_471' title='bbox 2118 1059 2278 1090; x_wconf 82' lang='lat' dir='ltr'><strong>hactenus</strong></span> <span class='ocrx_word' id='word_1_472' title='bbox 2293 1059 2354 1090; x_wconf 84' lang='lat' dir='ltr'><strong>ob-</strong></span> 
     </span>
     <span class='ocr_line' id='line_1_67' title="bbox 1343 1112 2354 1152; baseline 0.001 -10"><span class='ocrx_word' id='word_1_473' title='bbox 1343 1117 1491 1142; x_wconf 84' lang='lat' dir='ltr'><strong>servatas</strong></span> <span class='ocrx_word' id='word_1_474' title='bbox 1509 1112 1631 1143; x_wconf 86' lang='lat' dir='ltr'><strong>violare</strong></span> <span class='ocrx_word' id='word_1_475' title='bbox 1653 1117 1832 1152; x_wconf 82' lang='lat' dir='ltr'><strong>presumat.</strong></span> <span class='ocrx_word' id='word_1_476' title='bbox 1850 1113 1884 1143; x_wconf 81' lang='lat' dir='ltr'><strong>Si</strong></span> <span class='ocrx_word' id='word_1_477' title='bbox 1907 1122 1971 1152; x_wconf 87' lang='lat' dir='ltr'><strong>qne</strong></span> <span class='ocrx_word' id='word_1_478' title='bbox 1992 1122 2069 1142; x_wconf 81' lang='lat' dir='ltr'><strong>vcro</strong></span> <span class='ocrx_word' id='word_1_479' title='bbox 2085 1113 2280 1143; x_wconf 85' lang='lat' dir='ltr'><strong>donationes</strong></span> <span class='ocrx_word' id='word_1_480' title='bbox 2297 1116 2354 1143; x_wconf 80' lang='lat' dir='ltr'><strong>aut</strong></span> 
     </span>
     <span class='ocr_line' id='line_1_68' title="bbox 1343 1165 2352 1205; baseline 0.001 -11"><span class='ocrx_word' id='word_1_481' title='bbox 1343 1165 1563 1195; x_wconf 83' lang='lat' dir='ltr'><strong>alienationes</strong></span> <span class='ocrx_word' id='word_1_482' title='bbox 1586 1165 1683 1196; x_wconf 88' lang='lat' dir='ltr'><strong>aliter</strong></span> <span class='ocrx_word' id='word_1_483' title='bbox 1706 1176 1804 1205; x_wconf 79' lang='lat' dir='ltr'><strong>quam</strong></span> <span class='ocrx_word' id='word_1_484' title='bbox 1828 1166 1952 1196; x_wconf 87' lang='lat' dir='ltr'><strong>dictum</strong></span> <span class='ocrx_word' id='word_1_485' title='bbox 1971 1171 2019 1196; x_wconf 88' lang='lat' dir='ltr'><strong>est</strong></span> <span class='ocrx_word' id='word_1_486' title='bbox 2036 1166 2121 1196; x_wconf 84' lang='lat' dir='ltr'><strong>facte</strong></span> <span class='ocrx_word' id='word_1_487' title='bbox 2137 1166 2278 1202; x_wconf 85' lang='lat' dir='ltr'><strong>fuerint,</strong></span> <span class='ocrx_word' id='word_1_488' title='bbox 2296 1175 2352 1196; x_wconf 87' lang='lat' dir='ltr'><strong>eas</strong></span> 
     </span>
    </p>
   </div>
   <div class='ocr_carea' id='block_1_4' title="bbox 1342 1218 2354 1257">
    <p class='ocr_par' dir='ltr' id='par_1_6' title="bbox 1342 1218 2354 1257">
     <span class='ocr_line' id='line_1_69' title="bbox 1342 1218 2354 1257; baseline 0.001 -10"><span class='ocrx_word' id='word_1_489' title='bbox 1342 1218 1455 1248; x_wconf 91' lang='lat' dir='ltr'><strong>irritas</strong></span> <span class='ocrx_word' id='word_1_490' title='bbox 1470 1228 1542 1248; x_wconf 86' lang='lat' dir='ltr'><strong>esse</strong></span> <span class='ocrx_word' id='word_1_491' title='bbox 1555 1228 1741 1249; x_wconf 76' lang='lat' dir='ltr'><strong>censemus.</strong></span> <span class='ocrx_word' id='word_1_492' title='bbox 1754 1219 1907 1249; x_wconf 81' lang='lat' dir='ltr'><strong>Decimas</strong></span> <span class='ocrx_word' id='word_1_493' title='bbox 1919 1223 2068 1257; x_wconf 86' lang='lat' dir='ltr'><strong>preterea</strong></span> <span class='ocrx_word' id='word_1_494' title='bbox 2082 1223 2111 1249; x_wconf 88' lang='lat' dir='ltr'><strong>ct</strong></span> <span class='ocrx_word' id='word_1_495' title='bbox 2124 1219 2354 1257; x_wconf 82' lang='lat' dir='ltr'><strong>possessiones</strong></span> 
     </span>
    </p>
   </div>
   <div class='ocr_carea' id='block_1_5' title="bbox 1335 1271 2353 2951">
    <p class='ocr_par' dir='ltr' id='par_1_7' title="bbox 1335 1271 2353 2951">
     <span class='ocr_line' id='line_1_70' title="bbox 1343 1271 2351 1310; baseline 0.002 -10"><span class='ocrx_word' id='word_1_496' title='bbox 1343 1271 1382 1301; x_wconf 87' lang='lat' dir='ltr'><strong>ad</strong></span> <span class='ocrx_word' id='word_1_497' title='bbox 1401 1271 1455 1310; x_wconf 90' lang='lat' dir='ltr'><strong>jus</strong></span> <span class='ocrx_word' id='word_1_498' title='bbox 1479 1271 1694 1301; x_wconf 83' lang='lat' dir='ltr'><strong>ecclesiarum</strong></span> <span class='ocrx_word' id='word_1_499' title='bbox 1717 1276 1901 1302; x_wconf 80' lang='lat' dir='ltr'><strong>vestrarum</strong></span> <span class='ocrx_word' id='word_1_500' title='bbox 1923 1276 2109 1310; x_wconf 83' lang='lat' dir='ltr'><strong>spectantes</strong></span> <span class='ocrx_word' id='word_1_501' title='bbox 2132 1282 2195 1310; x_wconf 87' lang='lat' dir='ltr'><strong>que</strong></span> <span class='ocrx_word' id='word_1_502' title='bbox 2216 1282 2233 1302; x_wconf 88' lang='lat' dir='ltr'><strong>a</strong></span> <span class='ocrx_word' id='word_1_503' title='bbox 2256 1272 2351 1302; x_wconf 88' lang='lat' dir='ltr'><strong>laicis</strong></span> 
     </span>
     <span class='ocr_line' id='line_1_71' title="bbox 1342 1323 2352 1361; baseline 0.002 -8"><span class='ocrx_word' id='word_1_504' title='bbox 1342 1323 1545 1359; x_wconf 71' lang='lat' dir='ltr'><strong>detinentur,</strong></span> <span class='ocrx_word' id='word_1_505' title='bbox 1562 1324 1745 1354; x_wconf 87' lang='lat' dir='ltr'><strong>redimendi</strong></span> <span class='ocrx_word' id='word_1_506' title='bbox 1760 1329 1789 1354; x_wconf 90' lang='lat' dir='ltr'><strong>et</strong></span> <span class='ocrx_word' id='word_1_507' title='bbox 1803 1324 1950 1361; x_wconf 71' lang='lat' dir='ltr'><strong>legitime</strong></span> <span class='ocrx_word' id='word_1_508' title='bbox 1964 1324 2128 1354; x_wconf 86' lang='lat' dir='ltr'><strong>liberandi</strong></span> <span class='ocrx_word' id='word_1_509' title='bbox 2145 1325 2183 1355; x_wconf 89' lang='lat' dir='ltr'><strong>de</strong></span> <span class='ocrx_word' id='word_1_510' title='bbox 2197 1325 2352 1355; x_wconf 83' lang='lat' dir='ltr'><strong>manibus</strong></span> 
     </span>
     <span class='ocr_line' id='line_1_72' title="bbox 1342 1377 2353 1416; baseline 0.001 -9"><span class='ocrx_word' id='word_1_511' title='bbox 1342 1386 1456 1407; x_wconf 86' lang='lat' dir='ltr'><strong>eorum</strong></span> <span class='ocrx_word' id='word_1_512' title='bbox 1476 1381 1507 1407; x_wconf 93' lang='lat' dir='ltr'><strong>et</strong></span> <span class='ocrx_word' id='word_1_513' title='bbox 1523 1377 1563 1406; x_wconf 87' lang='lat' dir='ltr'><strong>ad</strong></span> <span class='ocrx_word' id='word_1_514' title='bbox 1579 1377 1737 1407; x_wconf 80' lang='lat' dir='ltr'><strong>ecclesias</strong></span> <span class='ocrx_word' id='word_1_515' title='bbox 1756 1377 1796 1407; x_wconf 88' lang='lat' dir='ltr'><strong>ad</strong></span> <span class='ocrx_word' id='word_1_516' title='bbox 1812 1386 1894 1416; x_wconf 79' lang='lat' dir='ltr'><strong>quas</strong></span> <span class='ocrx_word' id='word_1_517' title='bbox 1910 1377 2077 1415; x_wconf 86' lang='lat' dir='ltr'><strong>pertinent</strong></span> <span class='ocrx_word' id='word_1_518' title='bbox 2096 1378 2290 1413; x_wconf 80' lang='lat' dir='ltr'><strong>revocandi.</strong></span> <span class='ocrx_word' id='word_1_519' title='bbox 2309 1377 2353 1408; x_wconf 89' lang='lat' dir='ltr'><strong>li-</strong></span> 
     </span>
     <span class='ocr_line' id='line_1_73' title="bbox 1342 1429 2352 1461; baseline 0.003 -3"><span class='ocrx_word' id='word_1_520' title='bbox 1342 1429 1420 1460; x_wconf 82' lang='lat' dir='ltr'><strong>bera</strong></span> <span class='ocrx_word' id='word_1_521' title='bbox 1438 1430 1479 1459; x_wconf 85' lang='lat' dir='ltr'><strong>sit</strong></span> <span class='ocrx_word' id='word_1_522' title='bbox 1498 1430 1590 1460; x_wconf 78' lang='lat' dir='ltr'><strong>vobis</strong></span> <span class='ocrx_word' id='word_1_523' title='bbox 1607 1430 1645 1460; x_wconf 86' lang='lat' dir='ltr'><strong>de</strong></span> <span class='ocrx_word' id='word_1_524' title='bbox 1663 1435 1775 1460; x_wconf 88' lang='lat' dir='ltr'><strong>nostra</strong></span> <span class='ocrx_word' id='word_1_525' title='bbox 1792 1431 1988 1460; x_wconf 85' lang='lat' dir='ltr'><strong>auctoritate</strong></span> <span class='ocrx_word' id='word_1_526' title='bbox 2003 1430 2155 1460; x_wconf 83' lang='lat' dir='ltr'><strong>facultas.</strong></span> <span class='ocrx_word' id='word_1_527' title='bbox 2173 1432 2352 1461; x_wconf 86' lang='lat' dir='ltr'><strong>Percussu-</strong></span> 
     </span>
     <span class='ocr_line' id='line_1_74' title="bbox 1342 1483 2353 1522; baseline 0.002 -10"><span class='ocrx_word' id='word_1_528' title='bbox 1342 1492 1413 1512; x_wconf 90' lang='lat' dir='ltr'><strong>ram</strong></span> <span class='ocrx_word' id='word_1_529' title='bbox 1432 1492 1562 1522; x_wconf 76' lang='lat' dir='ltr'><strong>quoque</strong></span> <span class='ocrx_word' id='word_1_530' title='bbox 1581 1483 1705 1521; x_wconf 86' lang='lat' dir='ltr'><strong>proprii</strong></span> <span class='ocrx_word' id='word_1_531' title='bbox 1718 1483 1931 1513; x_wconf 87' lang='lat' dir='ltr'><strong>numismatis</strong></span> <span class='ocrx_word' id='word_1_532' title='bbox 1947 1483 1998 1513; x_wconf 84' lang='lat' dir='ltr'><strong>vel</strong></span> <span class='ocrx_word' id='word_1_533' title='bbox 2015 1488 2156 1519; x_wconf 82' lang='lat' dir='ltr'><strong>monete,</strong></span> <span class='ocrx_word' id='word_1_534' title='bbox 2169 1484 2255 1514; x_wconf 92' lang='lat' dir='ltr'><strong>sicut</strong></span> <span class='ocrx_word' id='word_1_535' title='bbox 2273 1484 2353 1514; x_wconf 88' lang='lat' dir='ltr'><strong>hac-</strong></span> 
     </span>
     <span class='ocr_line' id='line_1_75' title="bbox 1343 1536 2352 1575; baseline 0.001 -10"><span class='ocrx_word' id='word_1_536' title='bbox 1343 1540 1440 1565; x_wconf 81' lang='lat' dir='ltr'><strong>tenus</strong></span> <span class='ocrx_word' id='word_1_537' title='bbox 1479 1541 1528 1566; x_wconf 85' lang='lat' dir='ltr'><strong>est</strong></span> <span class='ocrx_word' id='word_1_538' title='bbox 1569 1536 1761 1571; x_wconf 88' lang='lat' dir='ltr'><strong>obtentum,</strong></span> <span class='ocrx_word' id='word_1_539' title='bbox 1782 1560 1784 1562; x_wconf 93' lang='lat'><strong>.</strong></span> <span class='ocrx_word' id='word_1_540' title='bbox 1802 1536 1895 1566; x_wconf 88' lang='lat' dir='ltr'><strong>vobis</strong></span> <span class='ocrx_word' id='word_1_541' title='bbox 1936 1536 2132 1566; x_wconf 88' lang='lat' dir='ltr'><strong>auctoritate</strong></span> <span class='ocrx_word' id='word_1_542' title='bbox 2171 1536 2352 1575; x_wconf 83' lang='lat' dir='ltr'><strong>apostolica</strong></span> 
     </span>
     <span class='ocr_line' id='line_1_76' title="bbox 1342 1588 2351 1627; baseline 0.002 -10"><span class='ocrx_word' id='word_1_543' title='bbox 1342 1590 1589 1618; x_wconf 75' lang='lat' dir='ltr'><strong>confirmamus.</strong></span> <span class='ocrx_word' id='word_1_544' title='bbox 1602 1589 1651 1618; x_wconf 72' lang='lat' dir='ltr'><strong>Ad</strong></span> <span class='ocrx_word' id='word_1_545' title='bbox 1662 1588 1721 1618; x_wconf 88' lang='lat' dir='ltr'><strong>hec</strong></span> <span class='ocrx_word' id='word_1_546' title='bbox 1734 1588 1909 1624; x_wconf 80' lang='lat' dir='ltr'><strong>adicimus,</strong></span> <span class='ocrx_word' id='word_1_547' title='bbox 1922 1593 1968 1623; x_wconf 87' lang='lat' dir='ltr'><strong>ut,</strong></span> <span class='ocrx_word' id='word_1_548' title='bbox 1986 1589 2189 1619; x_wconf 74' lang='lat' dir='ltr'><strong>inmunibus</strong></span> <span class='ocrx_word' id='word_1_549' title='bbox 2200 1589 2351 1627; x_wconf 84' lang='lat' dir='ltr'><strong>priorati-</strong></span> 
     </span>
     <span class='ocr_line' id='line_1_77' title="bbox 1342 1641 2352 1680; baseline 0 -9"><span class='ocrx_word' id='word_1_550' title='bbox 1342 1641 1404 1671; x_wconf 85' lang='lat' dir='ltr'><strong>bus</strong></span> <span class='ocrx_word' id='word_1_551' title='bbox 1421 1646 1451 1671; x_wconf 81' lang='lat' dir='ltr'><strong>ct</strong></span> <span class='ocrx_word' id='word_1_552' title='bbox 1469 1641 1561 1672; x_wconf 88' lang='lat' dir='ltr'><strong>cellis</strong></span> <span class='ocrx_word' id='word_1_553' title='bbox 1578 1651 1641 1680; x_wconf 76' lang='lat' dir='ltr'><strong>que</strong></span> <span class='ocrx_word' id='word_1_554' title='bbox 1661 1650 1749 1671; x_wconf 87' lang='lat' dir='ltr'><strong>nunc</strong></span> <span class='ocrx_word' id='word_1_555' title='bbox 1767 1642 1840 1672; x_wconf 88' lang='lat' dir='ltr'><strong>sine</strong></span> <span class='ocrx_word' id='word_1_556' title='bbox 1857 1641 1988 1680; x_wconf 88' lang='lat' dir='ltr'><strong>proprio</strong></span> <span class='ocrx_word' id='word_1_557' title='bbox 2005 1641 2122 1672; x_wconf 87' lang='lat' dir='ltr'><strong>abbate</strong></span> <span class='ocrx_word' id='word_1_558' title='bbox 2139 1647 2248 1672; x_wconf 82' lang='lat' dir='ltr'><strong>vestro</strong></span> <span class='ocrx_word' id='word_1_559' title='bbox 2264 1642 2352 1679; x_wconf 71' lang='lat' dir='ltr'><strong>regi-</strong></span> 
     </span>
     <span class='ocr_line' id='line_1_78' title="bbox 1342 1694 2352 1734; baseline 0.001 -10"><span class='ocrx_word' id='word_1_560' title='bbox 1342 1695 1424 1724; x_wconf 87' lang='lat' dir='ltr'><strong>mini</strong></span> <span class='ocrx_word' id='word_1_561' title='bbox 1439 1699 1517 1725; x_wconf 88' lang='lat' dir='ltr'><strong>sunt</strong></span> <span class='ocrx_word' id='word_1_562' title='bbox 1529 1695 1686 1734; x_wconf 77' lang='lat' dir='ltr'><strong>subjecte,</strong></span> <span class='ocrx_word' id='word_1_563' title='bbox 1701 1694 1813 1725; x_wconf 88' lang='lat' dir='ltr'><strong>nullus</strong></span> <span class='ocrx_word' id='word_1_564' title='bbox 1828 1695 1949 1725; x_wconf 89' lang='lat' dir='ltr'><strong>futuris</strong></span> <span class='ocrx_word' id='word_1_565' title='bbox 1965 1704 2135 1734; x_wconf 84' lang='lat' dir='ltr'><strong>nunquam</strong></span> <span class='ocrx_word' id='word_1_566' title='bbox 2149 1695 2352 1734; x_wconf 85' lang='lat' dir='ltr'><strong>temporibus</strong></span> 
     </span>
     <span class='ocr_line' id='line_1_79' title="bbox 1342 1748 2351 1786; baseline 0 -8"><span class='ocrx_word' id='word_1_567' title='bbox 1342 1748 1494 1778; x_wconf 77' lang='lat' dir='ltr'><strong>abbatem</strong></span> <span class='ocrx_word' id='word_1_568' title='bbox 1513 1748 1667 1777; x_wconf 86' lang='lat' dir='ltr'><strong>ordinare</strong></span> <span class='ocrx_word' id='word_1_569' title='bbox 1685 1752 1865 1786; x_wconf 84' lang='lat' dir='ltr'><strong>presumat.</strong></span> <span class='ocrx_word' id='word_1_570' title='bbox 1891 1748 1955 1778; x_wconf 84' lang='lat' dir='ltr'><strong>Sed</strong></span> <span class='ocrx_word' id='word_1_571' title='bbox 1975 1752 2038 1777; x_wconf 88' lang='lat' dir='ltr'><strong>tam</strong></span> <span class='ocrx_word' id='word_1_572' title='bbox 2056 1748 2221 1786; x_wconf 85' lang='lat' dir='ltr'><strong>prioratus</strong></span> <span class='ocrx_word' id='word_1_573' title='bbox 2238 1748 2300 1786; x_wconf 79' lang='lat' dir='ltr'><strong>ipsi</strong></span> <span class='ocrx_word' id='word_1_574' title='bbox 2319 1752 2351 1778; x_wconf 82' lang='lat' dir='ltr'><strong>et</strong></span> 
     </span>
     <span class='ocr_line' id='line_1_80' title="bbox 1341 1801 2350 1840; baseline 0 -9"><span class='ocrx_word' id='word_1_575' title='bbox 1341 1801 1422 1831; x_wconf 88' lang='lat' dir='ltr'><strong>celle</strong></span> <span class='ocrx_word' id='word_1_576' title='bbox 1439 1811 1537 1840; x_wconf 72' lang='lat' dir='ltr'><strong>quam</strong></span> <span class='ocrx_word' id='word_1_577' title='bbox 1555 1806 1583 1830; x_wconf 89' lang='lat' dir='ltr'><strong>ct</strong></span> <span class='ocrx_word' id='word_1_578' title='bbox 1599 1806 1707 1831; x_wconf 82' lang='lat' dir='ltr'><strong>cetera</strong></span> <span class='ocrx_word' id='word_1_579' title='bbox 1725 1801 1757 1830; x_wconf 92' lang='lat' dir='ltr'><strong>in</strong></span> <span class='ocrx_word' id='word_1_580' title='bbox 1773 1801 1978 1840; x_wconf 79' lang='lat' dir='ltr'><strong>quibuslibet</strong></span> <span class='ocrx_word' id='word_1_581' title='bbox 1996 1801 2077 1831; x_wconf 80' lang='lat' dir='ltr'><strong>locis</strong></span> <span class='ocrx_word' id='word_1_582' title='bbox 2091 1801 2214 1836; x_wconf 86' lang='lat' dir='ltr'><strong>omnia,</strong></span> <span class='ocrx_word' id='word_1_583' title='bbox 2228 1801 2350 1840; x_wconf 81' lang='lat' dir='ltr'><strong>quibus</strong></span> 
     </span>
     <span class='ocr_line' id='line_1_81' title="bbox 1341 1854 2348 1892; baseline -0.002 -6"><span class='ocrx_word' id='word_1_584' title='bbox 1341 1855 1574 1886; x_wconf 84' lang='lat' dir='ltr'><strong>Cluniacensis</strong></span> <span class='ocrx_word' id='word_1_585' title='bbox 1605 1854 1745 1884; x_wconf 84' lang='lat' dir='ltr'><strong>ecclesia</strong></span> <span class='ocrx_word' id='word_1_586' title='bbox 1773 1859 1917 1892; x_wconf 82' lang='lat' dir='ltr'><strong>tempore</strong></span> <span class='ocrx_word' id='word_1_587' title='bbox 1944 1855 2167 1884; x_wconf 82' lang='lat' dir='ltr'><strong>Arvernensis</strong></span> <span class='ocrx_word' id='word_1_588' title='bbox 2198 1854 2348 1890; x_wconf 86' lang='lat' dir='ltr'><strong>concilii,</strong></span> 
     </span>
     <span class='ocr_line' id='line_1_82' title="bbox 1340 1906 2350 1946; baseline 0 -9"><span class='ocrx_word' id='word_1_589' title='bbox 1340 1907 1427 1946; x_wconf 81' lang='lat' dir='ltr'><strong>quod</strong></span> <span class='ocrx_word' id='word_1_590' title='bbox 1446 1917 1502 1946; x_wconf 87' lang='lat' dir='ltr'><strong>per</strong></span> <span class='ocrx_word' id='word_1_591' title='bbox 1518 1907 1625 1937; x_wconf 83' lang='lat' dir='ltr'><strong>felicis</strong></span> <span class='ocrx_word' id='word_1_592' title='bbox 1643 1907 1801 1936; x_wconf 86' lang='lat' dir='ltr'><strong>memorie</strong></span> <span class='ocrx_word' id='word_1_593' title='bbox 1818 1906 1992 1937; x_wconf 88' lang='lat' dir='ltr'><strong>Urbanum</strong></span> <span class='ocrx_word' id='word_1_594' title='bbox 2008 1916 2125 1945; x_wconf 88' lang='lat' dir='ltr'><strong>papam</strong></span> <span class='ocrx_word' id='word_1_595' title='bbox 2142 1906 2350 1944; x_wconf 84' lang='lat' dir='ltr'><strong>predecesso-</strong></span> 
     </span>
     <span class='ocr_line' id='line_1_83' title="bbox 1339 1958 2350 1998; baseline -0.001 -8"><span class='ocrx_word' id='word_1_596' title='bbox 1339 1970 1408 1990; x_wconf 87' lang='lat' dir='ltr'><strong>rem</strong></span> <span class='ocrx_word' id='word_1_597' title='bbox 1426 1965 1575 1990; x_wconf 87' lang='lat' dir='ltr'><strong>nostrum</strong></span> <span class='ocrx_word' id='word_1_598' title='bbox 1599 1959 1800 1989; x_wconf 84' lang='lat' dir='ltr'><strong>celebratum</strong></span> <span class='ocrx_word' id='word_1_599' title='bbox 1818 1963 1878 1994; x_wconf 81' lang='lat' dir='ltr'><strong>est,</strong></span> <span class='ocrx_word' id='word_1_600' title='bbox 1898 1959 2052 1989; x_wconf 79' lang='lat' dir='ltr'><strong>investita</strong></span> <span class='ocrx_word' id='word_1_601' title='bbox 2070 1963 2151 1992; x_wconf 88' lang='lat' dir='ltr'><strong>erat,</strong></span> <span class='ocrx_word' id='word_1_602' title='bbox 2171 1958 2209 1989; x_wconf 91' lang='lat' dir='ltr'><strong>de</strong></span> <span class='ocrx_word' id='word_1_603' title='bbox 2227 1959 2350 1998; x_wconf 85' lang='lat' dir='ltr'><strong>quibus</strong></span> 
     </span>
     <span class='ocr_line' id='line_1_84' title="bbox 1342 2012 2350 2052; baseline 0 -10"><span class='ocrx_word' id='word_1_604' title='bbox 1342 2019 1419 2043; x_wconf 90' lang='lat' dir='ltr'><strong>tunc</strong></span> <span class='ocrx_word' id='word_1_605' title='bbox 1442 2013 1533 2043; x_wconf 87' lang='lat' dir='ltr'><strong>nulla</strong></span> <span class='ocrx_word' id='word_1_606' title='bbox 1554 2013 1684 2052; x_wconf 77' lang='lat' dir='ltr'><strong>questio</strong></span> <span class='ocrx_word' id='word_1_607' title='bbox 1704 2017 1792 2043; x_wconf 86' lang='lat' dir='ltr'><strong>mota</strong></span> <span class='ocrx_word' id='word_1_608' title='bbox 1813 2017 1872 2049; x_wconf 87' lang='lat' dir='ltr'><strong>est,</strong></span> <span class='ocrx_word' id='word_1_609' title='bbox 1895 2018 1959 2042; x_wconf 90' lang='lat' dir='ltr'><strong>tam</strong></span> <span class='ocrx_word' id='word_1_610' title='bbox 1978 2012 2036 2042; x_wconf 88' lang='lat' dir='ltr'><strong>tibi</strong></span> <span class='ocrx_word' id='word_1_611' title='bbox 2058 2012 2104 2041; x_wconf 87' lang='lat' dir='ltr'><strong>lili</strong></span> <span class='ocrx_word' id='word_1_612' title='bbox 2126 2012 2227 2042; x_wconf 88' lang='lat' dir='ltr'><strong>abbas</strong></span> <span class='ocrx_word' id='word_1_613' title='bbox 2250 2021 2350 2051; x_wconf 83' lang='lat' dir='ltr'><strong>quam</strong></span> 
     </span>
     <span class='ocr_line' id='line_1_85' title="bbox 1339 2065 2349 2105; baseline -0.003 -9"><span class='ocrx_word' id='word_1_614' title='bbox 1339 2067 1588 2097; x_wconf 81' lang='lat' dir='ltr'><strong>successoribus</strong></span> <span class='ocrx_word' id='word_1_615' title='bbox 1608 2066 1673 2096; x_wconf 88' lang='lat' dir='ltr'><strong>tuis</strong></span> <span class='ocrx_word' id='word_1_616' title='bbox 1689 2066 1723 2095; x_wconf 92' lang='lat' dir='ltr'><strong>in</strong></span> <span class='ocrx_word' id='word_1_617' title='bbox 1747 2076 1825 2105; x_wconf 84' lang='lat' dir='ltr'><strong>pace</strong></span> <span class='ocrx_word' id='word_1_618' title='bbox 1842 2074 1971 2104; x_wconf 87' lang='lat' dir='ltr'><strong>semper</strong></span> <span class='ocrx_word' id='word_1_619' title='bbox 1988 2069 2019 2095; x_wconf 86' lang='lat' dir='ltr'><strong>et</strong></span> <span class='ocrx_word' id='word_1_620' title='bbox 2035 2065 2146 2104; x_wconf 78' lang='lat' dir='ltr'><strong>quiete</strong></span> <span class='ocrx_word' id='word_1_621' title='bbox 2162 2069 2349 2099; x_wconf 74' lang='lat' dir='ltr'><strong>serventur,</strong></span> 
     </span>
     <span class='ocr_line' id='line_1_86' title="bbox 1340 2118 2349 2158; baseline 0 -10"><span class='ocrx_word' id='word_1_622' title='bbox 1340 2119 1408 2150; x_wconf 87' lang='lat' dir='ltr'><strong>illis</strong></span> <span class='ocrx_word' id='word_1_623' title='bbox 1434 2120 1603 2149; x_wconf 82' lang='lat' dir='ltr'><strong>dumtaxat</strong></span> <span class='ocrx_word' id='word_1_624' title='bbox 1629 2120 1784 2157; x_wconf 76' lang='lat' dir='ltr'><strong>exeeptis,</strong></span> <span class='ocrx_word' id='word_1_625' title='bbox 1817 2128 1879 2158; x_wconf 86' lang='lat' dir='ltr'><strong>qne</strong></span> <span class='ocrx_word' id='word_1_626' title='bbox 1910 2128 1966 2157; x_wconf 84' lang='lat' dir='ltr'><strong>per</strong></span> <span class='ocrx_word' id='word_1_627' title='bbox 1993 2118 2224 2148; x_wconf 85' lang='lat' dir='ltr'><strong>auctoritatem</strong></span> <span class='ocrx_word' id='word_1_628' title='bbox 2252 2118 2349 2148; x_wconf 87' lang='lat' dir='ltr'><strong>Sedis</strong></span> 
     </span>
     <span class='ocr_line' id='line_1_87' title="bbox 1340 2170 2350 2211; baseline -0.002 -9"><span class='ocrx_word' id='word_1_629' title='bbox 1340 2172 1518 2211; x_wconf 79' lang='lat' dir='ltr'><strong>apostolice</strong></span> <span class='ocrx_word' id='word_1_630' title='bbox 1541 2177 1618 2202; x_wconf 91' lang='lat' dir='ltr'><strong>sunt</strong></span> <span class='ocrx_word' id='word_1_631' title='bbox 1637 2172 1677 2202; x_wconf 85' lang='lat' dir='ltr'><strong>ab</strong></span> <span class='ocrx_word' id='word_1_632' title='bbox 1700 2172 1756 2202; x_wconf 90' lang='lat' dir='ltr'><strong>illo</strong></span> <span class='ocrx_word' id='word_1_633' title='bbox 1777 2176 1863 2202; x_wconf 87' lang='lat' dir='ltr'><strong>statu</strong></span> <span class='ocrx_word' id='word_1_634' title='bbox 1884 2176 2019 2201; x_wconf 85' lang='lat' dir='ltr'><strong>mutata.</strong></span> <span class='ocrx_word' id='word_1_635' title='bbox 2045 2172 2108 2201; x_wconf 87' lang='lat' dir='ltr'><strong>Pro</strong></span> <span class='ocrx_word' id='word_1_636' title='bbox 2131 2170 2292 2200; x_wconf 86' lang='lat' dir='ltr'><strong>altaribus</strong></span> <span class='ocrx_word' id='word_1_637' title='bbox 2317 2175 2350 2200; x_wconf 87' lang='lat' dir='ltr'><strong>et</strong></span> 
     </span>
     <span class='ocr_line' id='line_1_88' title="bbox 1341 2223 2349 2262; baseline -0.002 -7"><span class='ocrx_word' id='word_1_638' title='bbox 1341 2225 1491 2256; x_wconf 73' lang='lat' dir='ltr'><strong>ecclesiis</strong></span> <span class='ocrx_word' id='word_1_639' title='bbox 1518 2226 1587 2255; x_wconf 81' lang='lat' dir='ltr'><strong>sive</strong></span> <span class='ocrx_word' id='word_1_640' title='bbox 1613 2225 1750 2255; x_wconf 85' lang='lat' dir='ltr'><strong>decimis</strong></span> <span class='ocrx_word' id='word_1_641' title='bbox 1778 2225 1908 2260; x_wconf 73' lang='lat' dir='ltr'><strong>vestris,</strong></span> <span class='ocrx_word' id='word_1_642' title='bbox 1934 2224 2017 2253; x_wconf 90' lang='lat' dir='ltr'><strong>nulli</strong></span> <span class='ocrx_word' id='word_1_643' title='bbox 2044 2223 2273 2262; x_wconf 84' lang='lat' dir='ltr'><strong>episcoporum</strong></span> <span class='ocrx_word' id='word_1_644' title='bbox 2297 2224 2349 2253; x_wconf 85' lang='lat' dir='ltr'><strong>sa-</strong></span> 
     </span>
     <span class='ocr_line' id='line_1_89' title="bbox 1339 2275 2349 2316; baseline -0.001 -9"><span class='ocrx_word' id='word_1_645' title='bbox 1339 2278 1444 2309; x_wconf 74' lang='lat' dir='ltr'><strong>cultas</strong></span> <span class='ocrx_word' id='word_1_646' title='bbox 1473 2279 1515 2308; x_wconf 82' lang='lat' dir='ltr'><strong>sit</strong></span> <span class='ocrx_word' id='word_1_647' title='bbox 1545 2286 1722 2316; x_wconf 67' lang='lat' dir='ltr'><strong>gravamen</strong></span> <span class='ocrx_word' id='word_1_648' title='bbox 1756 2277 1847 2306; x_wconf 78' lang='lat' dir='ltr'><strong>vobis</strong></span> <span class='ocrx_word' id='word_1_649' title='bbox 1877 2277 2064 2306; x_wconf 84' lang='lat' dir='ltr'><strong>indebitum</strong></span> <span class='ocrx_word' id='word_1_650' title='bbox 2094 2276 2258 2314; x_wconf 79' lang='lat' dir='ltr'><strong>irrogare,</strong></span> <span class='ocrx_word' id='word_1_651' title='bbox 2291 2275 2349 2306; x_wconf 82' lang='lat' dir='ltr'><strong>sed</strong></span> 
     </span>
     <span class='ocr_line' id='line_1_90' title="bbox 1340 2329 2347 2370; baseline -0.003 -9"><span class='ocrx_word' id='word_1_652' title='bbox 1340 2332 1425 2361; x_wconf 83' lang='lat' dir='ltr'><strong>sicut</strong></span> <span class='ocrx_word' id='word_1_653' title='bbox 1442 2340 1556 2361; x_wconf 86' lang='lat' dir='ltr'><strong>eorum</strong></span> <span class='ocrx_word' id='word_1_654' title='bbox 1572 2331 1791 2370; x_wconf 78' lang='lat' dir='ltr'><strong>permissione</strong></span> <span class='ocrx_word' id='word_1_655' title='bbox 1808 2331 1948 2369; x_wconf 82' lang='lat' dir='ltr'><strong>quedam</strong></span> <span class='ocrx_word' id='word_1_656' title='bbox 1966 2339 2003 2360; x_wconf 78' lang='lat' dir='ltr'><strong>ex</strong></span> <span class='ocrx_word' id='word_1_657' title='bbox 2023 2334 2125 2368; x_wconf 82' lang='lat' dir='ltr'><strong>parte,</strong></span> <span class='ocrx_word' id='word_1_658' title='bbox 2151 2329 2292 2368; x_wconf 85' lang='lat' dir='ltr'><strong>quedam</strong></span> <span class='ocrx_word' id='word_1_659' title='bbox 2309 2338 2347 2358; x_wconf 81' lang='lat' dir='ltr'><strong>ex</strong></span> 
     </span>
     <span class='ocr_line' id='line_1_91' title="bbox 1338 2381 2343 2421; baseline -0.004 -7"><span class='ocrx_word' id='word_1_660' title='bbox 1338 2385 1468 2421; x_wconf 70' lang='lat' dir='ltr'><strong>integro</strong></span> <span class='ocrx_word' id='word_1_661' title='bbox 1504 2384 1682 2418; x_wconf 82' lang='lat' dir='ltr'><strong>habuistis,</strong></span> <span class='ocrx_word' id='word_1_662' title='bbox 1714 2384 1759 2413; x_wconf 88' lang='lat' dir='ltr'><strong>ita</strong></span> <span class='ocrx_word' id='word_1_663' title='bbox 1790 2383 1913 2413; x_wconf 89' lang='lat' dir='ltr'><strong>futuris</strong></span> <span class='ocrx_word' id='word_1_664' title='bbox 1946 2382 2148 2420; x_wconf 85' lang='lat' dir='ltr'><strong>temporibus</strong></span> <span class='ocrx_word' id='word_1_665' title='bbox 2181 2381 2343 2412; x_wconf 80' lang='lat' dir='ltr'><strong>habeatis.</strong></span> 
     </span>
     <span class='ocr_line' id='line_1_92' title="bbox 1339 2435 2346 2474; baseline -0.003 -7"><span class='ocrx_word' id='word_1_666' title='bbox 1339 2438 1494 2467; x_wconf 85' lang='lat' dir='ltr'><strong>Ceterum</strong></span> <span class='ocrx_word' id='word_1_667' title='bbox 1514 2446 1628 2466; x_wconf 85' lang='lat' dir='ltr'><strong>omnes</strong></span> <span class='ocrx_word' id='word_1_668' title='bbox 1651 2436 1789 2466; x_wconf 78' lang='lat' dir='ltr'><strong>ecclesie</strong></span> <span class='ocrx_word' id='word_1_669' title='bbox 1813 2446 1876 2474; x_wconf 84' lang='lat' dir='ltr'><strong>que</strong></span> <span class='ocrx_word' id='word_1_670' title='bbox 1899 2435 2039 2465; x_wconf 84' lang='lat' dir='ltr'><strong>ubilibet</strong></span> <span class='ocrx_word' id='word_1_671' title='bbox 2062 2435 2168 2473; x_wconf 85' lang='lat' dir='ltr'><strong>posite</strong></span> <span class='ocrx_word' id='word_1_672' title='bbox 2189 2439 2267 2465; x_wconf 87' lang='lat' dir='ltr'><strong>sunt</strong></span> <span class='ocrx_word' id='word_1_673' title='bbox 2287 2443 2346 2464; x_wconf 84' lang='lat' dir='ltr'><strong>seu</strong></span> 
     </span>
     <span class='ocr_line' id='line_1_93' title="bbox 1338 2487 2346 2528; baseline -0.004 -8"><span class='ocrx_word' id='word_1_674' title='bbox 1338 2490 1462 2528; x_wconf 86' lang='lat' dir='ltr'><strong>capelle</strong></span> <span class='ocrx_word' id='word_1_675' title='bbox 1500 2494 1607 2519; x_wconf 80' lang='lat' dir='ltr'><strong>vestre</strong></span> <span class='ocrx_word' id='word_1_676' title='bbox 1646 2495 1677 2520; x_wconf 86' lang='lat' dir='ltr'><strong>et</strong></span> <span class='ocrx_word' id='word_1_677' title='bbox 1718 2489 1883 2519; x_wconf 83' lang='lat' dir='ltr'><strong>cimiteria</strong></span> <span class='ocrx_word' id='word_1_678' title='bbox 1918 2488 2023 2518; x_wconf 85' lang='lat' dir='ltr'><strong>libera</strong></span> <span class='ocrx_word' id='word_1_679' title='bbox 2062 2488 2129 2517; x_wconf 88' lang='lat' dir='ltr'><strong>sint</strong></span> <span class='ocrx_word' id='word_1_680' title='bbox 2170 2492 2201 2518; x_wconf 87' lang='lat' dir='ltr'><strong>et</strong></span> <span class='ocrx_word' id='word_1_681' title='bbox 2237 2487 2346 2517; x_wconf 89' lang='lat' dir='ltr'><strong>omnis</strong></span> 
     </span>
     <span class='ocr_line' id='line_1_94' title="bbox 1340 2540 2346 2583; baseline -0.004 -10"><span class='ocrx_word' id='word_1_682' title='bbox 1340 2543 1522 2573; x_wconf 76' lang='lat' dir='ltr'><strong>exactionis</strong></span> <span class='ocrx_word' id='word_1_683' title='bbox 1547 2543 1721 2583; x_wconf 86' lang='lat' dir='ltr'><strong>immunia,</strong></span> <span class='ocrx_word' id='word_1_684' title='bbox 1748 2546 1857 2581; x_wconf 84' lang='lat' dir='ltr'><strong>preter</strong></span> <span class='ocrx_word' id='word_1_685' title='bbox 1883 2550 2057 2571; x_wconf 89' lang='lat' dir='ltr'><strong>censuram</strong></span> <span class='ocrx_word' id='word_1_686' title='bbox 2083 2540 2228 2579; x_wconf 80' lang='lat' dir='ltr'><strong>episcopi</strong></span> <span class='ocrx_word' id='word_1_687' title='bbox 2254 2549 2346 2579; x_wconf 85' lang='lat' dir='ltr'><strong>para-</strong></span> 
     </span>
     <span class='ocr_line' id='line_1_95' title="bbox 1338 2592 2345 2635; baseline -0.004 -9"><span class='ocrx_word' id='word_1_688' title='bbox 1338 2601 1403 2626; x_wconf 89' lang='lat' dir='ltr'><strong>tam</strong></span> <span class='ocrx_word' id='word_1_689' title='bbox 1434 2602 1464 2626; x_wconf 90' lang='lat' dir='ltr'><strong>et</strong></span> <span class='ocrx_word' id='word_1_690' title='bbox 1487 2596 1653 2635; x_wconf 83' lang='lat' dir='ltr'><strong>justitiam</strong></span> <span class='ocrx_word' id='word_1_691' title='bbox 1681 2596 1875 2625; x_wconf 77' lang='lat' dir='ltr'><strong>canonicam</strong></span> <span class='ocrx_word' id='word_1_692' title='bbox 1905 2595 1939 2624; x_wconf 86' lang='lat' dir='ltr'><strong>in</strong></span> <span class='ocrx_word' id='word_1_693' title='bbox 1970 2594 2171 2633; x_wconf 85' lang='lat' dir='ltr'><strong>presbiteros</strong></span> <span class='ocrx_word' id='word_1_694' title='bbox 2200 2593 2258 2632; x_wconf 83' lang='lat' dir='ltr'><strong>qui</strong></span> <span class='ocrx_word' id='word_1_695' title='bbox 2287 2592 2345 2622; x_wconf 88' lang='lat' dir='ltr'><strong>ad·</strong></span> 
     </span>
     <span class='ocr_line' id='line_1_96' title="bbox 1336 2647 2345 2684; baseline -0.005 -5"><span class='ocrx_word' id='word_1_696' title='bbox 1336 2658 1452 2680; x_wconf 83' lang='lat' dir='ltr'><strong>versus</strong></span> <span class='ocrx_word' id='word_1_697' title='bbox 1484 2649 1610 2679; x_wconf 83' lang='lat' dir='ltr'><strong>ordinis</strong></span> <span class='ocrx_word' id='word_1_698' title='bbox 1644 2649 1695 2679; x_wconf 90' lang='lat' dir='ltr'><strong>sui</strong></span> <span class='ocrx_word' id='word_1_699' title='bbox 1732 2648 1929 2679; x_wconf 58' lang='lat' dir='ltr'><strong>ott&#39;ei‘ulerint</strong></span> <span class='ocrx_word' id='word_1_700' title='bbox 1968 2647 2176 2683; x_wconf 63' lang='lat' dir='ltr'><strong>dignitatem.</strong></span> <span class='ocrx_word' id='word_1_701' title='bbox 2208 2647 2244 2676; x_wconf 92' lang='lat' dir='ltr'><strong>In</strong></span> <span class='ocrx_word' id='word_1_702' title='bbox 2272 2655 2345 2684; x_wconf 85' lang='lat' dir='ltr'><strong>par-</strong></span> 
     </span>
     <span class='ocr_line' id='line_1_97' title="bbox 1336 2699 2345 2740; baseline -0.006 -7"><span class='ocrx_word' id='word_1_703' title='bbox 1336 2703 1541 2733; x_wconf 84' lang='lat' dir='ltr'><strong>rochialibus</strong></span> <span class='ocrx_word' id='word_1_704' title='bbox 1567 2712 1642 2731; x_wconf 76' lang='lat' dir='ltr'><strong>vcro</strong></span> <span class='ocrx_word' id='word_1_705' title='bbox 1669 2702 1819 2732; x_wconf 78' lang='lat' dir='ltr'><strong>ecclesiis</strong></span> <span class='ocrx_word' id='word_1_706' title='bbox 1843 2711 1924 2740; x_wconf 82' lang='lat' dir='ltr'><strong>quas</strong></span> <span class='ocrx_word' id='word_1_707' title='bbox 1952 2700 2101 2734; x_wconf 86' lang='lat' dir='ltr'><strong>habetis,</strong></span> <span class='ocrx_word' id='word_1_708' title='bbox 2128 2699 2226 2729; x_wconf 85' lang='lat' dir='ltr'><strong>liceat</strong></span> <span class='ocrx_word' id='word_1_709' title='bbox 2250 2699 2345 2728; x_wconf 84' lang='lat' dir='ltr'><strong>vobis</strong></span> 
     </span>
     <span class='ocr_line' id='line_1_98' title="bbox 1335 2752 2343 2790; baseline -0.007 -4"><span class='ocrx_word' id='word_1_710' title='bbox 1335 2766 1394 2787; x_wconf 88' lang='lat' dir='ltr'><strong>seu</strong></span> <span class='ocrx_word' id='word_1_711' title='bbox 1424 2756 1584 2785; x_wconf 82' lang='lat' dir='ltr'><strong>fratribus</strong></span> <span class='ocrx_word' id='word_1_712' title='bbox 1610 2755 1729 2785; x_wconf 74' lang='lat' dir='ltr'><strong>vestris</strong></span> <span class='ocrx_word' id='word_1_713' title='bbox 1756 2755 1943 2785; x_wconf 84' lang='lat' dir='ltr'><strong>sacerdotes</strong></span> <span class='ocrx_word' id='word_1_714' title='bbox 1966 2753 2088 2790; x_wconf 71' lang='lat' dir='ltr'><strong>eligere</strong></span> <span class='ocrx_word' id='word_1_715' title='bbox 2112 2757 2143 2782; x_wconf 90' lang='lat' dir='ltr'><strong>et</strong></span> <span class='ocrx_word' id='word_1_716' title='bbox 2167 2752 2343 2782; x_wconf 81' lang='lat' dir='ltr'><strong>diocesano</strong></span> 
     </span>
     <span class='ocr_line' id='line_1_99' title="bbox 1336 2804 2343 2847; baseline -0.007 -8"><span class='ocrx_word' id='word_1_717' title='bbox 1336 2810 1488 2847; x_wconf 83' lang='lat' dir='ltr'><strong>episcopo</strong></span> <span class='ocrx_word' id='word_1_718' title='bbox 1516 2813 1725 2846; x_wconf 84' lang='lat' dir='ltr'><strong>presentare;</strong></span> <span class='ocrx_word' id='word_1_719' title='bbox 1749 2807 1881 2846; x_wconf 75' lang='lat' dir='ltr'><strong>quibus,</strong></span> <span class='ocrx_word' id='word_1_720' title='bbox 1906 2807 1934 2836; x_wconf 87' lang='lat' dir='ltr'><strong>si</strong></span> <span class='ocrx_word' id='word_1_721' title='bbox 1959 2805 2071 2835; x_wconf 89' lang='lat' dir='ltr'><strong>idonei</strong></span> <span class='ocrx_word' id='word_1_722' title='bbox 2091 2804 2227 2840; x_wconf 83' lang='lat' dir='ltr'><strong>fuerint,</strong></span> <span class='ocrx_word' id='word_1_723' title='bbox 2254 2804 2343 2842; x_wconf 84' lang='lat' dir='ltr'><strong>epis-</strong></span> 
     </span>
     <span class='ocr_line' id='line_1_100' title="bbox 1335 2855 2343 2900; baseline -0.007 -8"><span class='ocrx_word' id='word_1_724' title='bbox 1335 2871 1436 2900; x_wconf 84' lang='lat' dir='ltr'><strong>copus</strong></span> <span class='ocrx_word' id='word_1_725' title='bbox 1451 2871 1562 2891; x_wconf 88' lang='lat' dir='ltr'><strong>curam</strong></span> <span class='ocrx_word' id='word_1_726' title='bbox 1584 2861 1770 2890; x_wconf 60' lang='lat' dir='ltr'><strong>anin‘iarum</strong></span> <span class='ocrx_word' id='word_1_727' title='bbox 1792 2859 1974 2890; x_wconf 87' lang='lat' dir='ltr'><strong>committat</strong></span> <span class='ocrx_word' id='word_1_728' title='bbox 1991 2862 2025 2887; x_wconf 88' lang='lat' dir='ltr'><strong>ut</strong></span> <span class='ocrx_word' id='word_1_729' title='bbox 2048 2858 2076 2887; x_wconf 88' lang='lat' dir='ltr'><strong>ei</strong></span> <span class='ocrx_word' id='word_1_730' title='bbox 2098 2857 2137 2887; x_wconf 89' lang='lat' dir='ltr'><strong>de</strong></span> <span class='ocrx_word' id='word_1_731' title='bbox 2157 2855 2343 2895; x_wconf 88' lang='lat' dir='ltr'><strong>spirituali-</strong></span> 
     </span>
     <span class='ocr_line' id='line_1_101' title="bbox 1336 2909 2340 2951; baseline -0.007 -7"><span class='ocrx_word' id='word_1_732' title='bbox 1336 2915 1409 2950; x_wconf 83' lang='lat' dir='ltr'><strong>bus,</strong></span> <span class='ocrx_word' id='word_1_733' title='bbox 1428 2915 1522 2945; x_wconf 80' lang='lat' dir='ltr'><strong>vobis</strong></span> <span class='ocrx_word' id='word_1_734' title='bbox 1540 2924 1614 2943; x_wconf 75' lang='lat' dir='ltr'><strong>vcro</strong></span> <span class='ocrx_word' id='word_1_735' title='bbox 1633 2913 1671 2943; x_wconf 86' lang='lat' dir='ltr'><strong>de</strong></span> <span class='ocrx_word' id='word_1_736' title='bbox 1694 2912 1942 2951; x_wconf 83' lang='lat' dir='ltr'><strong>temporalibus,</strong></span> <span class='ocrx_word' id='word_1_737' title='bbox 1967 2911 2107 2940; x_wconf 86' lang='lat' dir='ltr'><strong>debeant</strong></span> <span class='ocrx_word' id='word_1_738' title='bbox 2129 2909 2340 2948; x_wconf 80' lang='lat' dir='ltr'><strong>respondere.</strong></span> 
     </span>
    </p>
   </div>
   <div class='ocr_carea' id='block_1_6' title="bbox 2441 1985 2498 3325">
    <p class='ocr_par' dir='ltr' id='par_1_8' title="bbox 2441 1985 2498 3325">
     <span class='ocr_line' id='line_1_102' title="bbox 2441 1985 2498 3325; baseline 0 0"><span class='ocrx_word' id='word_1_739' title='bbox 2441 1985 2498 3325; x_wconf 95' lang='lat' dir='ltr'><strong> </strong></span> 
     </span>
    </p>
   </div>
  </div>
 </body>
</html>
