2441 3330
149 228 205 257 104

146 883 160 898 S
146 778 160 793 3
146 725 160 740 θ
146 672 160 688 ὅ
146 619 160 634 υ
146 567 160 582 8
146 515 160 530 :s
146 409 160 424 t!

147 1255 161 1271 δ
147 1201 161 1217 5
147 1149 160 1164 ὅ
146 1095 160 1111 υ
146 1043 160 1058 ³
146 989 160 1005 ὅ

147 1414 160 1429 ))

147 1467 160 1482 ))

148 1520 161 1535 ))

148 1625 161 1640 ))

147 1678 160 1693 b

146 1836 158 1851 ))

145 1943 157 1957 ))

144 1997 157 2011 D

144 2049 157 2064 ))

142 2102 156 2116 ))

142 2208 155 2221 ))

141 2314 154 2327 ))

140 2366 154 2380 ))

140 2472 153 2485 ))

140 2524 153 2538 ))

140 2576 153 2590 υ

139 2629 152 2643 ))

139 2734 152 2748 ))

139 2786 152 2801 ))

139 2839 151 2853 ))

186 300 261 321 nem
283 291 324 321 ab
345 300 412 321 uno
433 301 564 331 quoque
589 293 754 323 sociorum
775 294 930 324 denarios
953 298 1094 333 quatuor
1116 293 1157 324 ad

185 344 238 374 sui
257 344 532 374 sustentationem
552 345 682 381 habeat,
701 355 741 376 ne
756 350 889 385 propter
904 347 1051 385 inopiam
1067 356 1156 378 men-

184 396 294 427 dicare
314 401 460 435 cogatur.

187 461 200 476 »
220 451 303 480 Item
319 449 348 479 si
365 450 440 488 quis
453 450 492 480 de
509 451 665 482 societate
679 461 781 482 sanus
797 461 917 490 magna
932 462 1067 491 pressus
1083 454 1156 484 fue-

185 502 228 532 rit
255 503 454 533 necessitate
477 507 532 533 aut
557 513 621 534 non
647 504 762 534 hahuit
785 505 872 535 unde
894 514 928 536 se
951 505 1058 536 valeat
1081 515 1156 536 sus-

185 559 323 590 tentare,
340 560 371 586 et
385 556 413 586 si
425 555 552 595 aliquid
564 557 603 587 de
620 558 853 588 communiere
867 567 926 596 pro
939 558 1089 588 subsidio
1103 559 1156 589 sui

185 607 307 638 habere
324 608 475 645 voluerit,
494 609 653 648 qualitate
670 619 819 648 persone,
839 611 963 648 negotii
984 615 1014 641 et
1030 615 1156 650 tempo-

184 661 232 691 ris
248 661 407 699 inspecta,
425 671 443 691 a
460 662 644 692 rectoribus
661 663 829 693 societatis
846 663 887 693 ad
907 667 1035 702 tempus
1048 664 1155 695 eidem

185 714 397 752 provideatur
423 715 541 744 idonea
567 719 676 745 tamen
710 716 889 746 securitate
921 721 1052 755 recepta
1081 726 1155 748 cum

185 766 324 796 consilio
342 776 477 797 suorum
493 768 756 798 consiliatorum.

187 830 199 845 1)
223 819 316 855 Item,
342 819 370 849 si
396 820 471 858 quis
498 820 537 850 de
563 821 663 850 sociis
680 821 879 852 discordiam
903 822 1058 853 habuerit
1081 832 1154 853 cuni

184 871 248 901 alio
269 872 308 902 de
329 873 618 909 confraternitate,
639 874 746 912 primo
768 874 860 905 illam
881 875 951 906 suis
971 876 1155 906 rectoribus

185 924 382 956 denuntiare
398 929 550 957 teneatur
566 927 656 957 eteis
672 937 746 958 cum
760 937 819 958 suo
835 929 1025 959 adversario
1041 938 1155 960 sccun-

185 978 263 1008 dum
290 979 453 1009 rationem
475 980 608 1010 obedire
633 990 690 1019 per
714 982 826 1011 onmia
850 992 856 1011 ε
881 982 968 1020 quod
994 983 1022 1011 si
1046 983 1155 1012 facere

185 1033 455 1071 contempserint,
471 1037 520 1063 ter
536 1043 554 1063 a
569 1035 753 1065 rectoribus
769 1035 890 1065 citetur
905 1041 940 1066 ut
954 1036 1082 1072 veniat;
1098 1036 1155 1074 qui

185 1084 213 1114 si
230 1085 344 1115 venire
358 1090 389 1115 et
404 1085 537 1116 obedire
554 1087 708 1122 noluerit,
725 1088 767 1117 sit
784 1092 875 1117 extra
891 1088 1082 1118 societatem
1098 1089 1156 1119 do-

186 1146 246 1167 nec
268 1138 404 1168 redierit
426 1139 466 1169 ad
489 1140 752 1170 satisfactionem
774 1141 955 1170 secundum
980 1141 1155 1171 arbitrium

186 1195 351 1221 rectorum
367 1195 398 1221 et
410 1192 588 1222 eorundem
603 1193 752 1228 consilii;
767 1193 925 1223 obediens
936 1203 1042 1224 veroa
1055 1194 1156 1224 socie-

187 1247 251 1273 tate
264 1244 400 1282 juvetur
416 1254 474 1282 pro
490 1254 596 1283 posse.

188 1309 201 1323 »
222 1298 305 1326 Item
327 1306 385 1335 pro
406 1306 565 1328 succursu
585 1299 684 1329 Terre
710 1299 840 1335 Sancte,
858 1299 898 1329 ad
920 1309 1018 1338 quem
1041 1310 1156 1332 omnes

185 1350 370 1381 Christiani
383 1360 441 1388 pro
458 1360 592 1381 suorum
604 1356 813 1390 peccatorum
828 1353 1026 1384 remissione
1042 1355 1156 1385 venire

186 1403 339 1432 nituntur
352 1407 383 1433 et
401 1412 458 1440 pro
474 1403 599 1434 honore
616 1404 784 1435 societatis
800 1409 831 1435 et
845 1414 902 1436 sue
918 1415 1070 1444 persone,
1086 1408 1155 1446 qui-

185 1455 266 1485 lihet
286 1456 325 1485 de
347 1456 503 1486 societate
520 1466 612 1487 arma
630 1461 781 1487 teneatur
800 1457 923 1489 habere
945 1459 983 1489 de
999 1460 1154 1498 propriis,

186 1508 214 1538 si
228 1509 348 1546 poterit
364 1513 395 1538 et
410 1509 592 1540 secundum
609 1519 705 1540 suum
722 1515 855 1547 statum,
870 1516 967 1550 prout
983 1522 1020 1542 ea
1035 1513 1155 1544 melius

186 1561 315 1591 noverit
337 1571 500 1592 exercere.
520 1562 694 1601 Alioquin,
714 1564 742 1593 si
764 1563 886 1594 hahere
906 1574 970 1594 non
986 1566 1107 1603 poterit
1124 1570 1156 1596 ct

187 1622 277 1643 arma
294 1614 418 1644 suerint
434 1615 468 1643 in
485 1615 641 1646 societate
662 1615 713 1645 vel
733 1616 809 1646 inde
831 1617 894 1647 01111
912 1617 1058 1654 valeant,
1077 1628 1155 1648 con-

185 1667 344 1696 cedantur
372 1668 402 1697 ei
433 1668 563 1706 quando
599 1669 820 1706 proficiscitur
856 1674 970 1700 contra
999 1671 1154 1702 inimicos

184 1719 353 1755 Crucifixi,
372 1721 400 1750 si
418 1720 573 1750 vexillum
590 1722 758 1751 societatis
773 1727 906 1753 secutus
922 1724 1023 1754 fuerit
1040 1728 1069 1754 et
1087 1729 1154 1754 sta-

184 1772 244 1801 tim
259 1777 331 1810 post
354 1773 424 1812 ejus
447 1774 672 1804 reversionem
694 1784 785 1804 arma
800 1776 947 1813 predicta
969 1777 1153 1807 rectoribus

184 1825 348 1855 restituat.

187 1889 199 1904 »
221 1879 343 1908 Verum
365 1878 443 1917 quia
459 1879 605 1916 predicta
626 1880 698 1910 sine
721 1881 874 1918 expensis
895 1882 967 1911 fieri
990 1891 1055 1912 non
1078 1892 1154 1921 pos-

183 1935 271 1966 sunt,
293 1931 444 1961 volumus
464 1932 550 1970 quod
566 1932 767 1971 quicumque
784 1933 869 1963 hanc
885 1935 1060 1965 intraverit
1075 1945 1153 1966 con—

182 1985 425 2015 fraternitatem
440 1986 624 2015 rectoribus
641 1987 788 2025 ejusdem
805 1987 855 2017 vel
869 1997 983 2018 eorum
999 1990 1153 2019 mandato

182 2046 239 2075 pro
260 2038 397 2067 introitu
415 2038 583 2068 societatis
605 2039 758 2069 denarios
774 2040 840 2070 XII
859 2040 985 2071 solvere
1003 2046 1154 2072 teneatur

182 2094 213 2120 et
228 2100 286 2128 pro
304 2091 426 2119 tributo
448 2091 528 2120 duos
552 2091 674 2121 solidos
693 2092 840 2130 quolibet
860 2103 947 2123 anno
968 2094 1002 2123 in
1024 2094 1152 2125 duobus

181 2143 344 2177 terminis,
366 2143 493 2173 seilicet
518 2144 551 2172 in
572 2144 753 2174 Nativitate
776 2146 909 2175 Domini
928 2147 1149 2184 medietatem,

181 2195 279 2225 aliam
297 2205 373 2225 vero
391 2197 600 2227 medietatem
618 2198 651 2226 in
670 2199 771 2228 Pasca
790 2200 1067 2231 Ilesurmrtionis.

182 2260 194 2275 n
228 2250 308 2278 Item
335 2250 363 2279 si
393 2250 468 2288 quis
494 2251 657 2280 sociorum
686 2252 768 2281 citra
796 2262 886 2282 mare
914 2253 1093 2284 decesserit
1121 2259 1152 2285 et

180 2303 321 2332 maxime
340 2303 395 2331 ubi
412 2303 512 2333 suerit
524 2305 779 2334 confraternitas
793 2305 842 2335 vel
859 2307 962 2344 major
977 2316 1052 2344 pars
1066 2308 1148 2346 ejus,

181 2355 331 2384 societati
348 2355 536 2394 relinquere
552 2362 703 2386 teneatur
718 2357 878 2388 bizantios
895 2360 986 2389 111101'
1003 2369 1150 2390 sarrace-

182 2417 241 2436 nos
259 2408 285 2436 si
303 2408 420 2445 poterit
443 2418 499 2446 pro
523 2418 581 2439 suo
604 2411 740 2439 servitio
764 2411 929 2445 faciendo3
954 2413 1041 2451 quod
1060 2413 1088 2443 si
1105 2418 1150 2443 tot

180 2459 370 2498 relinquere
388 2470 451 2489 nnn
467 2462 596 2499 poterit,
615 2463 715 2492 faciat
732 2464 912 2493 seeundum
928 2474 1023 2494 suum
1040 2475 1147 2503 posse.

182 2513 322 2550 Insuper
338 2513 502 2552 relinquat
521 2514 631 2553 aliqua
648 2515 687 2545 (10
707 2516 777 2545 suis
799 2517 900 2546 armis
918 2518 1022 2547 eidem
1044 2519 1149 2549 socic-

180 2565 238 2594 tati
254 2575 312 2603 pro
330 2567 475 2596 remedio
493 2576 550 2596 sue
569 2568 690 2597 anime.
710 2569 741 2597 Si
759 2579 834 2599 vero
849 2570 935 2599 ultra
953 2580 1041 2601 mare
1059 2575 1149 2601 tran-

180 2617 285 2653 sierit,
304 2618 460 2648 similiter
474 2629 532 2657 pro
549 2621 694 2649 remedio
707 2631 764 2650 sne
781 2622 890 2651 anime
902 2623 1012 2662 aliqua
1028 2624 1066 2654 de
1079 2625 1148 2655 suis

179 2671 279 2699 armis
313 2671 462 2701 societati
490 2672 656 2703 dimittere
689 2678 839 2703 teneatur
866 2680 894 2705 et
926 2686 983 2713 pro
1013 2686 1148 2707 suorum

178 2727 386 2760 peccatorum
404 2725 611 2761 remissione,
628 2730 657 2755 et
673 2735 746 2756 cum
761 2728 861 2758 suerit
877 2728 963 2758 ultra
978 2738 1082 2762 mare,
1101 2730 1148 2759 1111

179 2779 329 2805 teneatur
346 2776 431 2806 sient
448 2777 499 2807 liic
516 2778 554 2806 dc
573 2779 694 2808 tributo
711 2780 878 2813 solvendo,
899 2781 1048 2811 videlicet
1067 2783 1147 2812 duos

179 2828 300 2857 solides
317 2838 374 2866 per
390 2830 567 2867 quemlihet
587 2842 710 2861 annum
727 2837 758 2862 et
774 2833 808 2861 in
822 2835 887 2863 tine
904 2834 969 2863 vite
984 2844 1041 2864 sue
1059 2837 1086 2865 V
1099 2845 1147 2865 so-

178 2880 262 2910 lidos
280 2891 361 2919 quos
377 2883 576 2920 quamcitius
594 2885 712 2921 poterit
729 2886 912 2916 resim-ihus
929 2887 1074 2926 ejusdem
1095 2898 1147 2917 so-

1241 303 1254 318 5)

1241 356 1254 371 i)

1240 409 1254 424 ))

1240 462 1253 477 ))

1240 515 1253 530 ))

1240 568 1253 583 ))

1240 622 1253 636 D

1240 728 1253 743 5)

1240 781 1253 795 ))

1240 834 1253 848 ))

1240 888 1253 902 J)

1240 940 1253 954 ))

1240 992 1253 1007 1)

1240 1100 1253 1114 ))

1240 1152 1253 1166 1²

1240 1258 1253 1272 ))

1241 1310 1253 1325 Ι)

1240 1363 1253 1377 ))

1240 1416 1253 1430 ))

1240 1469 1253 1483 1)

1240 1522 1253 1536 ))

1240 1575 1252 1590 ))

1239 1629 1252 1643 ))

1239 1682 1252 1697 ))

1239 1736 1251 1750 >3

1239 1789 1251 1803 i)

1239 1843 1250 1856 >2

1238 1948 1250 1962 ))

1238 2001 1250 2015 ))

1237 2054 1250 2068 ὶ)

1238 2107 1250 2121 ))

1237 2160 1249 2175 ))

1237 2213 1249 2227 ))

1236 2268 1248 2282 ))

1236 2374 1248 2387 ))

1236 2426 1247 2440 1)

1235 2480 1247 2493 D

1235 2585 1246 2598 ))

1234 2638 1246 2651 ))

1234 2690 1245 2703 ))

1234 2743 1245 2757 ))

1233 2798 1245 2810 i)

1232 2902 1244 2915 ))

871 227 1111 258 REGISTRES
1133 225 1442 257 D’ALEXANDRE
1464 227 1520 257 IV.

1279 292 1410 322 cietatis
1434 302 1492 331 per
1516 292 1646 323 fidelem
1669 293 1836 329 nuntium,
1860 293 1889 323 si
1913 293 2094 328 invenerit,
2117 294 2251 325 mittere

1279 345 1488 383 procurabit3
1509 346 1596 385 quod
1612 346 1640 376 si
1654 346 1763 376 facere
1779 354 1845 376 non
1867 346 2003 385 poterit,
2025 346 2145 377 missas
2163 346 2250 377 cele-

1278 397 1374 428 brare
1400 402 1431 428 et
1458 398 1658 429 elemosinas
1689 399 1762 430 fieri
1795 399 1907 429 faciat.
1941 400 1988 429 De
2019 408 2057 430 eo
2081 399 2169 438 quod
2195 408 2250 430 so-

1279 450 1390 480 cietati
1417 451 1548 482 mittere
1570 456 1713 487 tenetur,
1742 451 1897 482 videlicet
1920 460 1978 490 pro
2000 460 2060 481 sua
2082 451 2193 482 anima
2217 455 2250 482 et

1279 504 1454 534 animabus
1465 505 1613 535 omnium
1628 506 1831 535 confratrum
1843 509 2030 535 nostrorum
2041 504 2249 543 aliorumque

1278 557 1426 587 fidelium
1449 557 1697 593 defunctorum,
1719 562 1755 588 ut
1774 559 1864 588 Deus
1882 561 2073 596 augmentet
2093 561 2124 587 et
2139 561 2249 587 servet

1278 609 1364 640 hanc
1380 611 1698 642 confraternitatem.

1281 675 1293 690 1>
1319 664 1402 693 Item
1428 663 1457 693 si
1480 664 1556 702 quis
1579 664 1743 694 sociorum
1767 663 1947 694 decesserit
1971 662 2058 693 ultra
2079 672 2169 693 mare
2195 661 2249 693 vel

1279 716 1371 751 alibi,
1390 720 1542 746 teneatur
1557 716 1643 746 diem
1661 716 1771 747 obitus
1789 716 1841 746 sui
1862 716 1957 746 nobis
1974 716 2082 746 facere
2098 714 2248 745 intimari

1278 769 1479 808 quamcitius
1503 769 1575 799 lieri
1594 769 1724 807 poterit,
1749 773 1785 799 ut
1804 768 1969 799 scribatur
1989 777 2108 798 nomen
2125 768 2196 808 ejus
2212 767 2247 798 in

1278 821 1453 851 matricula
1477 822 1709 851 defunctorum
1730 822 1887 857 fratrum,
1913 821 1991 860 quia
2013 830 2072 851 nos
2097 825 2249 852 tenemur

1279 875 1386 905 facere
1404 875 1539 904 missam
1556 874 1745 913 specialiter
1760 884 1818 914 pro
1833 884 1871 906 eo
1886 874 2059 910 celebrari,
2074 879 2249 914 postquam

1278 928 1492 963 sciverimus,
1517 932 1548 958 et
1573 937 1708 958 exorare
1731 937 1790 966 pro
1817 936 1854 958 eo
1882 931 1913 958 et
1937 927 2046 958 dicere
2069 928 2137 958 XII
2162 933 2252 966 pater

1277 986 1388 1010 noster.
1523 1013 1528 1020 ,

1280 1046 1293 1061 »
1314 1035 1397 1064 Item
1419 1038 1570 1064 tenemur
1591 1043 1667 1064 eum
1685 1034 1833 1065 relevare
1851 1043 1870 1064 a
1892 1043 1976 1073 pena
1998 1033 2199 1073 purgatorii,
2219 1032 2250 1064 si

1279 1087 1350 1126 ejus
1366 1096 1484 1125 penam
1502 1087 1597 1117 nohis
1616 1088 1732 1128 fecerit
1752 1088 1922 1123 intimari,
1945 1091 1976 1118 et
1996 1096 2069 1118 eam
2084 1087 2172 1117 inter
2188 1095 2248 1117 nos

1278 1149 1392 1170 omnes
1409 1140 1568 1170 dividere.

1281 1205 1293 1219 ³>
1319 1194 1401 1223 Item
1421 1193 1573 1223 volumus
1597 1193 1685 1232 quod
1704 1202 1778 1224 cum
1803 1193 1926 1232 aliquis
1951 1193 2116 1224 sociorum
2137 1193 2250 1232 dispo-

1279 1255 1356 1276 nere
1377 1246 1516 1276 voluerit
1533 1246 1571 1276 de
1588 1246 1658 1277 suis
1674 1246 1774 1277 rebus
1789 1247 1824 1276 in
1838 1246 1905 1277 vita
1920 1246 1972 1276 vel
1988 1247 2023 1276 in
2038 1250 2157 1281 morte,
2176 1254 2249 1276 rec-

1278 1302 1366 1328 tores
1383 1298 1433 1328 vel
1452 1298 1598 1337 aliquem
1619 1308 1655 1329 ex
1675 1299 1723 1329 cis
1742 1308 1857 1330 vocare
1878 1303 2040 1332 tencatur,
2059 1299 2088 1329 si
2107 1298 2246 1338 poterit;

1278 1355 1309 1381 et
1323 1351 1351 1381 si
1368 1360 1432 1381 nou
1447 1352 1583 1390 poterit,
1605 1352 1734 1391 aliquos
1752 1352 1804 1382 vel
1820 1352 1966 1391 aliquem
1984 1352 2022 1381 de
2040 1360 2153 1382 eorum
2169 1360 2248 1382 con-

1279 1404 1470 1440 siliatoriis;
1491 1404 1623 1434 demum
1642 1405 1670 1434 si
1690 1405 1729 1435 de
1753 1404 1911 1443 predictis
1928 1404 2051 1435 habere
2069 1413 2135 1435 non
2156 1408 2250 1443 pote-

1277 1457 1337 1493 rit,
1358 1457 1479 1487 habeat
1494 1467 1576 1496 quos
1594 1457 1645 1487 vel
1661 1466 1759 1496 quem
1776 1457 1815 1488 de
1827 1457 1926 1488 sociis
1942 1457 2094 1487 invenire
2107 1457 2246 1493 valebit;

1279 1509 1427 1549 alioquin
1455 1511 1637 1540 secundum
1665 1510 1752 1549 quod
1777 1510 1897 1549 poterit
1921 1510 2036 1546 saciat,
2061 1510 2152 1540 salvo
2172 1510 2248 1550 jure

1277 1564 1468 1594 confi-atrie.
1482 1565 1547 1594 Res
1562 1568 1670 1594 autem
1689 1568 1719 1594 et
1730 1563 1893 1593 familiam
1907 1563 2084 1593 confratris
2099 1563 2249 1593 defuncti

1277 1621 1421 1647 rectores
1433 1617 1576 1647 habeant
1588 1618 1622 1646 in
1632 1617 1782 1647 custodia
1793 1621 1823 1647 et
1834 1621 2009 1647 teneantur
2021 1616 2096 1646 illas
2106 1615 2249 1646 fideliter

1276 1680 1464 1709 procurare,
1483 1671 1664 1701 secundum
1681 1670 1768 1710 quod
1784 1670 1927 1709 poterint
1943 1674 1974 1700 et
1991 1670 2136 1700 viderint
2151 1678 2249 1708 expe-

1277 1723 1362 1759 dire,
1385 1733 1458 1753 cum
1482 1723 1621 1753 consilio
1649 1728 1757 1754 tamen
1780 1732 1916 1753 suorum
1941 1723 2191 1753 consiliatorum
2216 1726 2248 1753 et

1277 1785 1390 1806 eorum
1408 1786 1490 1815 quos
1508 1786 1618 1805 seeum
1636 1776 1777 1806 voluerit
1793 1785 1866 1806 esse
1882 1776 2073 1810 defunctus,
2093 1775 2159 1805 nisi
2175 1775 2248 1813 ipse

1276 1829 1452 1859 defunctus
1469 1839 1621 1868 expresse
1638 1829 1686 1859 eis
1704 1829 1924 1868 prohibuerit.

1279 1895 1291 1908 »
1310 1883 1450 1920 Insuper
1466 1882 1617 1911 volumus
1635 1882 1732 1921 quod,
1748 1882 1775 1911 si
1791 1881 1912 1920 aliquis
1924 1881 1963 1911 de
1975 1881 2246 1911 confraternitate

1276 1940 1389 1965 nostra
1406 1936 1593 1965 infirmatus
1607 1935 1708 1965 suerit
1722 1935 1754 1964 in
1771 1939 1836 1964 toto
1852 1944 1953 1971 regno
1971 1934 2067 1973 Syrie
2083 1938 2113 1963 ct
2130 1933 2248 1964 fecerit

1276 1998 1310 2019 se
1330 1989 1453 2027 portari
1471 1998 1528 2026 pro
1549 1988 1759 2018 convenienti
1776 1987 1884 2026 precio
1902 1988 1936 2016 in
1954 1987 2024 2017 loco
2045 1986 2100 2016 ubi
2114 1987 2247 2016 confra-

1277 2042 1414 2071 ternitas
1429 2046 1495 2071 tota
1508 2041 1557 2071 vel
1575 2042 1678 2080 major
1689 2050 1764 2079 pars
1781 2041 1892 2070 suerit.
1911 2044 2087 2070 teneantur
2097 2039 2246 2079 ejusdem

1275 2095 1440 2125 confi-arie
1458 2099 1602 2124 re‹·toi·es
1619 2103 1675 2132 pro
1692 2103 1728 2124 eo
1745 2093 1871 2124 solvere
1888 2093 1926 2123 de
1946 2092 2113 2122 communi
2128 2101 2197 2127 ere,
2215 2091 2244 2122 si

1275 2158 1356 2187 opus
1373 2149 1489 2179 suerit.
1508 2153 1538 2178 et
1559 2148 1676 2178 exinde
1699 2157 1753 2178 sex
1776 2147 1930 2177 denarios
1950 2156 2006 2184 pro
2029 2145 2176 2185 quolibet
2190 2145 2244 2175 die

1274 2201 1382 2231 eidem
1398 2202 1474 2231 dare.
1490 2206 1629 2231 tenetur.
1646 2201 1731 2231 sieut
1747 2201 1779 2229 in
1798 2200 1961 2238 superiori
1978 2199 2121 2238 capitulo
2138 2198 2244 2229 conti-

1273 2260 1379 2285 netur.

1275 2320 1288 2334 »
1308 2309 1389 2337 Item
1409 2307 1447 2337 de
1470 2307 1626 2345 predictis
1646 2306 1801 2335 omnibus
1822 2310 1966 2335 rectores
1988 2309 2163 2335 teneantur
2182 2304 2242 2334 ha-

1272 2361 1350 2391 here
1369 2360 1608 2399 providentiam
1626 2360 1710 2389 hona
1735 2359 1796 2389 tide
1819 2359 2039 2389 communiter
2057 2363 2154 2397 atque
2171 2357 2242 2388 sin-

1273 2414 1433 2451 gulariter
1448 2422 1505 2452 pro
1521 2422 1633 2451 posse.
1655 2417 1749 2450 prout
1770 2412 1889 2441 melius
1911 2411 2053 2441 viderint
2076 2410 2239 2449 expedire,

1272 2476 1345 2496 cum
1362 2466 1501 2496 consilio
1519 2466 1768 2495 consiliatorum
1785 2465 1883 2495 istius
1899 2463 2194 2494 confraternitatis.

1275 2532 1287 2546 ι)
1303 2519 1455 2558 Capitula
1468 2518 1702 2557 suprascrilita,
1722 2518 1834 2547 divina
1847 2517 1953 2555 gratia
1968 2516 2153 2555 inspirante
2167 2520 2240 2546 acta

1272 2573 1364 2602 fuere
1382 2573 1490 2602 Areon
1504 2595 1510 2606 ,
1531 2580 1618 2601 anno
1634 2571 1797 2599 dominice
1819 2569 2004 2600 nativitatis
2023 2568 2240 2600 M⁰CC⁰X⁰VI⁰

1272 2625 1324 2655 (110
1344 2626 1571 2658 Pentecostes,
1595 2624 1776 2653 indictione
1801 2624 1898 2657 111112,
1922 2622 2161 2660 1·eguanta(sic)
2181 2621 2238 2651 do-

1272 2678 1360 2708 mino
1376 2678 1528 2707 ¹Iohanne
1545 2677 1662 2706 comite
1679 2677 1822 2711 Brenne,
1842 2685 1918 2713 rege
1935 2675 2061 2705 decimo
2078 2673 2239 2705 Jcrosoli-

1270 2731 1406 2760 mitano.
1426 2732 1462 2760 In
1483 2729 1615 2759 nomine
1634 2729 1741 2759 Patris
1763 2733 1792 2759 et
1812 2729 1873 2758 11111
1893 2732 1923 2758 et
1946 2727 2089 2766 Spiritus
2111 2727 2234 2762 Sancti,

1270 2785 1386 2813 Amen.

1273 2850 1284 2863 »
1303 2838 1370 2866 Nos
1392 2841 1534 2866 rectores
1555 2835 1838 2865 confraternitatis
1861 2835 1930 2864 sive
1955 2833 2123 2864 societatis
2142 2840 2236 2871 pere-

1270 2890 1440 2927 grinorum
1467 2889 1573 2919 Ytalic
1592 2889 1744 2928 juramus
1765 2892 1801 2918 et'
1816 2887 2039 2926 promittimus
2064 2886 2148 2915 hona
2173 2884 2234 2914 fide
