2498 3325
197 250 256 280 200
925 249 1164 281 REGISTRES
1185 247 1492 279 D'ALEXANDRE
1514 250 1572 280 IV.

202 328 214 341 »
240 315 281 345 tis
294 315 476 345 honoribus
488 320 519 345 et
535 316 662 346 divitiis
673 316 852 351 derelictis,
869 320 1058 346 sanctorum
1071 316 1206 345 Patrum

202 380 214 393 »
239 367 393 397 nituntur
415 368 510 406 sequi
528 368 669 406 vestigia
685 368 719 397 in
739 368 889 398 veritatis
903 368 1023 406 spiritu
1039 372 1069 397 et
1090 366 1207 397 habitu

202 434 213 446 »
238 421 454 459 paupertatis,
472 421 550 451 ordo
567 421 662 451 detur
679 426 709 452 et
724 426 813 451 certa
828 420 942 459 regula
958 430 1023 459 qua
1036 424 1205 458 regantur,

201 486 214 499 »
239 482 296 511 per
317 482 416 512 qnam
436 474 536 504 etiam
555 474 618 504 sibi
641 479 671 504 et
695 474 770 504 aliis
792 474 965 512 proficiant
991 474 1030 503 ad
1052 473 1205 503 salutem.

201 538 214 552 ›>
240 526 322 556 Cum
341 526 445 564 igitur
461 526 573 557 dilecti
587 527 647 556 11111
667 550 699 562 ..,
715 532 822 557 rector
838 531 869 557 et
885 528 1004 557 fratres
1018 526 1207 557 Penitentie

202 591 214 604 ›>
239 578 346 609 ι1110511
375 578 517 614 Christi,
549 579 829 610 abrenunciantes
866 579 1070 609 vanitatibus
1106 578 1206 618 hujus

202 643 214 656 υ
240 631 355 661 01110111
372 636 404 662 et
419 632 574 661 omnibus
590 632 718 670 pompis
735 633 806 671 eJus
825 632 1014 662 desiderent
1034 631 1096 661 sub
1118 631 1208 662 beati

201 695 214 709 ³>
238 684 419 721 Augustini
442 684 555 722 regula
575 685 679 723 patris
694 684 860 715 luminum
876 685 998 720 vivere,
1021 684 1159 723 obsequi
1176 688 1207 714 et

202 748 214 762 »
238 736 346 766 facere
367 737 551 775 penitentie
569 737 686 774 dignos
699 738 839 771 fructus,
862 746 936 767 cum
953 737 1037 767 nulli
1058 736 1207 775 regulam

202 802 214 815 »
239 789 449 819 observantie
468 790 535 819 sint
559 790 704 825 astricti,
724 799 782 820 nos
800 790 950 820 honestis
966 794 997 820 et
1012 790 1077 828 piis
1094 798 1207 819 eorum

203 854 214 868 η
240 842 427 878 desideriis,
446 852 483 872 ex
500 843 621 882 quibus
633 843 756 881 grande
770 842 899 872 lucrum
917 843 1104 873 animarum
1120 842 1207 881 quod

203 907 214 921 n
241 904 277 925 ex
295 895 390 925 nobis
407 895 494 925 inter
507 899 616 925 cetera
631 895 742 925 carius
761 895 856 934 sequi
873 895 1009 934 poterit,
1027 895 1206 932 benignius

203 959 215 974 n
241 951 444 979 annuentes.
464 948 660 977 mandamus
679 948 838 986 quatinus
859 947 1007 985 regulam
1025 947 1207 986 predictam

203 1013 215 1027 n
241 1001 435 1031 auctoritate
454 1005 566 1031 nostra
583 1001 707 1030 eisdem
726 1001 845 1031 rectori
865 1005 897 1030 et
915 1001 1074 1030 fratribus
1090 1009 1208 1030 conce-

203 1067 216 1081 »
241 1054 337 1089 datis,
355 1055 444 1092 ipsos
460 1054 596 1091 benigni
611 1054 746 1089 favoris,
765 1054 918 1093 oportuni
931 1054 1064 1084 consilii
1076 1058 1106 1084 et
1118 1054 1207 1084 auxi-

203 1119 215 1133 »
240 1107 276 1136 lii
294 1107 450 1145 presidiis
467 1108 690 1137 confoventes.
712 1108 785 1137 Dat.
807 1107 978 1145 Lugduni,
999 1108 1030 1137 II
1046 1107 1206 1137 kalendas

202 1171 215 1186 n
241 1159 368 1197 aprilis,
389 1159 600 1197 pontificatus
616 1160 720 1190 nostri
737 1169 824 1190 anno
842 1164 967 1190 octavo¹
987 1172 1000 1186 »

243 1224 255 1239 α
274 1212 356 1242 Cum
371 1216 480 1241 autem
498 1221 557 1242 nos
574 1214 774 1250 Rostagnus,
790 1213 850 1243 Dei
865 1213 969 1250 gratia
986 1212 1207 1243 Tholonensis

202 1277 215 1291 »
241 1265 427 1302 episcopm,
451 1273 515 1294 non
538 1273 711 1302 possemus
735 1265 955 1303 personaliter
984 1265 1024 1294 ad
1053 1265 1207 1302 generale

202 1329 215 1343 »
240 1316 420 1354 capitulum
450 1317 612 1347 dictorum
644 1318 784 1347 fratrum
813 1317 852 1347 de
884 1318 1073 1347 penitentia
1101 1317 1206 1348 ι1110511

201 1382 214 1396 >1
239 1369 365 1399 Christi
386 1369 512 1406 venire,
536 1370 622 1408 apud
640 1370 824 1399 Massiliam
840 1370 1035 1400 infirmitate
1060 1370 1207 1408 corporis

201 1434 214 1449 »
240 1422 413 1457 retardati,
432 1422 615 1452 venerabili
631 1423 717 1460 patri
734 1423 783 1457 B.,
802 1423 863 1452 Dei
879 1423 985 1460 gratia
1001 1422 1208 1453 Massiliensi

202 1487 215 1501 n
241 1474 559 1513 episcopo,plenarie
569 1475 797 1505 commisimus
807 1475 896 1505 vices
908 1480 1053 1505 nostras:
1068 1476 1207 1514 111113110-

202 1540 214 1554 »
240 1528 371 1558 toritate
391 1528 516 1556 domini
532 1536 613 1565 pape
633 1532 663 1557 et
684 1532 797 1558 nostra
814 1532 970 1558 executus
988 1528 1052 1557 fuit
1074 1529 1207 1558 manda-

201 1593 215 1607 »
240 1585 309 1610 tum
322 1580 1207 1619 apostolicum,concedendoregulambeatiAugustini

202 1646 215 1660 »
240 1633 360 1663 rectori
375 1637 405 1663 et
423 1633 583 1663 fratribus
600 1633 789 1664 penitentie
805 1634 909 1665 Jliesu
927 1633 1053 1664 Christi
1069 1643 1207 1672 congre-

202 1698 215 1713 »
240 1686 325 1723 gatis
345 1686 384 1715 ad
400 1686 461 1716 1100
478 1686 563 1724 apud
582 1686 767 1716 Massiliam
786 1686 820 1715 in
837 1686 981 1725 capitulo
997 1687 1160 1724 generali,
1177 1691 1207 1717 et

202 1750 215 1765 »
241 1747 300 1767 nos
317 1738 380 1776 ipsi
399 1738 653 1776 approbavimus
665 1743 696 1768 et
712 1739 981 1768 confirmavimus
995 1739 1081 1777 quod
1098 1744 1207 1769 actum

201 1803 214 1817 υ
239 1791 348 1821 fuerat
359 1800 417 1829 per
429 1791 581 1820 eundem.
598 1791 661 1821 Sed
675 1800 748 1820 011111
758 1796 881 1829 postea.
894 1792 1092 1821 necessitate
1103 1792 1204 1827 ducti,

201 1856 214 1870 >›
239 1844 447 1873 venissemus
473 1843 558 1881 apud
583 1843 767 1873 Massiliam
800 1843 1034 1881 personaliter,
1066 1844 1206 1874 durante

201 1909 214 1923 »
239 1897 346 1926 adhuc
363 1896 506 1934 capitulo
527 1896 673 1933 generali
694 1896 856 1926 dictorum
875 1897 1032 1931 fratrum,
1051 1906 1091 1927 110
1115 1897 1206 1928 vide-

199 1961 213 1975 »
238 1954 329 1979 retur
345 1949 473 1987 aliquid
495 1949 706 1984 diminutum,
726 1949 765 1978 ad
782 1949 1036 1987 requisitionem
1052 1950 1131 1979 dicti
1150 1959 1206 1980 ve-

199 2013 212 2028 »
238 2001 398 2031 nei-abilis
410 2001 513 2039 patris
526 2001 750 2031 Massiliensis
763 2001 906 2040 episcopi
919 2006 950 2031 et
962 2002 1124 2031 dictorum
1138 2003 1206 2032 fra-

199 2066 211 2080 «
237 2058 324 2083 trum
342 2054 380 2083 de
398 2053 587 2083 Penitentia
603 2053 708 2083 Jhesu
727 2053 870 2089 Christi,
889 2062 948 2083 nos
971 2054 1036 2092 ipsi
1053 2055 1205 2085 venimus

197 2118 211 2133 »
236 2115 310 2136 cum
329 2106 442 2136 eodem
460 2106 545 2136 111010
562 2106 694 2135 domino
714 2106 866 2144 episcopo
884 2107 918 2135 in
939 2107 1082 2145 capitulo
1102 2107 1206 2137 dicto-

197 2171 211 2186 »
235 2168 309 2188 rum
331 2160 471 2187 fratrum
493 2162 523 2188 et
547 2158 737 2188 mandatum
756 2159 973 2197 apostolicum
995 2169 1067 2189 cum
1091 2160 1205 2190 eodem

196 2223 210 2238 »
235 2211 368 2241 domino
380 2211 531 2249 episcopo
543 2211 670 2241 fuimus
682 2211 821 2240 insimul
833 2212 972 2247 executi,
987 2212 1204 2243 concedentes

196 2275 210 2290 ³)
236 2263 331 2293 ambo
357 2263 481 2301 pariter
508 2263 703 2293 auctoritate
731 2263 912 2301 apostolica
938 2264 1087 2301 regulam
1115 2265 1204 2295 beati

196 2328 209 2342 n
233 2316 415 2354 Augustini
437 2316 556 2345 rectori
580 2320 610 2345 et
634 2316 796 2346 fratribus
820 2316 858 2346 de
883 2317 1074 2347 Penitentia
1097 2318 1203 2348 Jhesu

196 2382 209 2396 »
234 2370 372 2400 Christi.
388 2370 507 2399 Actum
521 2373 570 2399 est
583 2369 645 2399 hoc
661 2378 748 2399 anno
762 2379 826 2408 quo
839 2379 950 2408 supra,
962 2371 1007 2401 VI
1022 2371 1097 2401 idus
1109 2371 1200 2407 maii,

195 2434 209 2449 »
235 2422 320 2460 apud
332 2422 527 2456 Massiliam,
545 2422 579 2450 in
594 2422 769 2452 refectorio
784 2422 1049 2461 supradictorum
1061 2424 1201 2453 fratrum

195 2486 208 2501 n
233 2474 272 2503 de
291 2473 481 2503 Penitentia
496 2473 602 2503 Jhesu
617 2473 754 2509 Christi,
772 2474 806 2503 in
821 2475 989 2512 presentia
1007 2479 1039 2505 et
1052 2476 1202 2506 testimo-

194 2538 208 2554 »
233 2527 288 2556 nio
311 2518 464 2556 Gauf'ridi
487 2525 661 2563 prepositi,
685 2527 836 2564 Hugonis
860 2527 1016 2557 Ottoboni
1040 2529 1198 2566 operarii,

194 2592 207 2607 >2
232 2579 397 2610 Bertrami
419 2579 555 2616 Agarati
578 2579 813 2609 canonicorum
836 2580 1112 2617 Tholonensium,
1135 2582 1201 2612 Go-

193 2644 207 2659 »
232 2632 310 2662 fridi
322 2631 361 2661 de
370 2631 552 2668 Melsagiis,
566 2631 704 2661 rectoris
715 2631 853 2662 ecclesie
861 2633 1013 2662 Paradisi
1021 2633 1108 2672 apud
1116 2634 1200 2664 Mas-

193 2697 207 2712 ι)
233 2685 355 2719 5111310,
374 2688 405 2714 01
420 2683 655 2714 universorum
673 2685 813 2714 fratrum
831 2685 869 2715 de
886 2686 1076 2716 Penitentia
1093 2686 1200 2718 Jhesu

193 2750 206 2764 n
231 2737 358 2768 Christi
373 2736 408 2766 in
425 2736 569 2774 capitulo
594 2737 742 2774 generali
761 2742 1053 2775 congregatorum,
1072 2739 1199 2770 50111001

192 2804 205 2818 »
230 2789 344 2820 fratris
354 2790 392 2820 G.
403 2789 552 2819 rectoris.
563 2789 675 2820 fratris
686 2791 722 2820 P.
732 2790 908 2820 Lombardi
919 2791 1040 2829 prioris
1049 2792 1197 2828 Tenolei,

192 2856 206 2871 »
231 2843 345 2873 fratris
357 2843 395 2873 G.
408 2842 529 2880 prioris
541 2842 775 2878 Massiliensis,
787 2843 900 2873 fratris
914 2844 1065 2882 Hugonis
1076 2845 1198 2883 prioris

191 2908 205 2922 »
229 2895 413 2934 Aquensis,
431 2894 544 2924 fratris
561 2895 600 2924 R.
618 2895 767 2925 Lauterii
784 2895 905 2933 prioris
924 2895 1065 2931 Barioli,
1083 2897 1198 2927 fratris

1292 326 1304 339 »
1330 314 1546 351 provincialis
1569 315 1690 354 prioris
1716 316 1918 351 Roenensis,
1945 315 2058 346 fratris
2078 316 2117 346 G.
2135 316 2299 354 Guigonis

1291 377 1304 392 »
1328 366 1450 404 prioris
1467 367 1572 404 Lucii,
1592 368 1705 397 fratris
1719 368 1756 398 G.
1774 368 1912 398 Lebrete
1924 368 2044 407 prioris
2055 369 2296 406 Draguignani,

1291 430 1304 445 n
1330 419 1443 450 fratris
1460 420 1495 450 P.
1511 420 1687 450 Lombardi
1702 420 1846 451 tenentis
1859 420 1967 450 locum
1980 421 2101 459 prioris
2113 421 2310 463 Τ11010000-Δ

1291 483 1304 498 »
1330 472 1387 506 sis,
1402 472 1515 502 fratris
1532 473 1711 503 Bertranni
1727 473 1848 511 prioris
1864 473 1903 503 de
1917 473 2036 509 Coriis‚
2049 473 2163 504 fratris
2175 474 2298 512 prioris

1292 535 1304 551 »
1331 524 1521 554 Insularum
1537 525 1576 555 de
1594 525 1803 561 Porcaloriis,
1822 526 1936 556 fratris
1953 527 1978 556 Ι.
1996 526 2116 564 prioris
2133 526 2171 557 de
2188 526 2299 557 Bello-

1292 588 1305 603 »
1330 581 1451 612 monte,
1470 578 1584 608 fratris
1600 578 1717 609 Gal-sie
1732 578 1854 616 prioris
1867 579 2058 614 Tarasconi,
2076 579 2190 609 fratris
2206 580 2298 618 Ray-

1291 640 1305 655 »
1330 629 1445 658 mnndi
1464 630 1634 660 Athenulfi
1649 631 1794 660 tenentis
1810 630 1917 660 1001110
1935 631 2055 669 prioris
2073 631 2298 670 Montispesu-

1291 695 1305 710 »
1330 683 1410 719 lani,
1424 684 1481 723 qui
1495 693 1610 715 omnes
1625 685 1806 723 predictam
1820 685 2069 716 concessionem
2085 685 2197 723 regule
2208 685 2298 716 beati

1292 747 1305 762 »
1330 737 1522 774 Augustini,
1541 746 1606 776 qua
1622 742 1779 775 regantur
1793 742 1824 767 et
1838 746 2007 776 perquam
2021 738 2085 767 sibi
2097 742 2128 768 et
2140 737 2216 768 aliis
2227 746 2298 776 pro-

1291 800 1305 815 »
1330 789 1443 819 ficiant
1455 789 1495 819 ad
1509 789 1662 825 salutem,
1680 790 1794 820 devote
1806 799 1843 820 ac
1855 790 2027 820 humiliter
2043 794 2251 829 acceptantes
2267 794 2299 821 et

1291 853 1305 867 »
1330 841 1407 871 inde
1430 842 1498 872 Deo
1523 842 1646 880 gratias
1667 842 1850 872 referentes
1873 842 2125 882 exultantesque
2147 842 2244 873 corde
2267 846 2299 874 et

1292 906 1305 920 »
1326 895 1437 924 animo
1457 900 1482 923 te
1497 896 1591 924 Deum
1607 896 1772 925 laudamus
1789 895 1994 926 unanimiter
2017 899 2249 932 cantaverunt,
2267 899 2299 927 et

1292 959 1305 974 ι)
1330 947 1364 976 in
1377 947 1545 985 presentia
1558 948 1623 977 mei
1636 948 1771 983 Thome,
1787 948 1912 987 publici
1929 948 2050 978 notarii
2062 948 2297 985 Massiliensis,

1292 1011 1305 1026 1>
1331 1000 1388 1038 qui
1410 1000 1565 1030 mandato
1594 1001 1755 1030 dictorum
1779 1001 1989 1031 dominorum
2015 1001 2244 1040 episcoporum
2267 1005 2300 1032 et

1292 1064 1305 1079 »
1330 1052 1484 1090 precibus
1507 1053 1648 1082 fratrum
1667 1053 1902 1092 jamdictorum
1926 1053 2012 1083 hanc
2035 1058 2159 1084 cartam
2180 1053 2299 1093 scripsi

1292 1116 1305 1131 n
1331 1109 1362 1134 et
1380 1105 1445 1134 mei
1463 1105 1551 1143 signi
1570 1106 1741 1143 signaculo
1758 1106 1931 1144 insignivi.
1950 1108 1987 1137 In
2002 1107 2096 1146 cujus
2114 1107 2162 1137 rei
2178 1116 2299 1138 memo·

1292 1169 1305 1183 >›
1332 1158 1431 1187 riam.
1454 1158 1635 1196 supradicti
1657 1158 1782 1188 domini
1803 1159 1947 1197 episcopi
1967 1159 2105 1189 eandem
2125 1168 2300 1190 concesse-

1293 1223 1305 1237 »
1330 1215 1408 1240 runt
1425 1210 1612 1248 sigillorum
1627 1220 1762 1241 suorum
1779 1212 1965 1242 munimine
1982 1212 2141 1242 roborari.
2161 1224 2173 1238 »

1330 1262 1423 1293 Nulli
1451 1272 1528 1301 ergo
1556 1267 1616 1293 etc.
1646 1263 1731 1293 hanc
1756 1263 1911 1302 paginam
1939 1268 2050 1294 nostre
2075 1264 2300 1294 confirmatio-

1291 1315 1343 1345 nis
1354 1319 1414 1345 etc.
1425 1316 1499 1345 Dat.
1508 1316 1671 1353 Anagnie,
1682 1315 1896 1346 II⁰kalendas
1906 1317 2050 1355 augusti,
2059 1325 2146 1347 anno
2155 1317 2298 1356 primo.»

1361 1481 1450 1509 660
1841 1481 1965 1515 Anagni,
1986 1480 2131 1515 ς2631111101.
2150 1481 2227 1508 ¹255.

1326 1542 1475 1569 Willelmo
1505 1543 1540 1569 de
1570 1542 1717 1576 Valentia,
1748 1543 1847 1570 comiti
1877 1542 2052 1577 Pembroke,
2081 1543 2300 1578 crucesignato,

1290 1592 1432 1622 coneedit,
1452 1596 1482 1618 ut
1497 1593 1570 1627 ipse,
1590 1600 1662 1618 uxor
1678 1593 1781 1627 ipsius,
1799 1591 1849 1619 filii
1864 1600 1898 1619 ac
1913 1593 1999 1619 etiam
2015 1592 2169 1618 familiares
2183 1592 2300 1618 fratrem

1290 1641 1407 1668 Petrum
1425 1640 1459 1667 de
1477 1640 1571 1675 Rupe,
1589 1641 1789 1676 presbyterum
1805 1640 1916 1667 ordinis
1930 1641 2050 1667 fratrum
2069 1640 2223 1674 minorum,
2237 1648 2302 1675 pos-

1290 1690 1349 1717 sint
1363 1689 1391 1716 in
1407 1698 1504 1722 suum,
1519 1690 1554 1715 de
1565 1689 1713 1716 diocesani
1725 1694 1819 1716 tamen
1833 1689 1957 1721 licentia,
1973 1689 2080 1724 eligere
2091 1689 2299 1717 confessorem.

1289 1739 1373 1772 (1100.
1389 1737 1433 1770 ζ24,
1451 1746 1476 1764 e.
1495 1738 1571 1772 536¹,
1588 1737 1605 1764 f.
1628 1738 1688 1769 78v3
1708 1737 1854 1765 Porrms‘r
1875 1738 1981 1771 15949.)

1332 1852 1345 1865 (ι
1369 1840 1470 1869 Nobili
1494 1841 1562 1869 viro
1589 1840 1734 1868 ll'illclmo
1754 1840 1788 1868 de
1813 1840 1965 1874 Valentia,
1989 1840 2095 1869 comiti
2115 1839 2296 1876 Pembracie,

1289 1893 1509 1929 crucesiqnczfo.
1524 1893 1593 1922 Tua
1605 1896 1636 1921 01
1647 1892 1813 1922 carissimi
1825 1909 1874 1920 —-.
1888 1892 1958 1921 Dat.
1974 1891 2142 1929 Anagnie,
2162 1892 2225 1922 VII
2244 1891 2300 1922 ka·

1288 1945 1404 1975 lendas
1421 1945 1565 1983 augusti,
1584 1953 1670 1975 anno
1685 1945 1803 1983 primo.
1824 1957 1836 1971 »

1359 2109 1443 2137 661

1323 2171 1468 2206 Episcopo
1484 2171 1642 2198 Botuntino
1665 2171 1793 2204 mandat,
1811 2171 1949 2205 quatinus
1964 2170 2059 2198 Lucae
2076 2171 2104 2197 in
2123 2170 2299 2198 abbatissam

1288 2229 1313 2248 5.
1332 2220 1436 2246 Μ3ι·130
1454 2220 1577 2255 Agnetis
1600 2220 1634 2246 de
1659 2219 1737 2246 Urbe
1757 2221 1864 2246 electae
1887 2227 1995 2246 niunus
2016 2219 2227 2246 benedictionis
2242 2219 2300 2246 im-

1289 2268 1403 2303 pendat,
1417 2268 1501 2302 (Rau.
1517 2269 1561 2300 ⁵24.
1578 2277 1604 2296 c.
1622 2269 1683 2300 537,
1700 2268 1720 2294 1.
1737 2268 1806 2303 781.)

1890 2108 2016 2143 Anagni,
2034 2108 2048 2135 3
2065 2109 2133 2134 aodt
2149 2108 2227 2135 ¹255.

1329 2383 1341 2397 κ
1360 2393 1392 2406 ..,
1406 2371 1540 2408 episcopo
1554 2371 1729 2399 Botuntino.
1744 2371 1973 2400 Presentatam
1989 2370 2085 2400 nobis
2102 2369 2299 2400 electionem

1286 2423 1485 2454 celebratam
1508 2423 1546 2453 de
1567 2423 1687 2453 dilecta
1709 2423 1744 2452 in
1768 2423 1901 2453 Christo
1922 2423 1992 2453 filia
2016 2423 2133 2458 Lucia,
2160 2422 2299 2453 moniali

1286 2480 1398 2506 sancte
1416 2476 1520 2506 Marie
1536 2476 1674 2514 Agnetis
1692 2475 1730 2506 de
1749 2475 1855 2511 Urbe,
1874 2476 1908 2505 in
1929 2475 2133 2506 abbatissam
2149 2475 2298 2515 ejusdem

1285 2533 1364 2559 tunc
1384 2529 1551 2559 abbatisse
1568 2529 1731 2566 regimine
1751 2529 1916 2565 destituti,
1934 2528 2096 2559 facientes
2113 2528 2297 2559 examinari

1284 2585 1381 2620 prout
1396 2581 1551 2611 convenit
1567 2581 1756 2619 diligenter,
1774 2581 1853 2620 quia
1872 2590 1944 2611 eam
1961 2581 2151 2611 invenimus
2167 2580 2207 2610 de
2221 2589 2298 2619 per-

1285 2643 1367 2665 sona
1392 2634 1512 2664 idonea
1538 2634 1696 2664 canonice
1724 2634 1939 2669 celebratam,
1965 2633 2072 2672 ipsam
2101 2633 2298 2663 auctoritate

1284 2686 1465 2726 apostolica
1478 2686 1632 2717 duximus
1644 2687 1916 2717 confirmandam.
1934 2686 2078 2725 Ideoque
2093 2685 2297 2716 fraternitati

1283 2744 1339 2770 tue
1361 2749 1418 2779 per
1439 2739 1619 2778 apostolica
1642 2740 1765 2778 scripta
1780 2740 1992 2774 mandamus,
2013 2738 2172 2778 quatinus
2188 2738 2296 2769 eidem

1283 2793 1386 2824 electe
1406 2802 1529 2823 munus
1552 2793 1797 2823 benedictionis
1821 2792 1995 2831 impendas
2018 2795 2050 2822 et
2069 2791 2173 2822 facias
2194 2791 2259 2822 sibi
2277 2799 2298 2821 a

1282 2845 1425 2876 subditis
1440 2846 1511 2876 suis
1525 2845 1750 2876 obedientiam
1761 2850 1793 2876 et
1805 2845 2028 2876 reverentiam
2041 2844 2187 2875 debitam
2200 2843 2294 2874 exhi-

1281 2898 1364 2934 beri,
1383 2902 1577 2937 recepturus
1589 2898 1629 2928 ab
1644 2907 1682 2929 ea
1692 2898 1900 2937 postmodum
1913 2906 1972 2936 pro
1985 2897 2081 2928 nobis
2097 2900 2129 2927 et
2143 2897 2295 2927 Romana
