2498 3325
240 233 297 263 464
965 225 1204 257 REGISTRES
1225 224 1532 255 D'ALEXANDRE
1554 224 1611 255 IV.

242 298 300 327 hoc
323 297 470 333 legitima
490 299 688 329 contestata,
712 304 769 332 per
788 303 825 323 ea
844 302 907 332 que
925 296 1033 331 partes
1050 300 1159 321 coram
1176 291 1247 329 ipso

241 358 422 389 proponere
436 348 619 383 voluerunt,
637 356 702 376 non
717 347 821 385 potuit
836 346 874 375 de
889 345 1018 375 meritis
1031 344 1137 383 ipsius
1149 352 1248 373 cause

241 403 380 441 liquere,
408 400 600 430 discretioni
624 404 693 434 tue,
717 399 755 429 dc
779 399 952 436 utriusque
975 397 1078 435 partis
1095 405 1246 430 assensu,

243 465 299 493 per
316 453 494 492 apostolica
511 453 633 490 scripta
649 452 844 481 mandamus
861 451 895 480 in
911 451 1032 480 virtute
1047 448 1247 482 obedientie,

245 508 303 538 tibi
317 506 690 545 tirmiterinjungentes,
707 505 864 544 quatinus
880 508 991 537 testes,
1010 512 1092 542 quos
1109 506 1248 540 utraque

243 570 318 599 pars
332 568 430 597 super
444 558 593 588 articulis
610 558 649 587 ad
663 562 693 588 te
713 558 752 587 ah
770 558 881 587 eodem
900 556 1078 590 cardinale,
1095 564 1248 585 unacum

243 612 508 649 interrogatoriis
523 612 670 649 ipsarum
687 610 842 649 partium,
860 609 921 639 sub
938 608 1048 647 sigillo
1065 616 1125 637 suo
1145 611 1250 637 trans-

244 665 374 700 missis,
406 673 516 694 coram
548 668 577 693 te
605 663 757 693 duxerint
780 662 1022 701 producendos,
1053 661 1141 690 infra
1168 660 1249 689 duos

244 726 374 748 menses
386 721 456 755 post
471 717 693 755 receptionem
705 716 921 754 presentium,
935 719 1078 752 tempore
1091 713 1249 743 feriarum

244 770 381 800 minime
393 774 590 808 computato,
603 769 688 807 apud
698 768 1006 807 Montepesulanum
1020 771 1049 797 et
1060 766 1250 796 Narbonam

244 832 301 861 per
323 827 352 852 tc
371 822 421 851 vel
440 832 497 860 per
520 822 622 851 alium
641 821 821 860 prudenter
839 821 984 858 recipere
1007 829 1044 849 ac
1068 819 1251 849 secundum

245 876 358 906 eadem
373 875 627 911 interrogatoria
641 874 818 912 diligenter
833 873 1021 903 examinare
1036 881 1201 911 procures,
1221 877 1251 902 et

245 938 358 959 eorum
375 928 461 957 dicta
477 928 618 958 fideliter
636 928 670 956 in
688 927 820 965 scriptis
837 926 968 956 redacta
985 925 1046 955 suli
1067 925 1177 963 sigillo
1197 929 1251 954 tuo

246 981 286 1011 ad
297 990 355 1010 nos
365 980 494 1010 inclusa
508 980 723 1016 transmittas,
736 980 901 1018 prefigens
914 979 1062 1017 partibus
1073 978 1251 1008 terminum

246 1034 503 1073 peremptorium
527 1038 783 1072 competentem,
803 1042 866 1071 quo
888 1041 945 1070 per
966 1041 1000 1061 se
1022 1031 1072 1061 vel
1096 1040 1252 1070 procura-

245 1092 332 1118 tores
362 1087 498 1116 idoneos
528 1091 639 1116 nostro
667 1095 702 1116 se
729 1085 920 1124 conspectui
948 1089 1187 1123 representent,
1214 1084 1249 1113 in

246 1149 346 1170 causa
372 1140 460 1177 ipsa,
486 1140 572 1169 sicut
599 1139 637 1168 de
661 1139 736 1178 jure
762 1139 881 1173 suerit,
909 1138 1108 1176 processuri.
1137 1138 1251 1167 Testes

247 1197 354 1223 autem
382 1202 486 1230 usque
513 1202 519 1220 ;
546 1191 732 1230 perbibere.
760 1192 833 1221 Dat.
859 1191 1025 1229 Anaguic,
1052 1191 1119 1220 1111
1148 1199 1252 1220 nonas

243 1245 331 1285 julii,
351 1254 437 1274 auno
454 1245 609 1275 secundo.
630 1256 642 1271 ›>

319 1430 434 1458 ¹482

283 1491 471 1525 Infrascripto
489 1491 627 1525 indulget,
642 1495 671 1517 ut
689 1491 805 1516 unicum
822 1490 897 1516 aliud
912 1490 1082 1516 beneficium
1099 1489 1254 1516 ccclesias-

248 1541 335 1567 ticum
354 1541 481 1574 recipere
498 1540 600 1566 valeat.
617 1539 702 1573 (ttm.
721 1540 765 1569 2⁷4,
786 1540 804 1566 s.
821 1539 882 1570 5¹01,
902 1548 968 1565 aun.
986 1538 1023 1572 ΙΙ,
1040 1548 1065 1566 c.
1084 1539 1158 1572 396.)

829 1429 954 1463 Anagui,
971 1429 1005 1455 ‘20
1019 1429 1087 1455 amit
1106 1428 1181 1455 1256.

290 1654 301 1667 «
329 1642 458 1670 chrico
483 1642 516 1670 dc
541 1642 706 1677 litatotaczn
734 1641 843 1670 clerico
868 1641 1091 1670 Lincoiniensis
1118 1641 1254 1670 diocesis.

248 1694 405 1724 Volentes
423 1694 482 1723 tibi
499 1694 639 1731 gratiam
655 1711 703 1722 —.
722 1694 795 1723 Dat.
816 1694 977 1731 Anagnie,
998 1694 1079 1724 XIII
1097 1693 1256 1724 kalendas

250 1748 457 1786 septembris⁷
476 1757 561 1777 auno
578 1748 734 1778 secundo.
756 1760 769 1774 n

325 1933 439 1960 1⁴83

287 1994 443 2020 Confirmat.
459 1998 565 2020 statuta
581 2004 596 2020 a
612 1999 754 2021 conventu
773 1995 939 2021 monasterii
956 1996 985 2021 S.
996 1995 1132 2027 oswaldi,
1152 1994 1259 2021 Ebora-

736 1933 859 1966 Anagni,
879 1933 910 1960 Qlt
928 1934 1091 1967 septembre
1110 1933 1186 1960 1256.

252 2044 349 2070 censis
369 2043 507 2075 diocesis,
524 2044 610 2076 edita,
629 2048 659 2069 ut
676 2044 701 2069 ln
720 2043 895 2070 monasterio
912 2047 1044 2069 cantetur
1061 2044 1149 2070 missa
1163 2048 1259 2070 matu-

252 2092 346 2118 tinalis
363 2091 486 2125 siugulis
501 2092 604 2118 dicbus
630 2096 694 2126 post
717 2092 836 2124 primam
853 2097 881 2118 ct
896 2092 998 2118 deinde
1015 2094 1103 2118 missa
1121 2093 1155 2118 dc
1177 2093 1260 2119 beata

253 2139 340 2166 Maria
366 2139 482 2173 Virgine
504 2141 674 2172 celebretur,
698 2140 881 2175 postmodum
904 2149 971 2166 vcro
995 2145 1126 2167 teneatur
1147 2142 1260 2176 capitu-

254 2188 311 2214 lum
328 2193 355 2214 et
376 2189 489 2214 tandem
507 2193 570 2222 post
586 2189 700 2222 aliquod
724 2189 904 2215 intervallum
931 2190 1022 2224 major
1047 2190 1136 2216 missa
1159 2190 1260 2216 debeat

254 2237 408 2270 cett-brari,
426 2238 479 2262 alia
495 2246 608 2272 quoque
631 2242 739 2264 statuta
755 2239 897 2272 regularia
915 2243 943 2265 et
959 2239 1081 2265 honesta
1097 2239 1130 2265 ad
1148 2239 1259 2265 laudem

254 2286 343 2312 divini
361 2286 484 2312 nominis
498 2287 582 2312 edita.
599 2286 681 2320 (Rau.
698 2287 742 2321 224,
759 2287 778 2313 f.
794 2287 856 2320 201,
873 2296 939 2314 aun.
957 2287 1033 2320 11,e.
1050 2288 1122 2319 397.)

297 2399 310 2414 «
331 2410 363 2422 ..,
379 2388 482 2424 priori
500 2392 525 2416 ct
545 2389 709 2417 conventui
726 2390 907 2418 monasterii
924 2390 1031 2419 Sancti
1048 2390 1190 2425 Oszcrtldi,
1210 2400 1261 2420 or-

256 2439 340 2469 dinis
354 2441 454 2469 sancti
473 2441 656 2477 Auqustini,
676 2441 870 2470 Eboraccnsis
889 2442 1025 2471 diocesis,
1047 2443 1122 2472 Hiis
1139 2452 1202 2481 que
1222 2443 1262 2473 ad

256 2509 305 2521 —.
339 2493 413 2522 Dat.
454 2493 622 2531 Anagnie,
658 2494 739 2524 VIII
778 2494 936 2525 kalendas
973 2496 1134 2532 octobris,
1175 2505 1262 2527 anno

257 2545 412 2575 secundo.
433 2557 446 2572 n

298 2787 403 2813 Veiens
421 2788 598 2814 indemnitati
618 2790 782 2814 monasterii
800 2788 1017 2816 Cautum-tensis
1036 2792 1195 2825 providere,
1213 2793 1264 2819 ab-

261 2836 317 2861 bati
333 2840 359 2861 et
373 2836 528 2861 conventui
541 2836 670 2869 ejusdem
683 2836 804 2868 inhibet,
819 2846 851 2863 ne
869 2838 978 2871 aliquas
990 2839 1098 2865 litteras
1111 2848 1160 2866 scu
1175 2849 1264 2867 mem-

261 2884 364 2909 branas
380 2883 474 2916 sigillo
490 2892 589 2910 eorum
611 2884 735 2910 munitas
749 2885 782 2910 ad
800 2887 1025 2912 contrabendum
1047 2892 1188 2920 mutuum,
1209 2891 1263 2917 nisi

838 2727 962 2761 Anagni,
980 2728 1012 2754 ‘27
1030 2729 1096 2755 :tout
1117 2729 1192 2756 ¹256.

1332 298 1381 324 pro
1405 290 1524 316 utilitate
1542 289 1659 323 praefati
1677 288 1843 315 monasterii
1859 292 1888 314 et
1902 288 1937 314 de
1953 288 2131 315 conscicntia
2148 292 2177 315 et
2191 296 2336 315 consensu

1329 339 1458 364 omnium
1477 337 1520 363 vel
1538 339 1656 371 majoris
1672 342 1761 372 partis
1776 345 1888 370 eorum,
1903 337 1938 363 dc
1954 341 2051 364 cetero
2065 337 2150 364 alicui
2166 338 2336 364 conce-tant.

1331 386 1415 420 (Rau.
1434 386 1478 417 ⁶24,
1493 386 1512 413 s.
1525 386 1587 420 ⁴201,
1605 395 1672 413 ann.
1687 386 1724 417 ΙΙ,
1741 395 1766 413 c.
1786 386 1858 418 3¹³8.)

1373 500 1386 514 a
1417 511 1448 524 ..,
1476 489 1578 516 abbati
1598 493 1624 517 et
1649 489 1814 517 conventui
1840 489 2021 516 monasterii
2042 487 2150 517 Sancti
2171 488 2340 524 Anqusttm·

1331 542 1576 576 Cannam-tensis,
1593 542 1631 570 ad
1649 542 1815 570 Romanam
1833 542 1997 570 Ecclesiam
2022 541 2109 569 nullo
2127 540 2225 568 medio
2243 540 2340 578 perti-

1331 596 1449 629 nentis,
1474 594 1594 623 ordinis
1617 595 1717 623 sancti
1741 594 1904 623 Benedicti.
1926 592 2083 623 Volentes
2106 591 2340 631 indempnitati

1331 647 1433 677 vestri
1446 664 1495 675 —.
1514 648 1586 676 Dat.
1605 646 1768 684 Anagnie,
1786 647 1831 676 VI
1846 645 2007 676 kalendas
2025 644 2233 683 septembris,
2253 653 2341 674 anno

1332 698 1488 729 secundo.
1510 712 1522 725 ι)

1408 879 1427 905 ¹
1436 878 1524 905 485

1369 940 1439 966 Cum
1460 939 1591 974 Philippo
1609 939 1695 965 Luvcl
1707 961 1713 967 .
1731 938 1912 964 thesaurario
1932 939 2010 973 regis
2025 938 2164 972 Angliae,
2181 937 2341 973 dispensat,

1335 989 1357 1016 1.
1374 989 1447 1016 tituli
1471 988 1500 1015 S.
1522 988 1668 1014 Laurentii
1688 989 1715 1014 in
1735 987 1839 1014 Lucina
1857 987 2019 1022 presbyteri
2035 987 2191 1014 cardinalis
2206 987 2340 1018 obtentu.

1336 1042 1380 1071 ut,
1409 1042 1521 1072 practer
1540 1037 1739 1064 ecclesiastica
1765 1036 1903 1062 beneficia
1934 1044 1990 1062 non
2019 1035 2190 1062 excedentia
2217 1035 2343 1062 valorem

1333 1095 1460 1113 annuum
1484 1090 1675 1113 trecentarum
1697 1094 1857 1112 marcarum
1879 1085 2085 1120 sterlingorum
2108 1092 2182 1119 quae
2204 1084 2344 1111 canonice

1334 1135 1456 1169 adeptus
1471 1138 1530 1168 est,
1547 1135 1599 1160 alia
1618 1134 1756 1160 beneficia
1773 1142 1864 1168 usque
1880 1133 1915 1160 ad
1937 1134 2062 1160 valorem
2085 1141 2213 1160 annuum
2230 1133 2344 1160 ducen-

1335 1189 1426 1211 tarum
1443 1184 1578 1210 librarum
1594 1183 1800 1217 sterlingorum
1817 1182 1946 1217 recipere
1962 1183 2063 1209 valeat.
2082 1181 2163 1215 (Rzo.
2181 1182 2226 1215 Ἡ,
2244 1181 2262 1209 s.
2279 1181 2343 1216 201,

1334 1241 1401 1258 auu.
1420 1231 1458 1263 11,
1475 1240 1501 1258 c.
1519 1231 1594 1260 399.)

1830 876 1959 911 Anagni,
1977 877 1992 903 5
2009 876 2174 911 septembre
2193 875 2270 903 1‘256.

1377 1345 1389 1359 «
1407 1334 1549 1370 Phiiippo
1561 1333 1662 1368 tacet,
1677 1332 1833 1369 capellano
1846 1336 1957 1366 nostro,
1978 1332 2172 1360 thesaurario
2188 1331 2346 1360 carissimi

1336 1388 1370 1415 in
1387 1387 1506 1416 Christo
1520 1386 1582 1423 filii
1600 1387 1700 1414 nostri
1720 1408 1753 1419 ..,
1770 1386 1850 1422 reqis
1865 1385 1974 1422 Anqlie
1994 1385 2136 1413 illustris.
2163 1383 2254 1414 Licet
2270 1392 2346 1422 pro—

1336 1439 1484 1469 videntia
1511 1439 1606 1483 Sedis
1636 1456 1685 1468 -.
1712 1439 1785 1468 Dat.
1816 1437 1979 1475 Anagnffl,
2009 1437 2107 1467 nonis
2134 1437 2344 1476 septembris,

1337 1502 1423 1524 anno
1442 1492 1597 1522 secundo.
1620 1504 1633 1518 n

1414 1678 1433 1704 Ι
1442 1678 1529 1706 486

1375 1740 1482 1767 Abbati
1499 1744 1526 1766 et
1548 1738 1703 1765 conventui
1729 1737 1893 1764 monasterii
1916 1737 1946 1764 S.
1965 1737 2124 1768 Edmundi,
2148 1737 2348 1764 Not-wicensis

1340 1789 1482 1822 diocesis,
1501 1788 1645 1823 indulget,
1665 1791 1705 1819 ut,
1723 1787 1876 1813 occasione
1891 1787 1992 1812 statuti
2008 1785 2170 1813 Innocentii
2189 1793 2276 1820 papae
2290 1784 2348 1812 1111

1341 1838 1376 1864 de
1397 1837 1551 1872 exemptis,
1568 1839 1616 1870 qui
1636 1836 1842 1862 nichilominus
1866 1836 1976 1870 possint
2002 1843 2097 1861 coram
2121 1835 2248 1861 locorum
2268 1833 2349 1861 ordi-

1941 1676 2066 1710 Anagni.
2083 1675 2098 1703 3
2111 1676 2179 1702 aout
2198 1674 2276 1702 1256.

1343 1886 1431 1913 uariis
1447 1886 1606 1918 conveniri,
1626 1885 1734 1911 nullum
1753 1892 1853 1910 eorum
1871 1883 2053 1910 libertatibus
2072 1883 2280 1918 praejudicium
2297 1890 2349 1917 ge·
2394 1911 2395 1914 Ἰ

1342 1939 1468 1962 nei-etur.
1485 1934 1568 1968 (Rea.
1585 1934 1629 1967 ⁴24,
1647 1934 1665 1960 s.
1683 1934 1744 1966 ⁶201,
1762 1942 1828 1959 ann.
1847 1932 1884 1966 ΙΙ,
1904 1941 1930 1959 c.
1948 1933 2022 1963 400.)

1384 2050 1397 2064 «
1414 2060 1446 2073 ..,
1462 2038 1563 2066 abbati
1577 2041 1602 2065 rt
1616 2036 1781 2066 conventui
1795 2035 1976 2064 monasterii
1988 2034 2096 2063 Sancti
2109 2033 2296 2068 Eadmundt‘,
2310 2032 2351 2062 ad

1343 2092 1510 2120 Romanam
1525 2091 1688 2119 Ecclesiam
1704 2089 1789 2117 nullo
1801 2088 1898 2116 medio
1907 2087 2102 2124 pertinentis,
2118 2086 2238 2115 ordinis
2250 2087 2352 2115 sancti

1342 2144 1506 2177 Benedicti,
1521 2143 1722 2172 Norwicensis
1736 2142 1870 2170 diocesis.
1890 2140 1972 2170 Cum
1991 2138 2098 2169 felicis
2111 2137 2352 2168 recordationis

1342 2196 1559 2228 Innocentius
1584 2204 1667 2233 papa
1691 2198 1845 2232 quartus,
1874 2191 2087 2231 predecessor
2113 2195 2241 2224 noster.
2271 2190 2352 2220 olim

1343 2249 1473 2280 duxerit
1493 2247 1717 2281 statuendum,
1739 2250 1775 2276 ut
1801 2245 1954 2283 exempti,
1979 2248 2248 2283 quantacumque
2270 2252 2351 2282 gau-

1343 2304 1441 2334 deant
1452 2302 1617 2335 libertate,
1632 2299 1872 2330 nichilominus
1886 2303 2008 2333 tamen,
2024 2297 2154 2328 ratione
2165 2296 2279 2327 delicti
2292 2305 2351 2327 seu

1343 2359 1532 2386 contractus
1549 2358 1604 2384 aut
1620 2353 1669 2383 rei
1685 2353 1723 2382 de
1741 2361 1806 2391 qua
1824 2355 1937 2382 contra
1953 2351 2042 2389 ipsos
2059 2350 2179 2388 agitur,
2197 2350 2260 2380 rite
2275 2357 2353 2388 pos-

1344 2410 1412 2441 sint
1430 2417 1539 2439 coram
1555 2407 1701 2437 locorum
1718 2405 1898 2436 ordinariis
1915 2403 2102 2438 conveniri,
2120 2407 2152 2434 et
2168 2402 2220 2432 illi
2236 2402 2294 2442 qui
2313 2401 2353 2432 ad

1343 2463 1405 2493 hoc
1431 2470 1524 2492 suam
1551 2461 1585 2490 in
1610 2460 1700 2498 ipsos
1722 2457 2007 2498 jurisdictionem,
2034 2460 2131 2495 prout
2154 2455 2210 2495 jus
2237 2454 2352 2494 exigit,

1345 2523 1508 2550 exercere7
1522 2522 1648 2552 nosque
1662 2511 1871 2551 postmodum
1885 2514 2008 2540 statum
2022 2509 2225 2549 hujusmodi,
2240 2508 2278 2538 de
2289 2508 2354 2538 fra-

1345 2575 1433 2600 trum
1453 2572 1641 2599 nostrorum
1660 2565 1811 2600 consilio,
1831 2563 2076 2594 decreverimus
2093 2561 2352 2597 observandum,
2376 2593 2380 2598 ,

1344 2632 1402 2653 vos
1419 2622 1625 2655 dubitantes,
1648 2628 1689 2649 ne
1710 2621 1871 2648 statutum
1890 2617 1999 2655 ipsum
2017 2614 2230 2645 libertatibus
2244 2618 2275 2644 et
2290 2614 2353 2644 im-

1345 2674 1566 2705 munitatibus
1578 2672 1672 2702 vobis
1685 2675 1715 2701 et
1729 2669 1930 2700 monasterio
1942 2671 2051 2698 vestro
2064 2676 2122 2706 per
2135 2666 2312 2706 privilegia
2325 2669 2356 2696 et

1345 2727 1573 2765 indulgentias
1596 2725 1635 2754 ab
1656 2723 1835 2762 apostolica
1858 2721 1942 2752 Sede
1964 2719 2132 2750 concessis
2154 2717 2355 2758 prejudicari

1347 2781 1466 2815 valeat,
1482 2779 1577 2808 nobis
1592 2776 1765 2806 humiliter
1780 2773 2004 2812 supplicastis,
2020 2776 2056 2802 ut
2070 2772 2242 2810 providere
2257 2778 2357 2808 super

1347 2834 1409 2863 hoc
1435 2830 1669 2870 indenipuitati
1696 2833 1803 2858 vestre
1835 2831 1972 2865 paterna
2002 2824 2228 2855 sollicitudine
2258 2831 2356 2853 cura-

1348 2895 1471 2917 remus.
1489 2884 1574 2921 Quia
1593 2892 1669 2913 vero
1686 2881 1834 2921 ejusdem
1851 2878 2046 2909 monasterii
2065 2886 2158 2907 sacra
2175 2875 2292 2914 religio
2308 2875 2359 2905 sic

2486 2585 2498 2621 *n
2494 2560 2498 2575 -
2485 2492 2498 2545 dit..

2487 2767 2498 2786 κ
2494 2744 2498 2754 -
2494 2709 2498 2726 -
2488 2639 2498 2697 -ι-ι

2487 3255 2498 3300 ι’..
2487 3124 2498 3246 Amana»-
