2498 3325
249 238 306 267 460
974 232 1212 262 REGISTRES
1235 232 1541 264 D'ALEXANDRE
1564 234 1617 264 IV.

251 304 377 334 batam,
409 302 523 331 debeat
551 300 725 333 custodiri,
756 299 888 328 nemine
916 299 1096 328 claustrum
1123 298 1252 334 egredi,

252 356 361 393 gracia
376 365 448 384 cum
463 355 550 383 socio
564 354 611 383 vel
627 358 782 382 extrarn'ffo
800 352 940 381 habendi
957 351 1170 390 colloquium,
1190 351 1255 381 nisi

251 408 432 446 superioris
450 407 501 436 sui
522 406 715 435 auctoritatt¹
733 415 790 435 seu
809 405 954 438 licentia,
972 409 1193 443 presumente.

294 474 305 486 υ
324 463 416 493 Item,
435 461 520 499 quod
539 459 649 488 nullus
669 459 755 487 infra
774 463 864 496 septa
883 458 1093 490 monasterii,
1113 462 1188 487 ante
1206 457 1256 487 vel

253 520 320 554 post
339 515 435 544 horas
450 517 600 542 statutas.
621 512 686 541 nisi
704 511 741 539 de
755 511 936 548 superioris
949 510 1094 540 licentia.
1109 510 1256 540 comedat

253 573 306 597 aut
326 567 425 600 hibat,
447 565 589 603 exceptis
607 565 773 593 dumtaxat
793 562 958 592 debilibus
978 568 1007 592 et
1026 563 1180 592 infirmis.

295 632 306 645 »
328 622 479 650 Pri-terea
497 618 670 647 stai‘nineis
688 617 804 645 laneis.
825 625 886 645 uon
905 616 1015 650 lineis,
1033 616 1182 645 camisiis
1202 621 1257 645 aut

252 672 516 706 linteaminibus,
536 670 742 699 vestimentis
762 674 791 698 vt
809 669 1036 699 ‹·alciaim.=ntis
1053 669 1169 706 nigris,
1188 668 1257 707 pel-

252 727 345 756 liceis
363 725 494 762 agninis
512 724 731 754 con‘ununiter
749 727 893 756 utantur,
911 726 942 752 et
959 722 1095 759 singuli,
1114 723 1257 761 quicum

253 790 336 810 nova
360 778 553 817 receperint,
580 782 689 807 vetera
715 776 891 805 restituant
914 776 948 805 in
971 786 1051 805 usus
1077 785 1257 814 pauperum

252 832 483 862 convertenda.
504 832 538 860 In
556 829 728 859 refectorio
745 829 855 863 etiam,
871 829 1072 866 generaliter
1086 833 1117 858 et
1132 828 1258 865 regula-

253 887 344 920 riter,
365 885 425 914 tria
443 893 563 921 genera
583 882 784 912 serculorum
807 886 836 911 et
857 891 920 911 non
943 881 1052 920 plura,
1076 882 1259 911 secundum

254 937 525 968 consuetmlinem
552 935 820 973 predecessorum
846 939 1029 965 vestrorum
1055 934 1258 973 temporibus

253 991 472 1023 observatam,
499 990 690 1019 deserantur
713 992 744 1017 et
768 996 876 1017 eoram
899 988 1138 1026 prandentibus
1160 996 1259 1026 appo-

255 1051 387 1079 nantur,
407 1049 458 1079 ut,
477 1044 532 1083 qui
550 1053 586 1073 ex
604 1052 669 1073 uno
685 1043 776 1073 refici
795 1042 924 1081 nequit,
943 1043 1112 1073 reficiatur
1125 1052 1162 1072 ex
1177 1042 1257 1078 alio,

255 1098 452 1138 quibusdam
481 1101 589 1126 tamen
617 1096 733 1126 (liebus
761 1095 1017 1134 sollempnibus,
1038 1100 1108 1125 tum
1128 1100 1260 1134 p10pter

254 1150 509 1189 sollempnitatis
529 1149 765 1183 reverentiam,
790 1154 857 1178 tum
878 1153 1010 1187 propter
1030 1149 1260 1187 precedentem

253 1205 398 1235 laborem
432 1203 572 1232 nimium
603 1206 634 1232 et
664 1207 876 1241 sequentem,
904 1206 971 1231 tum
1001 1202 1099 1232 etiam
1129 1206 1262 1241 propter

253 1258 431 1287 multorum
461 1265 657 1285 concursum
685 1264 866 1294 pauperum
892 1255 1033 1294 quedam
1060 1255 1200 1294 pitantie
1226 1255 1261 1285 in

253 1310 439 1344 refectorio,
455 1309 635 1338 secundum
652 1308 781 1338 abbatis
797 1308 1006 1339 moderamen
1024 1313 1055 1339 et
1071 1309 1259 1343 arbitrium,

254 1363 454 1396 adiciuntur,
475 1361 709 1400 universisque
731 1361 874 1398 singulis
895 1361 1012 1391 (liebus
1035 1362 1168 1392 residua
1190 1363 1262 1392 sue-

255 1417 318 1446 rint
338 1416 370 1445 in
390 1415 563 1444 refectorio
581 1415 612 1443 in
627 1414 818 1443 alimoniam
836 1424 1016 1452 pauperum
1033 1415 1220 1452 erogandis.

297 1482 308 1495 »
331 1469 421 1498 Infra
438 1472 529 1505 septa
550 1476 680 1506 quoque
697 1467 908 1499 monasterii.
930 1476 1006 1497 esus
1023 1468 1173 1497 carnium
1191 1477 1261 1498 mo-

256 1522 371 1552 nachis
390 1530 452 1550 non
475 1521 684 1555 concedatur,
703 1520 870 1550 debilibus
887 1525 918 1550 et
935 1521 1057 1557 egrotis
1074 1526 1105 1551 et
1124 1522 1180 1560 qui
1199 1522 1262 1551 mi—

256 1575 391 1605 nutione
414 1574 566 1611 indigent
588 1573 622 1602 in
648 1573 860 1603 infirmitorio
885 1573 1035 1603 carnium
1062 1574 1263 1605 comestione

256 1627 429 1666 premissa.

299 1694 310 1707 n
332 1680 442 1710 Abbas
465 1689 540 1709 vero
558 1679 735 1718 aliquando
758 1679 849 1713 illos,
868 1679 1045 1717 aliquando
1065 1679 1148 1710 alios
1165 1681 1264 1710 advo-

257 1738 319 1768 cat,
339 1733 520 1762 secundum
538 1733 623 1771 quod
643 1732 730 1761 videt
747 1737 778 1762 et
794 1732 898 1761 credit
914 1733 1081 1770 expedire,
1101 1737 1137 1762 ut
1155 1742 1210 1763 cos
1228 1734 1262 1763 in

258 1796 388 1816 camera
405 1796 465 1815 suav
481 1785 599 1815 melius
617 1790 708 1815 extra
722 1785 933 1814 refectorium
947 1785 1111 1819 exhibeat,
1125 1796 1183 1816 nee
1199 1796 1263 1816 non

258 1840 424 1877 hospitum
443 1839 559 1875 gratia,
581 1839 734 1876 precipue
753 1847 866 1876 regum
884 1843 914 1868 et
932 1838 1093 1875 regalium
1111 1848 1264 1877 persona-

258 1901 342 1927 rum,
362 1902 401 1921 ne
419 1892 563 1930 ipsorum
586 1891 850 1927 indignationem
867 1891 1039 1921 incurrant
1056 1896 1087 1922 et
1104 1892 1265 1922 bonorum

259 1954 393 1975 suorum
411 1954 467 1983 per
487 1953 693 1982 consequens
711 1944 958 1979 detrimentum,
974 1944 1095 1982 quibus
1111 1945 1162 1974 vix
1179 1945 1267 1975 suffi-

258 1998 302 2028 cit
323 1998 410 2027 laute
430 2002 459 2027 et
476 1997 642 2036 copiosius
666 1997 852 2035 procurari,
871 1997 1026 2028 similiter
1043 1998 1266 2036 archicpisco-

259 2060 384 2089 porum,
400 2051 627 2089 episcoporum
644 2055 674 2080 et
689 2050 829 2079 aliorum
844 2050 1005 2079 nobilium
1019 2055 1049 2080 et
1061 2055 1264 2087 magnatum,

259 2102 438 2141 apostolice
456 2103 550 2133 Sedis
566 2102 748 2140 legatorum
762 2107 792 2132 et
805 2102 944 2131 aliorum
958 2104 1107 2132 Romane
1120 2103 1266 2133 Ecclesie

261 2156 454 2185 nuntiorum
481 2156 513 2185 in
537 2165 666 2186 cainera
691 2165 764 2191 sua,
791 2165 857 2185 una
882 2165 954 2185 cum
980 2156 1155 2192 fratribus,
1182 2156 1266 2186 cibis

261 2213 372 2238 utatur
388 2209 632 2239 communibus.

304 2273 316 2286 »
336 2261 448 2290 Priore
466 2261 527 2290 hoc
541 2261 627 2290 idem
644 2261 678 2290 in
696 2270 825 2290 camera
842 2271 902 2291 sua
915 2271 951 2291 cx
967 2262 1077 2292 causis
1094 2262 1267 2300 premissis

261 2314 413 2348 faciente,
435 2322 508 2343 eum
528 2313 679 2343 abbatem
698 2314 861 2352 contingit
883 2314 998 2344 abesse
1020 2324 1057 2343 ex
1079 2315 1189 2345 causis
1210 2324 1268 2346 ne-

263 2365 418 2395 cessariis
435 2369 465 2395 et
482 2365 631 2395 utilibus.
646 2370 756 2404 utpote
774 2367 829 2404 qui
842 2367 918 2405 jura
934 2367 1148 2405 pontificalia,
1162 2377 1198 2397 ex
1216 2368 1268 2397 in-

263 2418 442 2455 dulgentiis
460 2419 682 2447 Romanorum
699 2419 902 2456 pontificum.
917 2424 947 2449 et
964 2420 1098 2457 regalia,
1113 2430 1149 2449 ex
1167 2420 1269 2458 largi—

263 2470 410 2500 tionibus
436 2480 566 2508 regum,
586 2471 734 2500 noscitur
753 2471 917 2506 obtinere,
937 2473 993 2510 qui
1015 2473 1114 2502 etiam
1138 2477 1270 2511 propter

263 2523 401 2553 ecclesie
419 2532 477 2553 sue
494 2523 721 2553 defensionem
738 2528 769 2553 et
786 2524 946 2561 regalium
966 2525 1141 2555 tuitionem
1160 2526 1269 2556 diver-

263 2584 316 2605 sas
334 2579 442 2614 partes
459 2576 578 2613 Anglie
595 2577 709 2606 crebro
726 2577 934 2615 compellitur
950 2578 1103 2614 circuire,
1123 2579 1270 2617 predicto

265 2629 373 2666 priore
402 2628 570 2666 hospitum
600 2630 844 2668 susceptionem
875 2635 905 2659 ot
933 2631 1188 2668 exhibitionem,
1213 2632 1271 2671 qui

264 2681 389 2718 passim
406 2685 435 2710 et
450 2681 643 2711 indistincte
660 2682 694 2710 in
712 2682 824 2711 eodem
844 2683 1051 2721 recipiuntur
1068 2685 1271 2714 monasterio

265 2737 295 2762 et
328 2733 508 2763 honorifice
538 2734 752 2770 exhibentur,
785 2736 964 2765 secundum
996 2737 1271 2767 consuetudinem

267 2785 427 2815 hactenus
444 2786 748 2824 appi-oljatamdoco
766 2787 1024 2823 abbatis,1uedio
1042 2794 1186 2828 tempore
1202 2800 1271 2828 pro-

267 2842 402 2867 curante
415 2842 445 2868 et
457 2838 661 2869 custodiente
674 2840 800 2869 ordinis
815 2841 1058 2871 observantiam
1073 2843 1268 2879 regularem.

270 2890 318 2918 Ita
335 2890 497 2925 videlicet,
517 2891 603 2929 quod
621 2892 721 2921 abbas
733 2916 739 2927 ,
765 2893 833 2922 sive
858 2903 993 2931 presens
1010 2896 1109 2924 suerit
1127 2896 1196 2925 sive
1214 2896 1272 2925 ab-

1338 307 1426 332 sens,
1447 308 1561 329 omnes
1585 299 1732 338 hospites
1753 309 1827 329 cum
1849 299 2097 339 quatuordecim
2117 299 2344 330 evectionibus

1339 356 1369 381 et
1392 351 1478 381 ultra
1497 352 1635 390 recipiat
1651 357 1681 382 et
1698 353 1736 383 de
1754 362 1813 383 suo
1831 353 1984 383 exhibeat
2007 362 2080 382 cum
2100 353 2235 383 honore.
2257 353 2345 384 Con-

1339 409 1456 434 ventus
1469 414 1556 439 vero,
1571 405 1707 435 absente
1722 405 1850 441 abbate,
1863 414 1978 436 omnes
1992 414 2065 435 cum
2083 406 2240 436 tredecim
2254 410 2286 436 et
2301 405 2345 436 ci-

1339 462 1387 487 tra
1407 458 1543 496 recipiat
1559 463 1589 488 et
1607 458 1770 488 exhibeat.
1791 458 1916 488 Abbate
1935 467 2011 488 vero
2027 463 2195 497 presente,
2221 458 2347 496 passim

1339 514 1370 540 et
1393 510 1587 540 indistincte
1610 520 1724 541 omnes
1748 511 1889 550 majores
1911 516 1941 541 et
1962 511 2107 541 minores.
2130 511 2171 541 ab
2198 520 2236 541 eo
2260 510 2347 541 reci-

1340 563 1474 602 piantur
1490 569 1518 594 et
1538 569 1766 602 procurentur,
1789 569 1898 603 preter
1919 564 2092 602 religiosos
2114 573 2198 604 quos
2217 573 2347 603 semper

1339 620 1522 646 conventus
1541 616 1656 655 recipit
1673 621 1703 646 et
1722 621 1886 655 procurat.

1382 681 1394 695 ‚1
1414 669 1521 698 Amici
1544 673 1691 707 preterarea
1717 670 1878 708 speciales
1899 670 2037 700 ecclesie
2057 674 2088 700 et
2109 669 2347 700 monachorum

1340 721 1374 750 in
1394 721 1506 751 eodem
1531 721 1687 751 similiter
1705 723 1905 753 monasterio
1925 723 2145 753 admittuntur
2166 723 2348 753 honorifice

1341 779 1371 803 et
1397 774 1606 807 exhibentur,
1625 779 1670 809 et,
1689 783 1763 804 cum
1786 779 1985 813 oportunum
2002 775 2119 810 suerit,
2137 776 2258 806 fratres
2282 774 2349 806 sibi

1341 827 1502 866 speciales
1528 836 1545 856 a
1573 828 1744 866 superiore
1767 837 1826 858 suo
1846 827 2025 864 licentiati,
2053 828 2134 859 locis
2159 829 2297 860 seeretis
2317 831 2350 859 et

1341 881 1510 911 consuetis
1531 881 1570 910 ad
1592 880 1652 910 hoc
1671 881 1852 919 deputatis,
1880 890 1954 911 cum
1979 881 2104 912 eisdem
2122 881 2240 912 amicis
2264 881 2350 912 cibis

1342 934 1534 964 reticiantnr
1550 934 1793 969 communibus,
1812 934 1858 964 ita
1871 934 1958 973 quod
1974 943 2104 973 semper
2119 934 2278 965 honestas
2293 943 2350 964 or-

1342 988 1430 1017 dinis
1447 988 1640 1018 observetur
1659 992 1689 1017 et
1706 987 1887 1018 elemosina
1905 988 1995 1017 salva
2012 988 2080 1017 fiat.

1384 1053 1396 1067 n
1416 1041 1514 1070 Extra
1532 1050 1607 1070 vero
1619 1045 1710 1079 septa
1728 1040 1933 1075 monasterii,
1947 1041 2088 1071 diversis
2101 1050 2138 1071 ex
2151 1040 2272 1076 causis,
2287 1040 2351 1070 fra-

1344 1098 1409 1124 tres
1435 1094 1519 1123 cibis
1539 1093 1738 1131 regulariter
1753 1097 1890 1123 utantur
1910 1093 2154 1129 communibus,
2172 1093 2352 1132 aliquando

1343 1147 1472 1176 ratione
1496 1146 1620 1176 laboris
1645 1150 1675 1176 et
1702 1146 1870 1176 interdum
1896 1155 1954 1184 pro
1978 1146 2108 1176 defectu
2138 1146 2292 1185 piscium,
2315 1149 2352 1176 ut

1344 1199 1507 1237 contingit
1523 1199 1647 1237 sepius,
1673 1199 1721 1229 eis
1739 1198 1773 1227 in
1793 1198 1942 1228 diversas
1965 1204 2075 1236 partes
2095 1198 2350 1234 divertentibus,

1344 1251 1523 1290 aliquando
1543 1260 1617 1281 cum
1631 1251 1799 1281 declinant
1816 1251 1857 1281 ad
1873 1251 2008 1286 amicos,
2029 1260 2130 1289 penes
2144 1260 2227 1290 quos
2243 1251 2353 1290 pisces

1344 1305 1538 1335 multotiens
1553 1314 1618 1334 non
1636 1304 1794 1334 abundat.

1387 1371 1400 1385 »
1420 1358 1599 1389 Canonicis
1616 1358 1748 1396 quidem
1767 1357 1873 1393 horis,
1893 1366 2008 1387 omnes
2031 1357 2249 1396 personaliter
2266 1357 2354 1388 inte-

1346 1422 1436 1442 resse
1459 1416 1632 1449 coguutur,
1659 1410 1858 1450 quibusdam
1884 1410 2092 1440 infirmitatis
2116 1415 2147 1441 et
2171 1410 2354 1441 debilitatis

1345 1465 1474 1495 ratione
1491 1474 1527 1494 ac
1549 1464 1718 1494 commissi
1742 1463 1806 1493 sibi
1825 1464 2041 1502 occupatione
2057 1464 2156 1494 officii
2175 1463 2353 1498 excusatis,

1346 1528 1383 1548 ac
1399 1517 1554 1548 omnibus
1581 1516 1681 1546 simul
1705 1516 1956 1555 completorium
1982 1516 2188 1553 dicentibus,
2211 1517 2278 1547 nisi
2297 1516 2355 1556 qui

1346 1571 1510 1601 licentiati
1530 1580 1547 1600 a
1564 1570 1735 1608 superiore
1754 1570 1898 1605 suerint,
1918 1570 2113 1600 continuum
2137 1573 2289 1600 servatur
2307 1569 2355 1600 si-

1346 1623 1504 1658 lentium,
1533 1627 1743 1662 preterquam
1766 1622 1853 1661 quod
1875 1622 2010 1661 quidam
2031 1622 2071 1652 de
2089 1621 2353 1658 obedientiariis,

1347 1677 1526 1716 aliquando
1543 1677 1649 1715 gratia
1668 1676 1847 1715 hospitum,
1867 1675 2046 1714 aliquando
2057 1676 2181 1715 absque
2198 1675 2291 1713 gravi
2307 1683 2356 1706 ec-

1347 1731 1447 1762 clesie
1464 1740 1522 1760 sue
1540 1730 1758 1765 incommodo,
1777 1729 1857 1759 talia
1873 1738 2005 1759 servare
2023 1738 2087 1759 non
2105 1733 2255 1767 possunt.

1390 1797 1402 1811 >1
1421 1784 1470 1814 Ab
1489 1784 1599 1813 idibus
1618 1783 1755 1821 insuper
1772 1782 1969 1821 septembris
1988 1791 2094 1821 usque
2110 1782 2144 1811 in
2162 1786 2259 1821 eaput
2274 1790 2357 1821 qua·
2393 1786 2396 1788 “

1348 1838 1545 1875 dragesime,
1567 1846 1681 1867 onmes
1696 1837 1865 1876 jejunent,
1884 1836 2027 1874 exceptis
2046 1836 2164 1866 diebus
2180 1836 2357 1866 dominicis

1349 1895 1380 1921 et
1399 1890 1638 1928 sollempnibus
1657 1889 1764 1924 sestis,
1781 1889 1816 1918 in
1835 1889 1972 1928 quibus,
1994 1898 2030 1918 ex
2048 1889 2288 1919 consuetudine
2304 1897 2358 1919 ec-

1348 1945 1449 1975 clesie
1466 1943 1702 1982 antiquissima
1719 1946 1760 1978 et,
1778 1947 1814 1972 ut
1829 1942 2014 1980 predictum
2030 1945 2090 1977 est,
2113 1941 2276 1972 hactenus
2299 1950 2359 1980 ap-

1349 1997 1500 2036 probata,
1520 1991 1640 2027 fratres
1660 1996 1710 2026 bis
1733 1996 1940 2031 reficiuntur,
1966 2000 2034 2024 tum
2053 1999 2186 2034 propter
2206 1995 2358 2026 laborum

1349 2050 1615 2089 magnitudinem
1632 2054 1663 2079 et
1684 2048 1917 2087 prolixitatem,
1934 2056 2063 2078 necnon
2082 2057 2264 2086 pauperum
2283 2057 2359 2078 sus-

1352 2104 1579 2138 tentationem,
1598 2102 1632 2131 in
1650 2101 1718 2131 illis
1733 2101 1850 2131 diebus
1867 2101 2021 2136 maxime,
2040 2105 2118 2130 tunc
2134 2100 2175 2130 ad
2191 2104 2358 2131 monaste-

1351 2157 1437 2187 rium
1455 2155 1692 2186 confluentium
1709 2158 1938 2184 memoratum.

1393 2222 1405 2237 »
1427 2211 1598 2244 Preterea,
1618 2212 1653 2238 ut
1671 2207 1783 2238 nullus
1804 2212 1896 2246 septa
1919 2207 2026 2245 ipsius
2052 2207 2247 2238 monasterii
2264 2215 2358 2246 egre-

1351 2263 1472 2298 diatur,
1491 2266 1546 2292 aut
1563 2266 1654 2291 extra
1670 2260 1752 2290 illud
1773 2260 1938 2295 comedat,
1957 2260 1997 2290 ad
2014 2260 2101 2290 idem
2120 2259 2234 2290 eodem
2250 2269 2360 2291 corre·
2375 2299 2381 2304 ·

1351 2323 1509 2346 versurus
1527 2319 1576 2344 est
1595 2314 1662 2349 die,
1682 2314 1806 2351 absque
1828 2313 1880 2342 sui
1900 2313 2082 2350 superioris
2098 2312 2235 2343 licentia
2254 2312 2361 2352 impe·-

1352 2373 1447 2398 trata.
1461 2367 1496 2398 Si
1505 2367 1580 2406 quis
1591 2375 1666 2396 vero
1679 2365 1901 2404 prevaricator
1910 2365 2132 2403 predictorum
2143 2366 2246 2396 fuerit
2257 2369 2361 2396 statu·

1352 2425 1472 2456 torum,
1486 2430 1504 2450 a
1521 2419 1713 2449 custodibus
1730 2419 1858 2448 ordinis
1871 2418 1906 2447 in
1921 2418 2065 2457 capitulo
2077 2418 2296 2458 subsequenti
2307 2418 2360 2450 die

1352 2474 1477 2512 absque
1493 2481 1710 2511 personarum
1728 2471 1918 2509 acceptione
1934 2470 2167 2509 proclametur,
2182 2475 2229 2507 ut,
2245 2479 2360 2502 secun-

1353 2527 1430 2557 dum
1449 2525 1683 2555 discretionem
1699 2524 1900 2563 presidentis
1920 2528 1951 2554 et
1968 2523 2163 2562 qualitatem
2179 2528 2210 2554 et
2225 2524 2360 2564 quanti-

1352 2584 1453 2610 tatem
1470 2578 1593 2613 delicti,
1607 2578 1806 2615 corripiatur
1823 2581 1853 2606 et
1869 2576 2069 2614 regulariter
2083 2577 2279 2615 corrigatur.
2291 2577 2361 2608 Nos

1352 2633 1480 2671 itaque,
1508 2635 1615 2661 vestre
1642 2629 1828 2661 devotionis
1854 2629 2009 2668 precibus
2036 2629 2207 2665 inclinati,
2232 2630 2363 2668 prefata

1353 2689 1486 2719 statuta,
1505 2688 1600 2722 prout
1617 2688 1694 2713 sunt
1710 2682 1847 2721 provida
1864 2686 1894 2712 et
1910 2681 2056 2720 regulari
2073 2682 2291 2720 congruentia
2305 2682 2361 2713 ho-

1354 2738 1486 2773 nestati,
1500 2741 1571 2766 rata
1587 2736 1718 2766 habens
1730 2740 1761 2765 et
1775 2739 1878 2773 grata,
1895 2734 1953 2764 illa
1970 2735 2166 2765 auctoritate
2183 2735 2363 2774 apostolica

1354 2792 1589 2821 confirmamus
1610 2793 1639 2819 et
1662 2788 1827 2827 presentis
1844 2787 1959 2825 scripti
1976 2787 2160 2825 patrocinio
2177 2787 2363 2818 communi-

1354 2852 1439 2873 mus.
1464 2842 1556 2873 Nulli
1583 2846 1644 2872 etc.
1665 2845 1776 2883 nostre
1799 2840 2074 2870 confirmationis.
2098 2841 2172 2870 Dat.
2192 2839 2360 2878 Anagnie,

1356 2896 1387 2925 II
1404 2903 1508 2924 nonas
1526 2893 1670 2931 augusti,
1691 2901 1778 2922 anno
1794 2891 1950 2922 secundo.
1971 2903 1983 2918 ι)
