2498 3325
214 212 272 240 478
938 210 1177 241 REGISTRES
1199 210 1506 242 D'ALEXANDRE
1529 212 1584 242 IV.

215 276 336 303 carnalis
352 276 454 310 copula
472 284 525 301 non
544 276 628 301 fucrit
642 275 809 302 subsecuta.
828 275 910 308 (Rau.
925 275 970 307 2⁸4,
984 276 1003 302 s.
1020 275 1081 306 205³,
1098 284 1164 301 ann.
1183 275 1220 306 11,

215 332 240 350 c.
257 324 330 356 473.)

256 437 269 450 <t
295 426 445 454 Itoslanno
461 425 598 455 Columbi
614 430 639 454 el
659 426 822 462 Beuesaclr,
841 427 984 462 mulieri,
1005 427 1122 455 vicibus
1142 427 1222 455 Bur-

215 478 433 514 (ἰσῃαίεηκὶὺιις.
470 478 657 515 Apostol-ice
692 478 787 508 Sedis
827 479 1033 516 providentia
1063 496 1111 507 —.
1146 480 1217 509 Dat.

214 530 375 567 Anagnie,
395 531 426 560 II
444 539 547 560 nonas
562 531 761 565 novembris,
781 540 867 560 anno
886 532 1039 561 secundo.
1063 544 1075 557 »

287 710 395 737 155¹
742 710 867 744 Anagni,
886 711 918 738 ‘20
936 711 1052 737 octobre
1072 711 1147 739 ¹256.

250 770 347 796 Electo
374 770 578 797 Saresbiriensi
604 771 737 798 concedit
758 772 920 799 facultatem
944 773 1130 807 dispensandi
1153 782 1218 800 cunt

214 819 351 853 magistro
369 818 485 845 Simone
502 819 645 846 Germano
661 824 689 847 et
705 821 798 847 tribus
815 822 878 847 aliis
898 822 1011 848 clericis
1028 826 1056 848 et
1072 822 1220 848 familiari-

214 868 268 893 bus
284 868 357 902 ejus,
376 876 449 902 qnos
465 868 537 894 iufra
549 876 677 894 mensem
696 874 847 904 postquam
863 869 1012 897 intraverit
1026 879 1144 904 regnum
1159 871 1220 897 An-

213 916 287 951 gliae
303 917 469 942 nominatim
487 917 601 943 duxerit
617 918 838 952 exprimendos.
862 922 892 945 ut
916 919 1036 953 quilibet
1052 928 1150 946 corum
1170 920 1220 946 lla—

213 964 341 991 bcntium
362 965 560 992 ecclesiastica
576 966 715 993 beneficia
729 967 846 993 unicum
863 968 939 994 aliud
957 968 1126 994 beneficium
1144 969 1220 995 licite

215 1015 343 1048 recipere
359 1014 458 1040 valcat.
476 1014 559 1047 (Itan.
576 1014 621 1048 ⁶34,
636 1015 654 1041 f.
672 1015 735 1049 208,
749 1024 816 1043 ann.
829 1015 866 1046 ΙΙ,
880 1024 906 1042 ο,
919 1016 992 1044 ltili.)

255 1127 267 1141 α
292 1116 390 1144 Electo
418 1116 647 1145 Saresbiriensi.
674 1116 832 1147 Volentes
859 1121 949 1147 tuam
980 1117 1143 1148 honorare
1170 1136 1218 1147 —.

213 1169 285 1198 Dat.
320 1168 483 1205 Anagnie,
515 1169 599 1198 XIII
628 1168 787 1199 kalendas
813 1170 1014 1207 novembris,
1049 1180 1136 1201 anno
1168 1181 1221 1202 se-

213 1221 331 1251 cundo.
354 1233 366 1247 n

285 1401 398 1430 1552
757 1401 884 1435 Anagni,
903 1402 917 1428 5
936 1402 1052 1428 octobre
1073 1402 1148 1429 1256.

247 1463 318 1489 Cum
336 1463 474 1497 Magistro
497 1463 618 1498 [ingone
636 1463 734 1495 Feleti‚
759 1464 898 1490 canonico
922 1463 1139 1496 xanctonensi,
1161 1465 1221 1491 dis-

213 1516 323 1546 pensat,
344 1517 387 1545 ut,
408 1516 518 1546 praeter
534 1513 673 1539 ecclesias
689 1512 723 1538 sle
747 1512 864 1539 Mat-olio
886 1518 913 1539 et
936 1513 1033 1539 Sancti
1056 1513 1220 1547 Sigimundi

213 1561 239 1587 in
256 1560 364 1587 diocesi
383 1560 582 1586 Xanctonensi
599 1561 748 1592 obtentas,
771 1561 846 1587 aliud
870 1561 1041 1588 beneficium
1063 1562 1090 1588 in
1110 1562 1220 1589 Burde-

212 1608 320 1642 galensi
353 1608 498 1642 provincia
528 1608 605 1634 licite
633 1608 762 1642 recipere
789 1609 890 1635 valeat.
922 1608 1006 1643 (tn-20.
1032 1609 1080 1640 ⁶24,
1108 1610 1126 1636 f.
1156 1609 1220 1643 208,

211 1665 278 1684 ann.
291 1655 328 1688 ll,
346 1657 474 1689 2247'12.)

254 1770 266 1783 t(
292 1758 434 1794 mytra-0
456 1759 579 1796 Hztyonz'
601 1759 710 1793 Felent,
735 1759 882 1788 canonico
912 1761 1126 1789 ,Υαιῑείοιιιίιειῖ
1154 1761 1221 1791 Cu-

211 1811 340 1850 pientes
358 1811 452 1848 proni
469 1811 509 1840 ad
524 1829 573 1840 —.
592 1812 665 1841 Dat.
684 1812 848 1849 Anagnie,
870 1813 919 1842 111
939 1821 1043 1843 nonas
1062 1814 1218 1850 octobris,

212 1872 298 1893 anno
315 1864 470 1894 secundo.
490 1876 502 1890 »

285 2036 399 2064 1553
739 2036 867 2071 Anagni,
882 2037 915 2063 30
934 2038 1051 2064 octobre
1069 2039 1147 2066 1255.

245 2098 387 2124 Omnibus
404 2098 538 2132 praelatis
550 2099 699 2133 praecipit,
716 2100 854 2133 quatinus
871 2099 995 2134 benigne
1008 2101 1148 2136 recipiant
1164 2102 1220 2128 sra-

210 2149 269 2172 trcs
292 2146 409 2172 militiae
435 2146 587 2180 hospitalis
608 2146 639 2174 S.
660 2147 787 2173 'rhomae
805 2149 938 2182 martyris
954 2148 1173 2176 Cantuaricnsis
1190 2151 1217 2177 in

210 2194 322 2228 Accon,
341 2202 391 2228 pro
408 2194 592 2221 eleemosinis
608 2195 778 2230 colligendis
794 2196 827 2222 ad
842 2204 940 2223 eorum
958 2197 1018 2224 loca
1035 2198 1217 2231 accedentes,

210 2246 238 2269 et
255 2242 378 2269 nuntiari
396 2243 501 2269 saciant
516 2244 754 2270 constitutionem
777 2253 858 2271 suam
882 2245 917 2271 de
938 2245 1047 2272 eisdem
1070 2247 1217 2275 fratribus.

209 2290 292 2324 (Rso.
309 2291 353 2322 ⁶24,
367 2292 386 2317 s.
400 2291 460 2322 208,
477 2300 544 2318 ann.
557 2291 594 2323 ΙΙ,
611 2300 637 2319 c.
651 2293 722 2324 475.)

202 2364 212 2376 0

251 2405 263 2419 t<
284 2393 522 2430 .›1rcltiepiscopis
538 2398 563 2422 et
580 2395 733 2432 episcopis,
751 2396 922 2432 abbatibus,
940 2397 1110 2434 prioribus,
1131 2399 1218 2429 deca-

208 2447 269 2481 nis,
287 2446 526 2482 archidiaconis,
540 2447 712 2484 prepositis,
725 2449 991 2486 archipresbiteris
1006 2451 1116 2481 maltis
1129 2453 1217 2482 ecclc-

207 2499 326 2528 siartcm
341 2500 487 2536 prelatis,
506 2499 545 2528 ad
565 2508 637 2536 quos
653 2501 752 2530 littere
768 2502 823 2530 iste
837 2504 1045 2539 pervenerint.
1067 2504 1150 2535 Cum
1167 2505 1217 2534 di-

208 2551 303 2582 lectis
320 2552 399 2581 filiis
419 2575 451 2588 ..,
474 2552 649 2590 magistro,
671 2557 702 2583 et
720 2553 881 2585 fratribus
899 2555 1020 2586 militie
1040 2557 1216 2597 hospitalis

210 2604 323 2634 Sancti
338 2605 461 2635 Thome
478 2605 625 2636 martiris
642 2606 895 2638 Cantuariensis
909 2609 945 2638 in
961 2610 1070 2640 Accon
1083 2611 1216 2642 duxeri-

209 2666 283 2687 mus
311 2657 562 2696 indulgendum,
591 2662 627 2688 ut
654 2659 757 2690 semel
778 2660 813 2690 in
839 2670 926 2692 anno
950 2663 1156 2702 recipiantur
1180 2665 1216 2694 in

209 2710 358 2740 ecclesiis
375 2710 415 2740 ad
431 2710 630 2742 elemosinas
647 2712 860 2751 colligendas,
879 2715 1092 2746 universitati
1109 2721 1216 2749 vestre

209 2772 266 2801 per
294 2763 473 2801 apostolica
498 2764 620 2803 scripta
649 2766 845 2797 mandamus
871 2772 969 2806 atque
996 2770 1213 2809 precipimus,

209 2817 378 2855 quatinus,
396 2825 470 2846 cum
486 2817 606 2848 fratres
625 2818 689 2856 ipsi
709 2819 749 2848 ad
771 2819 842 2850 loca
862 2826 971 2852 vestra
987 2832 1044 2861 pro
1061 2823 1216 2855 elemosi-

209 2869 261 2899 nis
278 2869 479 2899 accesserint
491 2870 698 2909 colligendis,
715 2872 859 2911 benigne
872 2875 1072 2914 recipientes
1084 2878 1215 2909 eosdem

1305 280 1336 305 et
1353 275 1490 307 honeste
1507 280 1703 313 tractantes,
1722 278 1812 316 ipsos
1828 278 1862 308 in
1881 278 2031 309 ecclesiis
2049 280 2170 310 vestris
2185 289 2311 310 ammo-

1305 336 1383 358 nere
1398 328 1553 367 populum
1567 334 1597 359 ct
1612 329 1811 360 elemosinas
1823 330 1926 361 libere
1940 340 2079 370 querere
2091 333 2308 371 permittatis:

1304 381 1502 410 confratrias
1531 387 1657 411 vestras
1679 392 1761 421 quas
1789 384 1897 414 facere
1920 384 2057 422 potestis
2079 385 2199 416 cotidie
2222 385 2311 424 ipso-

1304 443 1377 463 rum
1395 435 1603 471 confratriis,
1626 445 1688 475 qne
1709 436 1811 466 semel
1830 437 1865 466 in
1887 446 1974 467 anno
1997 438 2093 474 fient,
2119 438 2311 470 nullatenus
2346 444 2349 446 ’

1304 493 1535 526 preponentes,
1551 498 1591 518 ne
1605 489 1777 519 occasione
1791 489 1924 519 illarum
1939 490 2118 521 elemosine
2130 500 2309 530 pauperum

1304 539 1429 570 Clu-isti
1449 540 1626 578 depereant
1645 546 1675 571 et
1692 541 1920 580 impediuntur
1935 552 2033 581 opera
2048 544 2194 582 pietatis.

1347 606 1359 620 n
1379 594 1424 623 De
1444 594 1673 631 parrochianis
1691 600 1801 625 autem
1818 596 1954 631 vestris,
1975 596 2031 635 qui
2048 597 2161 627 domos
2177 597 2311 628 illorum

1304 646 1465 676 invadunt
1491 656 1548 685 per
1570 647 1761 677 violentiam
1783 648 1833 678 vel
1855 649 2045 686 infringunt
2069 653 2125 679 aut
2152 649 2312 680 indebitis

1304 699 1466 729 molestiis
1497 700 1686 738 opprimunt
1717 700 1837 730 fratres
1866 701 1972 739 ipsos,
2006 706 2037 731 et
2068 706 2135 731 tarn
2164 702 2314 740 deposita

1304 761 1402 790 qnam
1420 762 1472 782 res
1496 752 1657 791 diripiunt
1679 754 1889 789 eorumdem,
1914 763 1989 783 cum
2009 754 2126 785 exinde
2148 756 2312 794 querimo-

1304 805 1393 834 niam
1410 805 1623 843 deposuerint
1642 815 1750 836 coram
1769 806 1872 842 vobis,
1893 811 1957 836 tam
1977 807 2161 838 districtam
2178 809 2226 838 eis
2239 808 2313 848 jus-

1281 867 1289 876 ·
1304 859 1411 888 titiam
1429 859 1559 889 faciatis
1577 864 1607 889 ct
1627 860 1672 889 ita
1685 860 1757 899 jura
1781 870 1895 890 eorum
1911 860 2089 892 defendere
2105 870 2142 892 ac
2160 865 2313 893 manute-

1304 922 1382 942 nere
1399 913 1537 943 curetis.
1556 913 1642 951 quod
1659 913 1722 951 ipsi
1740 914 1778 942 ad
1797 922 1856 943 nos
1873 923 1930 952 pro
1947 914 2219 954 defectujustitie
2235 923 2312 954 sepe

1302 975 1475 996 recurrere
1491 975 1556 996 non
1576 972 1746 1004 cogantur,
1766 968 1822 997 sed
1840 977 1898 997 nos
1916 967 2177 999 sollicitudinem
2193 973 2224 1000 et
2239 969 2313 1000 obe-

1303 1018 1462 1049 dientiam
1482 1023 1624 1049 vestram
1645 1020 1823 1050 debeamus
1842 1021 1959 1052 merito
1975 1021 2216 1059 commendare,
2237 1030 2313 1052 vos-

1303 1082 1366 1112 que
1382 1073 1619 1103 ]'›encfici01·tnn
1641 1084 1703 1113 qne
1720 1074 1753 1103 in
1774 1079 1887 1104 sancta
1906 1075 2001 1105 domo
2018 1075 2075 1105 illa
2096 1076 2191 1112 fiunt,
2209 1076 2314 1115 parti-

1304 1125 1392 1164 cipes
1412 1126 1574 1156 existatis.

1345 1191 1358 1205 ι)
1380 1180 1534 1209 I’reterea
1552 1179 1675 1209 liberas
1694 1184 1725 1209 et
1741 1180 1910 1210 absolutas
1931 1190 2104 1219 personas,
2125 1191 2188 1221 que
2205 1191 2240 1214 se
2255 1182 2312 1213 do-

1304 1231 1372 1260 mni
1390 1240 1503 1261 eorum
1524 1231 1558 1260 in
1583 1232 1725 1262 sanitate
1749 1232 1799 1262 vel
1821 1232 1855 1262 in
1880 1232 2075 1264 infirmitate
2093 1234 2310 1271 reddiderint,

1302 1285 1407 1315 libere
1424 1294 1461 1315 ac
1477 1286 1550 1316 sine
1571 1286 1723 1316 molestia
1746 1287 1850 1325 recipi
1874 1287 2075 1325 permittatis
2099 1287 2139 1318 ab
2160 1288 2224 1324 eis,
2252 1297 2314 1320 nec

1303 1340 1393 1378 ipsos
1410 1349 1508 1378 super
1527 1339 1588 1370 hoc
1608 1340 1775 1378 temptetis
1792 1340 2004 1379 aliquatenus
2022 1341 2196 1379 impedire.

1345 1405 1359 1419 »
1378 1392 1463 1423 Illud
1480 1397 1590 1423 antem
1608 1402 1672 1423 non
1690 1393 1900 1424 mediocriter
1917 1398 2024 1424 movet
2042 1403 2112 1430 nos,
2131 1403 2192 1425 nec
2207 1395 2313 1425 modi-

1304 1456 1378 1476 cum
1396 1446 1620 1476 ecclesiastice
1637 1446 1771 1484 derogat
1788 1446 1966 1478 honestati.
1984 1447 2071 1486 quod
2088 1447 2222 1486 quidam
2238 1457 2314 1478 ves-

1305 1503 1391 1529 trum
1408 1503 1522 1529 eontra
1538 1499 1786 1530 institutionem
1803 1505 1993 1530 sanctorum
2010 1504 2141 1538 patrum
2156 1501 2192 1530 in
2207 1501 2313 1532 Turo-
2350 1499 2354 1503 '

1305 1552 1401 1582 nensi
1423 1552 1563 1582 concilio
1581 1552 1714 1587 editam,
1732 1553 1872 1582 fratrum
1895 1553 2045 1591 ipsorum
2067 1562 2214 1592 corpora,
2237 1563 2312 1584 cum

1304 1605 1478 1640 decedunt,
1497 1605 1614 1635 nolunt
1631 1606 1703 1636 sine
1722 1605 1828 1644 pretio
1846 1606 1987 1644 sepelire
2007 1616 2014 1635 :
2032 1606 2131 1642 unde,
2151 1607 2231 1646 quia
2246 1611 2313 1638 tam

1303 1668 1404 1697 prava
1427 1658 1553 1688 exactio
1571 1663 1601 1688 et
1619 1658 1736 1698 iniqua
1754 1667 1818 1688 non
1836 1663 1885 1689 est
1902 1659 2113 1698 aliquatenus
2130 1659 2312 1696 toleranda,

1303 1713 1338 1742 in
1356 1712 1543 1742 obedientie
1561 1712 1654 1742 vohis
1671 1713 1793 1742 virtute
1810 1713 2026 1751 precipimus,
2052 1716 2088 1742 ut
2108 1712 2200 1742 nullo
2218 1713 2313 1744 modo

1304 1775 1321 1795 a
1338 1765 1499 1795 fratribus
1516 1765 1598 1803 ipsis
1619 1765 1668 1795 vel
1685 1765 1761 1795 aliis
1780 1774 1838 1804 pro
1862 1765 2032 1804 sepultura
2050 1765 2228 1804 quicquam
2245 1765 2314 1796 exi-

1304 1827 1380 1856 gere
1407 1817 1456 1848 vel
1482 1818 1641 1856 accipere,
1669 1818 1735 1848 nisi
1761 1818 1847 1856 quod
1873 1822 2055 1856 spontanea
2083 1818 2313 1849 decedentium

1303 1871 1487 1901 liberalitas
1508 1871 1559 1901 vel
1583 1875 1756 1909 parentum
1778 1871 1908 1901 devotio
1933 1871 2026 1900 vobis
2047 1871 2235 1908 contulerit,
2263 1875 2313 1902 at-

1305 1924 1489 1963 temptetis,
1519 1924 1575 1954 sed
1605 1924 1729 1962 absque
1756 1923 1822 1953 nllo
1848 1924 1953 1962 pretio
1977 1923 2148 1962 sepeliatis
2176 1933 2314 1963 corpora

1303 1981 1518 2013 mortuorum,
1539 1981 1568 2007 et
1584 1977 1612 2006 si
1631 1977 1706 2016 quis
1723 1976 1783 2006 hoc
1802 1976 1944 2006 ulterius
1963 1977 2218 2015 attemptaverit,
2236 1977 2314 2007 tali-

1305 2035 1353 2061 ter
1376 2030 1649 2060 animadvertatis
1668 2030 1701 2059 in
1726 2039 1800 2060 eum
1826 2030 1913 2069 quod
1935 2029 2077 2068 amplius
2102 2030 2228 2060 similia
2245 2038 2312 2060 non

1302 2088 1483 2122 presumat.

1344 2149 1358 2164 »
1382 2137 1433 2166 Ad
1454 2137 1517 2167 hoe
1537 2136 1629 2167 vobis
1655 2137 1861 2175 presentium
1885 2137 2081 2166 anctoritate
2095 2137 2311 2176 precipimus,

1302 2199 1343 2220 ne
1363 2190 1402 2220 ab
1419 2190 1478 2226 eis,
1499 2193 1613 2220 contra
1630 2194 1777 2220 tenorem
1791 2189 2044 2228 privilegiorum
2060 2189 2239 2228 apostolice
2253 2190 2314 2221 Se-

1302 2245 1364 2281 dis,
1384 2245 1423 2275 de
1447 2244 1662 2274 nutrimentis
1689 2244 1886 2274 animalium
1905 2253 2052 2281 suorum,
2077 2245 2147 2276 sive
2165 2245 2205 2276 de
2227 2244 2312 2284 ipsis

1301 2297 1504 2328 animalibus
1520 2297 1665 2328 decimas
1682 2297 1814 2335 exigere
1829 2297 2043 2336 presumatis.

1343 2363 1355 2378 »
1372 2350 1455 2382 Cum
1473 2354 1582 2380 antem
1599 2350 1743 2380 oratoria
1761 2350 1811 2380 vel
1831 2350 2007 2386 cimiteria,
2026 2351 2210 2381 secundum
2225 2351 2314 2390 quod

1301 2405 1349 2435 eis
1367 2408 1416 2434 est
1436 2404 1598 2434 beneficio
1621 2403 1875 2442 privilegiorum
1897 2403 2044 2434 Ecclesie
2064 2405 2214 2434 Romane
2232 2412 2311 2434 con-

1300 2466 1441 2493 cessum,
1460 2456 1613 2492 duxerint
1633 2456 1866 2492 construenda,
1890 2465 1965 2492 vos,
1988 2456 2109 2486 fratres
2127 2455 2313 2495 archiepis-

1300 2509 1372 2548 copi
1388 2513 1420 2540 et
1435 2509 1592 2548 episcopi,
1611 2509 1659 2539 eis
1675 2518 1733 2548 pro
1751 2518 1785 2539 se
1802 2518 1839 2539 ae
1854 2508 1985 2539 familia
2007 2517 2068 2539 sua
2091 2512 2220 2539 tantum
2235 2517 2311 2539 ora-

1299 2562 1384 2593 toria
1400 2562 1552 2593 dedicare
1569 2571 1605 2592 ac
1622 2562 1788 2592 cimiteria
1803 2562 2001 2599 benedicere
2023 2561 2223 2600 procuretis,
2249 2570 2310 2592 nec

1299 2614 1422 2654 aliquis
1440 2619 1586 2645 vestrum
1600 2619 1714 2645 contra
1730 2619 1878 2645 tenorem
1891 2614 2144 2654 privilegiorum
2160 2615 2310 2654 ipsorum

1298 2668 1333 2697 id
1348 2667 1509 2706 impedire
1526 2668 1645 2698 audeat
1661 2668 1873 2707 aliquatenus
1889 2667 1941 2698 vel
1956 2666 2101 2698 turbare.

1340 2732 1354 2747 »
1372 2721 1419 2751 De
1435 2725 1544 2750 cetero
1561 2721 1718 2760 qnoniam
1736 2721 1857 2750 fratres
1873 2720 1994 2750 militie
2009 2719 2150 2759 predicti
2163 2719 2308 2758 hospita-

1297 2774 1340 2804 lis
1362 2774 1398 2803 in
1422 2775 1541 2804 vestris
1565 2774 1809 2813 episcopalibus
1827 2774 2010 2810 constituti,
2031 2774 2100 2812 qui,
2122 2781 2253 2804 crucem
2276 2777 2314 2803 et*

1299 2836 1396 2858 suum
1417 2827 1568 2857 habitum
1589 2828 1802 2866 deponentes,
1821 2836 1879 2865 per
1894 2826 2070 2857 illecebras
2087 2826 2190 2857 seculi
2208 2830 2239 2856 et
2257 2825 2310 2855 vi-

1299 2880 1419 2910 tiorum
1437 2884 1566 2918 arrepta
1583 2884 1755 2918 vagantur.
1781 2884 1811 2909 ct
1836 2879 1912 2909 illos
1938 2879 2038 2909 etiam
2061 2879 2118 2918 qui
2138 2877 2314 2917 prioribus

2479 2955 2498 3325 inno-*omn—
2487 2944 2494 2948 ι
