2441 3330
213 234 267 263 14⁴3
938 231 1176 262 REGISTRES
1199 230 1507 262 D'ALEXANDRE
1532 233 1584 263 IV.

209 299 344 328 idoneos
362 299 574 336 presbyteros
592 298 758 328 seculares
776 299 907 328 faciatis
924 298 958 328 in
978 298 1064 328 dicta
1081 297 1220 328 ecclesia
1258 298 1265 303 ”

209 351 380 384 deserviri,
394 351 563 380 diocesani
578 351 722 389 episcopi
739 355 769 381 ct
786 351 1012 382 archidiaconi
1025 352 1087 381 lori
1104 352 1138 380 in
1155 360 1220 381 oni-

210 404 306 433 nibus
329 404 403 442 jure
431 404 532 433 salvo.
561 404 652 434 Nulli
679 409 740 434 etc.
769 409 879 435 nostre
905 405 1130 435 concessionis
1157 409 1218 436 etc.

208 458 279 486 Dat.
300 456 448 494 Neapoli,
472 457 568 486 nonis
587 457 764 493 februarii,
783 467 870 488 anno
886 459 1002 496 primo.
1026 471 1038 484 »

278 627 366 655 499

244 689 349 714 Abbati
367 693 394 715 et
407 690 563 715 conventui
576 690 740 716 monasterii
753 690 788 715 de
803 690 885 720 Lura,
899 690 1009 717 ordinis
1020 699 1044 718 s.
1059 691 1217 722 Benedicti.

208 737 410 763 Sistaricensis
426 737 567 771 diocesis,
584 738 734 764 ecclesiam
751 738 784 764 de
803 738 943 770 Rosseto,
962 740 1105 773 [tt-gensis
1122 741 1219 768 dioce-

209 785 260 818 sis,
285 785 328 811 eis
352 791 468 819 propter
495 790 689 820 paupertatem
715 796 729 813 a
756 785 848 821 priore
871 792 899 814 et
924 793 1066 815 conventu
1091 790 1124 815 de
1147 789 1219 816 Caro

209 833 300 867 Loco,
318 834 459 868 Aptensis
479 834 619 864 diocesis,
637 834 671 861 de
688 835 832 862 voluntate
849 836 959 863 abbatis
980 837 1086 864 Montis
1101 838 1220 872 Maioris

207 886 235 908 et
251 882 285 908 de
301 883 519 909 confirmatione
536 884 666 917 episcopi
686 884 833 917 Regensis
855 885 1036 919 deputatam,
1058 887 1217 913 confirmat.

207 930 289 963 (nso.
308 931 351 963 Ἣ,
368 939 393 957 0.
412 931 472 964 409,
491 932 509 957 s.
527 932 581 963 59.)

812 628 928 663 Naples,
948 628 979 655 14
997 629 1052 655 mai
1069 629 1146 655 1255.

250 1046 261 1058 11
350 1034 451 1061 abbati
473 1039 498 1062 e!
525 1036 690 1063 conventui
716 1037 897 1064 monasterii
919 1037 951 1065 de
974 1038 1067 1067 Lura.
1099 1039 1219 1068 ordinis

206 1087 305 1114 sancti
320 1086 481 1121 Bructlz'elz'‚
498 1088 710 1116 Sislarzteensis
726 1089 858 1117 diocesis.
879 1089 1096 1125 Exigentibus
1110 1095 1218 1120 vestre

207 1138 392 1167 devotionis
410 1138 549 1173 meritis,
575 1140 658 1169 votis
682 1141 801 1169 vestris
824 1140 966 1170 libenter
987 1142 1166 1173 annuimus
1187 1147 1219 1173 01

207 1190 384 1227 petitiones
404 1192 529 1220 vestras
547 1196 708 1229 quantuni
723 1202 796 1221 cum
810 1194 878 1222 Deo
894 1203 1070 1231 possumus
1086 1196 1218 1224 favora-

208 1242 318 1271 biliter
344 1243 550 1273 exaudinnls.
578 1245 661 1275 Cum
687 1246 800 1281 igitur,
828 1246 912 1276 sicut
933 1257 969 1277 ex
991 1253 1080 1285 parte
1109 1254 1218 1279 vestra

206 1295 268 1323 suit
285 1296 488 1333 111011051111111
508 1305 617 1326 eoram
636 1297 746 1333 1101115,
766 1298 907 1328 dilectus
920 1299 1010 1329 filius
1033 1324 1065 1335 ..,
1085 1301 1174 1339 111101
1187 1306 1218 1332 01

205 1353 387 1377 conventus
405 1349 569 1386 prioratus
586 1350 624 1379 de
637 1350 720 1381 Caro
735 1352 830 1386 Loco,
848 1352 975 1382 ordinis
992 1354 1097 1383 sancti
1115 1355 1217 1385 Bene-

205 1401 295 1432 dicti.
315 1401 471 1438 Aptvnsis
495 1402 652 1437 diocesis,
677 1404 715 1433 de
734 1404 903 1434 voluntate
922 1409 953 1435 ct
973 1414 1138 1436 consensu
1161 1408 1218 1436 ab·

206 1453 290 1482 batis
308 1458 338 1482 et
356 1458 537 1484 conventus
562 1456 758 1485 monasterii
780 1456 903 1486 Montis
926 1458 1077 1496 Majoris,
1101 1459 1218 1489 Arela-

207 1506 310 1535 tensis
329 1506 487 1541 diocesis,
506 1507 560 1537 cui
583 1508 750 1545 prioratus
771 1509 841 1547 ipse
861 1510 997 1540 subesse
1021 1511 1215 1547 dinoscitur,

205 1567 316 1588 eorum
343 1559 517 1589 ecclesiam
544 1560 582 1590 de
614 1562 768 1597 Rosseto,
797 1563 962 1600 Regensis
991 1563 1151 1599 diocesis,
1178 1565 1219 1595 ad

205 1611 335 1640 cosdem
359 1612 501 1649 priorem
520 1617 549 1641 et
573 1618 773 1643 conventum
792 1614 888 1652 pleno
905 1615 980 1654 jure
1002 1619 1215 1654 spectantem,

207 1668 375 1693 reservato
396 1669 484 1694 certo
508 1666 572 1695 sibi
596 1675 706 1696 annuo
730 1676 846 1702 censu,
873 1668 967 1698 vobis
988 1674 1147 1707 perpetuo
1164 1670 1219 1708 pia

205 1716 405 1746 lilim-alilah}
423 1717 576 1747 [luxerint
599 1719 857 1755 concedendam,
882 1724 911 1750 et
930 1721 1130 1751 venerabilis
1150 1722 1218 1752 fra-

205 1773 253 1798 ter
272 1774 383 1798 noster
456 1771 618 1807 Regensis
635 1772 819 1810 episcopus,
839 1774 1087 1803 concessionem
1104 1774 1218 1813 hujus-

205 1821 291 1850 modi
318 1823 539 1857 rotuli-marin
568 1832 627 1852 nos
652 1824 772 1854 vestris
794 1825 1093 1863 supplicationibus
1119 1827 1218 1856 incli-

205 1874 284 1904 nati.
301 1874 386 1912 quod
402 1875 538 1905 eandem
555 1876 730 1906 ecclesian]
747 1886 860 1908 mense
875 1883 983 1908 vestre
1001 1888 1099 1917 quam
1116 1880 1217 1910 nimis

204 1935 275 1955 esse
293 1930 425 1956 bfnneni
444 1929 595 1957 asseritis
613 1930 748 1967 possitis
767 1935 924 1968 perpetuo
943 1931 1116 1969 deputare,
1139 1941 1217 1963 auc-

205 1979 335 2008 toritate
352 1980 445 2009 vobis
466 1982 672 2018 presentium
690 1982 918 2021 indulgemus,
939 1989 1107 2014 reservata
1128 1985 1217 2015 vica-

203 2032 252 2061 rio
269 2032 302 2060 in
323 2041 359 2061 ea
377 2037 534 2070 perpetuo
552 2034 694 2064 Domino
712 2036 876 2065 servituro
893 2036 931 2065 de
952 2037 1058 2075 ipsius
1078 2038 1216 2068 ecclesie

203 2085 417 2121 proventibus
439 2094 585 2123 congrua
607 2088 755 2124 portione
779 2088 817 2118 de
837 2098 901 2127 qua
923 2090 1027 2127 possit
1048 2091 1215 2121 commode

203 2138 383 2166 sustentari
404 2148 439 2167 ac
463 2138 663 2176 episcopalia
682 2144 713 2169 et
732 2140 798 2169 alia
820 2150 921 2171 onera
944 2142 1113 2173 ordinaria
1137 2152 1215 2182 sup-

202 2193 344 2226 portare.
369 2190 461 2219 Nulli
485 2195 546 2220 etc,
570 2196 681 2222 nostre
702 2194 928 2224 concessionis
949 2198 1010 2224 010.
1033 2196 1103 2225 Dat.
1126 2196 1215 2226 Nea-

203 2242 279 2279 poli,
299 2244 329 2272 II
347 2243 422 2273 idus
441 2244 532 2277 maii,
551 2253 638 2275 anno
654 2246 770 2283 primo.
790 2258 802 2272 2>
1209 2239 1211 2243 Α

275 2411 370 2439 500
796 2415 914 2450 Naples.
928 2416 960 2443 24
977 2417 1047 2444 avril
1066 2417 1142 2445 1‘255.

239 2473 346 2499 Abbati
363 2477 390 2499 et
402 2476 556 2501 conventui
569 2476 735 2502 monasterii
746 2476 781 2502 de
795 2476 985 2510 Boscoidone„
998 2478 1214 2507 Ebredunensis

202 2521 347 2553 diocesis,
369 2522 524 2548 ecclesiam
540 2531 564 2550 5.
582 2523 720 2551 Honorati
736 2525 771 2551 de
788 2525 967 2560 Pinum-oles,
985 2526 1129 2561 Regensis
1149 2528 1214 2555 dio-

202 2570 296 2603 cesis,
316 2569 350 2595 ab
368 2571 504 2605 episcopo
522 2571 650 2606 Regensi
667 2573 694 2598 iu
711 2580 784 2599 usus
800 2575 932 2608 proprios
952 2575 994 2601 eis
1012 2579 1127 2610 propter
1143 2585 1214 2611 pau-

202 2620 341 2651 pertatem
357 2617 533 2653 deputatam,
549 2620 710 2648 confirmat.
726 2620 810 2654 (Res.
824 2622 867 2653 24,
886 2630 911 2650 c.
929 2623 989 2657 410,
1007 2614 1097 2656 f.'59.)

245 2730 257 2743 κ
279 2740 312 2752 ..‚
333 2718 434 2747 abbati
450 2723 474 2747 et
491 2722 655 2749 conventui
673 2723 854 2751 monasterii
869 2723 902 2752 (Ze
920 2724 1109 2760 Boscotdone,
1128 2726 1213 2755 ordi-

201 2771 251 2799 nis
274 2771 373 2799 sancti
395 2771 563 2806 Benedicti,
588 2773 811 2803 Ebreclunensis
834 2775 969 2805 diocesis.
994 2777 1212 2815 Exigentibus

201 2826 262 2851 etc.
288 2831 394 2860 11511110
415 2832 421 2851 :
440 2831 550 2852 coram
567 2824 674 2854 nobis.
692 2826 904 2857 Venerabilis
924 2828 1027 2858 frater
1043 2833 1155 2860 noster
1178 2853 1210 2866 ..‚

202 2874 375 2912 episcopus
404 2875 583 2912 Regensis,
614 2877 788 2908 attendens
818 2879 905 2917 quod
931 2880 1080 2911 redditus
1110 2882 1213 2912 vestri

1304 303 1397 328 erant
1411 302 1526 329 tenues
1541 303 1571 329 et
1592 300 1705 335 exiles,
1723 301 1860 338 capituli
1877 301 1929 331 sui
1948 302 2123 332 accedente
2137 311 2313 336 consensu,

1304 350 1479 380 ecclesiam
1496 352 1601 382 sancti
1618 353 1779 382 Honorati
1796 353 1835 383 de
1853 353 2044 389 Pallairols7
2063 355 2227 393 Regensis
2243 355 2315 386 dio-

1303 403 1405 438 cesis,
1428 404 1462 433 in
1486 413 1551 442 qua
1569 414 1624 434 vos
1643 405 1698 444 jus
1720 410 1913 443 patronatus
1942 406 2253 442 liabehatis‚.vobis
2278 408 2313 438 in

1303 465 1384 486 usus
1409 457 1558 494 proprios
1584 457 1764 495 deputarit3
1788 467 1847 488 1105
1869 459 1989 488 vestris
2014 459 2314 497 supplicationibus

1303 509 1476 543 inclinati,
1499 510 1586 548 (111011
1606 519 1705 549 super
1725 510 1786 540 1100
1812 511 1852 540 ab
1876 511 1990 541 codem
2011 512 2163 550 episcopo
2179 512 2314 551 provide

1303 562 1426 590 sactum
1443 566 1492 591 est
1508 566 1616 591 ratum
1635 567 1666 592 et
1682 567 1810 599 gratum
1829 563 2001 598 habentes,
2018 563 2101 594 illud
2117 564 2314 595 auctoritate

1303 614 1482 652 apostolica
1494 614 1728 645 confirmamus
1741 619 1802 645 etc.
1816 624 1921 654 usque
1933 626 1939 644 :
1953 617 2206 646 communimus.
2221 615 2314 646 Nulli

1303 670 1361 696 etc.
1387 671 1497 696 nostre
1517 667 1780 697 confirmationis
1801 672 1862 698 etc.
1887 669 1960 698 Dat.
1982 668 2137 706 Neapoli,
2156 669 2237 699 VIII
2255 668 2314 699 ka-

1302 718 1417 749 lendas
1435 719 1525 751 maii,
1544 728 1631 750 anno
1647 720 1764 758 primo.
1788 734 1800 747 »

1372 885 1456 914 50¹
1908 886 2026 920 Napies,
2044 886 2074 913 18
2090 887 2145 913 mai
2162 886 2240 914 ¹255.

1338 946 1540 974 Bartliolomeo
1563 948 1597 973 de
1622 948 1744 981 Angelo,
1768 948 1823 974 civi
1846 948 2029 982 Amalfitano,
2051 951 2079 975 et
2099 948 2214 982 Mariae,
2231 952 2313 976 natae

1300 996 1402 1022 Jacobi
1418 996 1452 1022 de
1468 995 1572 1023 Judice
1589 996 1762 1027 Amalfitani,
1776 1001 1877 1031 quarto
1893 998 2154 1031 consanguinitatis
2171 997 2262 1032 gradu
2277 997 2313 1024 ad

1301 1045 1423 1073 invicem
1447 1045 1667 1079 attingentibus,
1691 1046 1936 1080 dispensationem
1963 1047 2137 1073 matrimonii
2159 1046 2194 1072 ab
2215 1045 2261 1078 0.,
2285 1054 2310 1073 s.

1300 1094 1406 1121 Mariae
1434 1095 1459 1120 in
1490 1093 1542 1120 Via
1565 1095 1619 1120 lata
1644 1094 1764 1120 diacono
1792 1095 1934 1121 cardinale
1957 1103 2126 1122 concessam
2149 1094 2312 1122 confirmat.

1301 1143 1382 1176 (Res.
1400 1144 1443 1173 24,
1460 1152 1485 1170 0.
1501 1143 1562 1176 411,
1580 1144 1599 1170 f.
1617 1144 1672 1176 59.)

1342 1257 1354 1271 «
1382 1245 1588 1273 Bartholomeo
1609 1245 1642 1273 (le
1661 1246 1789 1283 Amycle,
1812 1247 1874 1274 civi
1889 1246 2086 1282 Amalfitana
2107 1246 2193 1282 Quia
2215 1245 2310 1275 nobis

1300 1300 1331 1327 et
1348 1296 1495 1326 Ecclesie
1513 1297 1649 1327 devotus
1667 1306 1739 1327 esse
1758 1297 1895 1332 diceris,
1914 1306 2089 1335 personam
2105 1301 2196 1328 tuam
2211 1298 2310 1336 digne

1299 1349 1535 1387 prosequimur
1551 1350 1674 1379 favoris
1691 1350 1797 1385 gratia
1814 1349 1980 1388 specialis.
1998 1351 2085 1380 Sane
2100 1350 2185 1380 lecta
2200 1358 2310 1380 coram

1301 1401 1396 1431 nobis
1414 1405 1470 1431 tua
1489 1401 1605 1439 petitio
1621 1402 1821 1437 continebat,
1835 1402 1920 1440 quod
1936 1401 2076 1432 dilectus
2092 1402 2182 1432 filius
2199 1406 2312 1433 noster

1299 1455 1350 1490 0.,
1370 1458 1482 1484 sancte
1499 1454 1603 1484 Marie
1620 1454 1654 1483 in
1670 1454 1732 1484 Via
1750 1453 1817 1484 lata
1836 1454 1995 1484 diaconus
2007 1454 2198 1490 cardinalis,
2215 1462 2311 1492 apos-

1300 1507 1396 1537 tolice
1425 1507 1520 1537 Sedis
1550 1506 1696 1544 legatus,
1725 1507 1921 1536 auctoritate
1950 1510 2063 1537 nostra
2088 1510 2197 1537 tecum
2224 1506 2312 1546 quod

1300 1560 1451 1595 Mariam,
1471 1564 1582 1589 natam
1595 1559 1711 1590 Jacobi
1722 1559 1761 1589 de
1777 1559 1894 1590 Judice
1908 1558 2112 1594 Amalfitani,
2127 1559 2163 1588 in
2175 1567 2311 1589 uxorem

1299 1613 1361 1642 tibi
1384 1612 1538 1650 copulare
1559 1611 1689 1647 valeas⁷
1714 1620 1780 1642 non
1799 1612 1950 1642 obstante
1974 1612 2061 1650 quod
2083 1616 2119 1642 tu
2137 1615 2168 1642 et
2185 1611 2259 1650 ipsa
2275 1611 2311 1641 in

1300 1670 1418 1705 quarto
1428 1665 1729 1703 consanguinitatis
1741 1665 1845 1703 gradu
1856 1665 1897 1695 ad
1907 1665 2051 1695 invicem
2062 1673 2120 1695 vos
2131 1664 2309 1702 attingitis,

1299 1718 1515 1757 dispensavit,
1529 1722 1625 1756 prout
1638 1718 1673 1747 in
1684 1717 1876 1756 patentibus
1886 1717 2008 1748 litteris
2020 1717 2179 1748 consectis
2192 1716 2311 1747 exinde

1299 1781 1336 1802 ac
1364 1771 1474 1809 sigillo
1501 1770 1680 1800 cardinalis
1709 1770 1828 1808 prefati
1856 1770 1997 1807 signatis
2024 1769 2158 1808 plenius
2187 1769 2310 1799 dicitur

1299 1824 1475 1855 contineri.
1499 1824 1567 1853 Nos
1588 1823 1700 1861 itaque
1723 1823 1859 1853 obtentu
1878 1822 2080 1852 venerabilis
2101 1822 2215 1853 fratris
2231 1830 2309 1852 nos-

1299 1878 1341 1907 tri
1371 1901 1403 1913 ..,
1427 1876 1669 1914 archiepiscopi
1691 1876 1913 1910 Salernitani‚
1936 1876 2030 1914 cujus
2055 1884 2157 1913 nepos
2179 1875 2306 1908 existis.

1298 1931 1364 1960 tuis
1388 1929 1687 1968 supplicationibus
1712 1928 1885 1963 inclinati,
1907 1928 1993 1967 quod
2012 1928 2183 1958 abeodem
2200 1927 2308 1958 cardi-

1298 1983 1373 2013 nale
1389 1992 1489 2020 super
1510 1982 1572 2012 hoc
1589 1982 1713 2011 factum
1735 1985 1781 2011 est
1802 1985 1909 2010 ratum
1931 1985 1961 2011 et
1979 1981 2111 2009 firmum
2133 1979 2305 2015 habentes,

1296 2036 1331 2065 id
1350 2036 1546 2066 auctoritate
1563 2034 1742 2073 apostolica
1757 2034 1992 2063 confirmamus
2005 2037 2066 2063 etc.
2082 2041 2188 2071 usque
2203 2042 2209 2061 ε
2222 2040 2306 2062 com-

1296 2088 1480 2118 munimus.
1509 2087 1602 2117 Nulli
1627 2091 1688 2117 010.
1717 2090 1828 2116 nostre
1852 2085 2115 2115 confirmationis
2144 2089 2206 2115 etc.
2231 2085 2305 2115 Dat.

1298 2141 1448 2180 Neapoli,
1466 2141 1527 2171 XV
1545 2139 1704 2169 kalendas
1716 2139 1817 2178 junii,
1835 2147 1922 2168 anno
1938 2138 2055 2176 primo.
2076 2149 2089 2164 »

1367 2312 1456 2340 502
1900 2309 2017 2344 Napies,
2036 2310 2064 2336 ¹1
2083 2310 2139 2336 mai
2156 2308 2234 2336 1255.

1332 2373 1485 2400 Universis
1498 2373 1640 2408 prioribus
1651 2372 1760 2399 ordinis
1775 2371 1971 2398 Cartusiensis
1986 2371 2096 2397 inhibet
2113 2378 2147 2397 ne
2162 2370 2198 2397 de
2209 2373 2305 2397 cetero

1295 2422 1405 2456 absque
1422 2426 1618 2448 conventuum
1634 2429 1733 2448 eorum
1750 2420 1933 2447 conniventia
1949 2423 1978 2446 et
1997 2427 2120 2446 assensu
2142 2418 2307 2446 eommunia

1295 2471 1389 2505 sigilla
1405 2471 1640 2506 quibuscumque
1654 2469 1854 2496 contractibus
1868 2472 2023 2504 apponant.
2039 2467 2122 2500 (Rue.
2138 2468 2183 2500 24.
2199 2476 2226 2495 c.
2243 2467 2304 2497 412.

1294 2520 1314 2547 f.
1331 2519 1386 2554 59.)

1337 2633 1350 2647 «
1368 2622 1523 2650 Universis
1535 2621 1693 2658 prioribus
1708 2620 1828 2649 ordinis
1844 2619 2056 2649 Carmsiensis.
2075 2617 2304 2648 Intelleximus

1295 2673 1382 2712 quod
1405 2682 1462 2703 vos
1483 2677 1593 2703 vestra
1617 2676 1649 2703 et
1669 2676 1892 2703 conventuum
1910 2674 2096 2701 vestrorum
2116 2669 2305 2700 communia

1295 2725 1406 2763 sigilla
1424 2729 1577 2755 tenentes
1600 2725 1715 2756 eadem
1734 2724 1876 2754 diversis
1894 2722 2118 2753 contractibus
2133 2721 2229 2752 initis
2244 2730 2303 2752 no-

1294 2777 1385 2808 mine
1407 2782 1632 2808 conventuum
1648 2777 1838 2808 eorumdem
1852 2776 1984 2815 propria
2001 2774 2188 2805 temeritate
2203 2782 2303 2813 appo-

1294 2829 1392 2866 nitis,
1432 2831 1623 2861 eorumdem
1650 2838 1790 2861 assensu
1823 2833 1854 2860 et
1882 2828 2051 2859 voluntate
2082 2827 2221 2858 minime
2249 2834 2302 2856 re-

1295 2883 1449 2921 quisitis3
1484 2888 1617 2922 propter
1648 2883 1735 2922 quod
1770 2881 1982 2913 monasteriis
2016 2880 2138 2920 quihus
2167 2886 2302 2918 preesse

2413 3269 2439 3318 Ὧν
2414 3194 2441 3262 ’πθ
2416 3175 2419 3178 ’
