2441 3330
205 236 244 267 30
933 237 1175 270 REGISTRES
1194 237 1503 269 D'ALEXANDRE
1526 240 1581 269 IV.

207 301 390 333 Assisinans,
409 302 516 336 quibus
530 301 718 329 Innocentius
732 302 772 329 IV
790 312 861 338 papa
878 305 983 331 intuitu
999 304 1067 331 dicti
1085 304 1215 339 episcopi

205 356 310 377 terram
321 358 395 384 quae
412 350 534 386 Sclappa
549 355 668 378 vocatur
679 355 708 378 et
718 352 788 378 alias
801 353 1002 386 possessiones
1016 353 1213 380 demaniorum

206 399 345 426 ecclesiae
364 398 510 425 Romanae
527 400 554 426 in
572 401 714 427 territorio
730 399 870 435 Utriculi,
887 401 1057 428 Nan-niensis
1073 401 1213 436 diocesis,

206 447 235 474 in
252 447 368 474 seudum
386 452 555 484 perpetuum
572 448 712 475 ducentas
725 449 812 476 libras
827 449 1009 476 denariorum
1030 454 1148 480 senatus
1163 458 1213 476 va-

207 497 268 522 lens
284 497 441 527 concessit,
459 496 532 523 hanc
548 498 766 524 concessionem
783 498 943 526 confirmat.
956 498 1040 532 (Rae.
1051 498 1096 529 Ἡ,
1108 507 1134 525 c.
1153 498 1213 532 103,

205 545 224 571 f.
243 544 292 578 13;
312 544 457 572 Po‘r‘rnis‘r
474 545 582 578 15644.)

248 658 261 673 c<
280 647 387 684 Eyidio
405 647 484 676 dicto
499 648 532 676 ile
548 648 670 683 Carbio,
691 649 753 677 civi
770 649 954 683 Narniensi,
973 654 999 677 et
1016 650 1099 678 natis
1115 657 1213 686 quon-

206 699 277 728 dam
294 700 402 737 Anyeli
416 701 526 735 fratris
541 702 615 738 ejus.
634 700 754 731 Felicis
770 701 1009 731 recordationis
1027 702 1051 731 I.
1070 718 1118 730 —.
1138 702 1212 731 Dat.

206 752 356 790 Neapoli,
374 752 439 782 XII
455 752 613 783 kalendas
628 754 800 789 selu-uarii,
821 763 906 783 anno
922 754 1038 792 primo.
1060 766 1072 781 »

281 931 366 959 1¹5

241 992 386 1028 Episcopo
400 993 575 1020 virdunensi
588 993 726 1028 indulget,
740 999 770 1020 ut
781 993 968 1028 indulgentiis
980 998 1007 1020 et
1019 994 1121 1021 litteris
1132 1002 1214 1029 apos·

205 1042 301 1069 tolicis
316 1042 351 1068 ab
369 1042 391 1068 l.
413 1051 484 1077 papa
500 1042 650 1069 concessis
673 1042 714 1068 uti
735 1042 839 1074 valeat,
859 1051 912 1069 non
935 1042 1068 1069 obstante
1089 1043 1164 1078 quod
1186 1044 1212 1070 in

207 1090 250 1118 eis
265 1091 428 1118 nominatur
443 1091 562 1117 electus.
581 1090 665 1123 (Rea.
682 1091 727 1125 ⁶24,
743 1099 768 1117 c.
790 1091 847 1125 104,
863 1090 881 1118 s.
902 1091 973 1124 135.)

754 930 872 966 Nap1es,
889 930 921 957 ‘28
933 932 1047 965 janvier
1064 932 1141 959 1255.

249 1205 261 1218 «
350 1194 483 1230 episcopo
510 1193 705 1221 rii-dunensi,
729 1192 830 1227 Cum,
855 1192 940 1222 sicut
963 1202 1000 1223 ex
1024 1197 1136 1223 tenore
1160 1196 1213 1223 tue

206 1245 378 1283 petitionis
395 1245 596 1283 accepimus,
616 1245 723 1275 felicis
742 1245 981 1275 reeordationis
999 1247 1024 1275 I.
1041 1254 1124 1284 papa
1139 1255 1214 1284 pre-

207 1297 359 1327 decessor
376 1302 486 1327 noster
504 1298 663 1336 quasdam
680 1297 905 1335 indulgentias
926 1302 956 1327 et
973 1298 1100 1328 litteras
1119 1307 1215 1336 apos-

207 1350 321 1380 tolicas
339 1350 400 1379 tibi
419 1350 549 1379 duxerit
569 1350 810 1386 concedendas,
828 1360 888 1380 nos
911 1351 975 1380 tuis
991 1351 1118 1381 devotis
1136 1360 1214 1389 sup-

204 1403 441 1441 plicationibus
452 1403 617 1439 inclinati,
627 1407 663 1432 ut
672 1403 797 1433 eisdem
808 1403 1028 1441 indulgentiis
1040 1403 1212 1439 etlitteris,

207 1464 272 1485 non
287 1455 439 1486 obstante
455 1456 542 1494 quod
556 1456 591 1485 10
615 1456 663 1486 015
680 1456 864 1486 nominaris
883 1456 1024 1492 electus,
1041 1466 1115 1486 cum
1133 1461 1214 1487 tem-

205 1517 282 1546 pore
299 1509 542 1546 impetrationis
565 1518 680 1538 earum
695 1509 955 1539 consecrationis
971 1519 1093 1540 munus
1109 1514 1145 1539 ut
1161 1519 1214 1540 as-

207 1562 290 1591 seris
307 1562 443 1600 adeptus
454 1563 559 1591 fucris
576 1572 635 1592 seu
648 1563 735 1601 quod
750 1563 862 1592 eodem
878 1563 1110 1601 prodes-essoris
1126 1564 1214 1594 viam

205 1616 361 1645 universe
378 1616 487 1645 carnis
511 1616 661 1653 ingresso
683 1616 731 1645 cis
747 1626 828 1645 115115
844 1616 1005 1646 hactenus
1024 1626 1090 1646 non
1106 1617 1212 1653 fuisti,

206 1668 255 1697 uti
278 1668 380 1697 libere
403 1668 514 1697 valeas
535 1668 730 1697 anctoritate
753 1668 811 1697 tihi
831 1669 1037 1706 presentium
1060 1669 1213 1708 indulge-

206 1729 290 1750 mus.
315 1720 407 1750 Nulli
431 1730 507 1758 ergo
532 1725 592 1750 ete.
617 1725 728 1751 nostre
750 1721 975 1751 concessionis
996 1726 1057 1751 etc.
1081 1723 1117 1753 Si
1139 1723 1214 1761 quis

205 1777 317 1802 autem
336 1777 397 1802 etc.
419 1774 490 1802 Dat.
515 1773 669 1811 Neapoli,
694 1775 722 1803 V
742 1773 902 1804 kalendas
924 1774 1102 1810 februarii,
1126 1784 1213 1805 anno

203 1834 320 1863 prlmo.
340 1837 353 1852 »

277 2011 362 2039 1¹6

238 2073 357 2105 Arium,
371 2073 510 2099 canonico
526 2072 705 2103 Ysennensi,
720 2073 842 2106 mandat,
857 2077 887 2099 ut
898 2073 1034 2107 Sophiam
1047 2075 1212 2102 monasterii

171 2124 174 2127 '
202 2129 227 2148 s.
242 2120 348 2147 Mariae
363 2120 552 2147 Ysermensis
575 2121 748 2147 abbatissam
765 2122 884 2148 electam
901 2126 929 2148 ct
949 2132 963 2148 a
984 2122 1130 2156 Conrado,
1148 2128 1212 2150 nato

751 2010 868 2045 Names,
887 2010 917 2037 31
934 2012 1046 2045 janvicr
1065 2012 1140 2039 1²255.

202 2169 345 2203 quondam
363 2168 507 2196 Fredcrici
524 2170 718 2204 imperatoris,
738 2169 765 2195 in
782 2170 911 2204 episcopi
926 2170 1114 2198 Ysermensis
1131 2180 1213 2206 prae·

200 2217 342 2251 judicium
358 2218 555 2244 confirmatam
571 2222 703 2244 amoveat
719 2224 746 2244 et
762 2218 796 2244 de
813 2219 867 2244 alia
881 2219 1027 2246 abbatissa
1043 2220 1127 2247 saciat
1143 2229 1212 2255 pro-

200 2265 301 2293 videri.
319 2265 401 2299 (Res.
418 2266 468 2300 24,
485 2274 511 2294 c.
531 2266 590 2300 105,
607 2267 626 2292 f.
647 2266 714 2299 t3v.)

243 2380 255 2394 ι(
272 2369 395 2403 Arium,
417 2369 564 2397 canonico
584 2369 760 2397 iserniensi.
778 2368 985 2406 Significavit
1002 2369 1097 2400 nobis
1110 2378 1211 2400 vene-

199 2420 316 2450 rabilis
332 2419 434 2450 frater
452 2443 484 2456 ..,
501 2421 673 2459 episcopus
689 2422 920 2457 Ysermensis,
940 2423 1027 2461 quod
1043 2427 1210 2453 monaste-

199 2474 248 2503 rio
272 2478 383 2503 sancte
407 2474 510 2503 Mai-ie
532 2474 743 2504 Ysermensis
764 2475 891 2504 ordinis
915 2476 1020 2505 sancti
1038 2476 1210 2506 Benedicti

199 2526 265 2556 sibi
291 2526 362 2563 lege
390 2526 531 2556 diocesis
561 2526 708 2565 subjecto
739 2527 818 2556 olim
848 2528 1015 2558 abbatisse
1046 2529 1209 2567 regimine

198 2578 366 2613 destituto,
383 2578 506 2616 Sophia
521 2579 676 2608 monialis
692 2579 809 2617 ipsius,
829 2584 972 2618 tempore
989 2590 1053 2619 quo
1069 2590 1209 2619 regnum

199 2630 312 2661 Sicilie
339 2631 546 2669 suppositum
567 2636 635 2661 erat
663 2632 888 2662 ecclesiastico
907 2633 1101 2669 interdicto,
1128 2644 1163 2664 se
1191 2643 1209 2664 a

197 2683 398 2713 monialibus
420 2684 498 2713 dicti
518 2685 712 2714 monasterii
735 2694 856 2715 1111111115
879 2686 1035 2716 canonice
1052 2687 1086 2716 in
1107 2687 1208 2717 abba-

199 2737 315 2767 [issam
332 2737 480 2776 ejusdem
494 2738 572 2775 eligi
591 2738 797 2776 procuravit,
816 2743 863 2774 et,
883 2738 1008 2769 nullius
1025 2740 1207 2778 superioris

197 2789 237 2819 ad
253 2798 351 2829 quem
368 2790 573 2820 confirmatio
590 2791 762 2821 electionis
778 2791 969 2830 hujusmodi
990 2792 1028 2822 de
1041 2793 1116 2831 jure
1132 2802 1207 2831 per-

198 2843 279 2873 tinet
305 2843 555 2873 confirmatione
585 2843 735 2879 obtenta,
763 2844 958 2875 electionem
985 2846 1123 2876 eandem
1148 2855 1206 2884 per

195 2895 362 2934 quondam
386 2895 575 2926 Conradum
597 2901 712 2926 natum
732 2897 898 2936 quondam
918 2898 970 2927 Fr.
995 2897 1205 2936 imperatoris

1297 307 1420 335 temere
1437 305 1626 335 confirmari
1642 305 1781 340 faciens,
1798 305 1834 335 in
1852 305 2084 344 spiritualibus
2099 308 2131 336 et
2143 310 2308 344 tempora-

1296 356 1385 386 libus
1401 357 1635 388 administrare
1650 359 1811 398 presumit
1829 358 1953 388 ibidem
1970 358 2004 388 in
2021 358 2131 388 anime
2149 367 2208 390 sue
2222 359 2307 398 peri-

1297 409 1419 444 culum,
1436 409 1655 448 plurimorum
1669 411 1873 446 scandalum,
1886 411 1993 450 ipsius
2009 411 2154 450 episcopi
2165 410 2307 450 prejudi-

1297 462 1384 492 cium
1399 466 1430 492 et
1444 463 1592 502 ejusdem
1600 464 1794 494 monasterii
1806 473 1872 494 non
1881 464 2047 494 modicum
2057 463 2304 495 detrimentum.

1297 516 1405 552 Quare
1421 515 1595 547 humiliter
1612 526 1670 556 pro
1685 521 1778 556 parte
1800 517 1906 556 ipsius
1925 517 2071 556 episcopi
2094 516 2267 555 petebatur
2287 525 2308 547 a

1296 567 1392 598 nobis
1414 572 1450 598 ut
1471 569 1643 607 providere
1664 579 1763 608 super
1778 569 1840 600 hoc
1854 574 1991 608 paterna
2008 569 2232 600 sollicitudine
2248 578 2306 600 cu-

1296 630 1457 651 raremus.
1487 621 1630 661 Ideoque
1654 622 1850 652 mandamus
1876 622 2048 661 quatinus,
2078 622 2107 652 si
2132 622 2307 661 premissis

1296 674 1418 704 veritas
1433 674 1644 711 suffragatur,
1662 676 1823 713 prefatam
1842 674 1999 714 Sophiam
2013 684 2031 704 a
2049 675 2211 713 regimine
2226 674 2307 705 dicti

1296 726 1490 756 monasterii
1505 727 1637 766 justitia
1657 728 1822 757 mediante
1843 736 1995 757 amoveas
2019 732 2051 758 et
2071 727 2219 767 ejusdem
2235 735 2307 758 mo-

1297 779 1436 810 nasterii
1449 780 1553 810 facias
1569 789 1626 819 per
1639 780 1834 811 electionem
1851 781 2043 811 canonicam
2055 781 2090 810 10
2103 780 2306 811 abbatissam

1296 832 1335 862 de
1353 842 1493 871 persona
1506 833 1625 863 idonea
1642 834 1819 872 provideri.
1837 833 2115 864 Contradictores.
2131 833 2206 863 Dat.
2222 833 2308 864 Nea-

1296 885 1378 924 poli,
1397 887 1429 916 11
1444 886 1604 917 kalendas
1619 886 1798 922 februarii,
1815 896 1901 917 anno
1914 887 2032 925 primo.
2052 898 2064 913 n

1371 1078 1391 1105 Ι
1403 1078 1456 1106 1⁸2
1844 1077 1960 1112 Naples,
1982 1079 2012 1104 17
2026 1077 2140 1112 janvier
2156 1077 2235 1106 1‘255.

1333 1138 1477 1165 Omnibus
1494 1140 1626 1167 vassallis
1643 1141 1759 1174 majoris
1775 1140 1941 1166 monasterii
1958 1147 1983 1167 s.
2001 1140 2158 1167 Salvatoris
2173 1139 2306 1175 Reatini,

1298 1187 1421 1218 mandat,
1437 1191 1467 1213 ut
1481 1186 1644 1218 Gentileno,
1657 1188 1797 1214 monacho
1809 1187 1939 1221 ejusdem
1958 1188 2124 1214 monasterii
2134 1188 2162 1214 in
2175 1187 2307 1215 abbatem

1297 1236 1403 1268 electo,
1427 1236 1474 1262 001
1498 1235 1688 1263 Innocentius
1713 1236 1752 1262 IV
1782 1245 1852 1271 papa
1876 1237 2045 1262 electionem
2075 1236 2256 1263 confirmavit
2277 1239 2306 1263 et

1298 1284 1480 1318 postmodum
1499 1284 1623 1319 propriis
1643 1284 1776 1311 manibus
1796 1293 1904 1312 munus
1920 1285 2130 1311 benedictionis
2149 1284 2304 1319 impendit,

1297 1332 1410 1358 debitae
1426 1331 1571 1358 fidelitatis
1586 1336 1614 1358 et
1628 1332 1754 1366 homagii
1770 1337 1905 1367 tanquam
1922 1333 2038 1359 domino
2049 1341 2148 1360 eorum
2162 1333 2305 1368 spirituali

1297 1384 1325 1406 et
1341 1381 1489 1415 temporali
1503 1381 1668 1415 juramenta
1685 1385 1840 1415 praestent.
1853 1381 1937 1415 (Rae.
1953 1381 1999 1414 ⁶24,
2011 1389 2037 1408 c.
2055 1381 2115 1415 106,
2131 1381 2152 1408 i.
2170 1381 2238 1414 13¹.)
2266 1394 2275 1401 -

1879 1455 1888 1467 ἱ

1340 1494 1352 1508 ι(
1370 1483 1526 1511 Nobilibus
1542 1483 1620 1511 uiris
1637 1483 1802 1512 baronibus
1817 1488 1843 1512 et
1858 1484 2010 1512 militibus
2025 1491 2060 1512 ac
2076 1483 2150 1512 aliis
2165 1483 2306 1512 vassallis

1297 1536 1426 1572 majoris
1441 1537 1622 1564 monasterii
1636 1537 1736 1565 sancti
1750 1537 1921 1565 Salvatoris
1935 1537 2056 1565 Reatini
2070 1536 2190 1565 ordinis
2206 1536 2308 1566 sancti

1296 1589 1450 1618 Benedicti
1467 1589 1506 1617 acl
1518 1590 1685 1617 Romanam
1704 1590 1867 1618 Ecclesiam
1882 1590 1969 1618 nullo
1992 1589 2089 1618 medio
2102 1589 2303 1626 pertinentis,

1297 1642 1336 1670 ad
1351 1651 1424 1678 quos
1440 1642 1538 1670 linere
1560 1643 1611 1671 istc
1628 1643 1836 1679 pervenerint.
1863 1642 1994 1671 Dudum
2015 1641 2216 1672 monasterio
2235 1649 2307 1672 ma-

1293 1694 1358 1733 jori
1383 1711 1431 1723 -.
1456 1694 1529 1724 Dat.
1558 1694 1717 1732 Neapoli,
1741 1695 1820 1724 XVI
1842 1694 2002 1724 kalendas
2023 1693 2201 1729 februarii,
2218 1702 2306 1724 anno

1295 1748 1412 1785 primo.
1430 1760 1443 1774 »

1331 1853 1363 1880 ln
1376 1862 1401 1880 e.
1416 1862 1453 1880 m.
1467 1854 1622 1880 conventui
1640 1854 1758 1888 niaj0ris
1773 1854 1940 1880 monasterii
1957 1853 2048 1880 sancti
2060 1852 2218 1879 Salvatoris
2228 1852 2306 1880 Rea-

1297 1903 1362 1933 tini,
1381 1902 1491 1929 ordinis
1511 1904 1604 1929 sancti
1628 1901 1792 1933 Benedicti,
1809 1902 1843 1928 ad
1861 1901 2019 1928 Romanam
2045 1901 2205 1928 Ecclesiam
2228 1901 2306 1928 nullo

1298 1950 1390 1976 medio
1406 1951 1588 1985 pertinentis.
1606 1950 1723 1977 Dudum
1739 1951 1912 1976 monasterio
1926 1955 2021 1977 vestro
2037 1950 2150 1976 abbatis
2166 1942 2306 1984 regimine

1296 1998 1449 2029 destituto,
1468 2007 1520 2024 vos
1536 1999 1614 2025 sicut
1634 1999 1800 2033 acecpimus
1820 2004 1876 2026 etc.
1893 2007 1985 2033 usque
2007 1998 2164 2025 honorifice
2181 2001 2307 2033 pertrac-

1296 2051 1400 2081 tantes,
1413 2047 1574 2073 exhibeatis
1589 2048 1614 2073 ci
1631 2047 1821 2074 obedientiam
1837 2052 1866 2073 et
1882 2047 2069 2073 reverentiam
2082 2046 2206 2073 debitam
2218 2049 2246 2072 et
2255 2045 2305 2072 de-

1297 2098 1400 2126 votam,
1419 2096 1483 2128 ejus
1499 2095 1624 2121 salubria
1647 2095 1778 2122 mandata
1793 2099 1822 2121 ct
1841 2096 1947 2121 monita
1963 2095 2150 2130 suscipiendo
2169 2102 2306 2121 reveren-

1296 2148 1338 2170 ter
1368 2152 1400 2170 ac
1431 2143 1631 2170 inviolabiliter
1660 2143 1850 2171 observando.
1882 2143 2017 2178 Alioquin
2049 2142 2221 2170 sententiam
2246 2146 2303 2169 etc.

1297 2199 1388 2226 usque
1404 2192 1560 2219 observari.
1579 2191 1643 2218 Dat.
1664 2196 1693 2218 ut
1709 2200 1806 2226 supra.

1367 2380 1384 2407 Ι
1398 2379 1454 2407 18

1328 2440 1492 2466 Abbatibus
1519 2445 1547 2467 et
1579 2441 1664 2475 priori
1688 2441 1881 2475 infrascriptis
1903 2441 2058 2467 committit
2081 2434 2225 2467 licentiam
2250 2440 2303 2467 tri-

1293 2489 1399 2516 buendi
1415 2490 1510 2515 abbati
1532 2493 1560 2515 et
1579 2491 1733 2516 conventui
1754 2498 1777 2516 s.
1801 2489 1951 2516 Michaelis
1971 2490 2006 2516 de
2021 2488 2149 2521 Corono,
2167 2489 2304 2516 Elnensis

1292 2538 1433 2572 diocesiS,
1451 2542 1482 2564 ut
1507 2538 1619 2572 possint
1638 2543 1816 2564 commutare
1835 2543 1930 2565 certas
1957 2538 2161 2573 possessiones
2181 2538 2208 2564 in
2231 2537 2303 2565 alias

1292 2586 1458 2613 viciniores.
1479 2585 1560 2615 (Rau.
1576 2586 1620 2619 ⁴24,
1637 2594 1663 2612 c.
1684 2586 1741 2616 107.
1760 2587 1779 2612 f.
1800 2587 1865 2618 l'o'v.)

1835 2378 1957 2414 Naples,
1979 2379 2135 2413 19Janvie1·
2151 2378 2231 2406 1255.

1333 2699 1345 2713 (t
1366 2710 1399 2722 ..‚
1417 2687 1521 2716 Fonlis
1536 2687 1648 2724 friqidi
1666 2688 1872 2717 Cisterciensis
1892 2711 1926 2723 ..‚
1944 2689 2044 2718 sancti
2058 2688 2188 2717 Martini
2205 2687 2301 2718 Cani-

1289 2741 1430 2777 yonensis
1450 2741 1550 2769 sancti
1568 2740 1721 2769 Benedicti
1741 2741 1897 2770 abbatibus
1916 2746 1942 2770 ει
1960 2763 1992 2777 ..,
2011 2741 2115 2778 priori
2137 2740 2170 2770 de
2188 2740 2301 2770 Corne-

1290 2793 1374 2821 liano
1400 2794 1501 2822 sancti
1524 2794 1691 2830 Auyusiini
1714 2794 1850 2829 ordinis,
1878 2794 2082 2823 Narbonensis
2108 2798 2134 2822 et
2158 2793 2300 2823 Einensis

1289 2845 1466 2874 diocesium.
1490 2845 1536 2875 Ex
1557 2850 1649 2884 parte
1674 2846 1870 2876 dilectorum
1890 2846 2035 2877 filiorum
2055 2869 2091 2882 ..‚
2117 2845 2246 2876 abbatis
2268 2849 2300 2876 et

1290 2901 1472 2928 conventus
1492 2899 1688 2928 monasterii
1707 2899 1814 2929 sancti
1835 2899 2009 2930 Michaelis
2027 2899 2066 2930 de
2084 2899 2227 2935 Corono,
2245 2906 2300 2929 or-
