2441 3330
199 168 255 198 118

200 244 213 259 2)

199 297 212 311 1)

199 348 212 363 ))

199 401 211 414 2)

199 453 211 467 ))

198 507 211 521 ὶ)

199 559 211 573 ))

197 612 210 626 ))

198 664 210 678 ))

198 717 209 729 l)

199 770 210 783 ))

196 822 209 836 ))

196 875 208 889 ))

197 927 209 941 D

195 980 208 994 ))

195 1034 208 1047 ))

195 1087 208 1101 ))

195 1140 207 1154 ))

195 1193 207 1207 ))

195 1246 206 1259 D

193 1298 199 1312 )

194 1351 205 1365 ))

193 1404 199 1417 )

192 1456 205 1471 Ὠ

194 1563 206 1577 ))

195 1616 207 1630 ³)

193 1669 205 1683 l)

192 1724 204 1736 ὶ)

191 1776 204 1790 )>

190 1829 203 1843 ))

190 1882 202 1896 h

188 1935 201 1949 ))

188 1988 200 2001 ))

187 2042 200 2055 ))

185 2094 197 2107 ))

186 2146 199 2160 ))

186 2198 198 2211 ))

185 2251 197 2264 ))

184 2303 197 2317 J)

184 2355 196 2370 ))

184 2408 196 2422 ))

183 2461 196 2476 ))

182 2514 196 2528 ὶ)

183 2567 194 2581 ))

181 2619 194 2634 ))

180 2673 193 2687 ))

179 2779 191 2793 ))

179 2832 191 2846 >³

239 233 376 262 diacono
393 232 547 262 obediant
567 232 618 263 vel
634 233 819 267 intendant.
838 239 870 264 et
892 234 975 265 alias
992 243 1056 265 non
1073 234 1210 273 permit-

240 285 335 314 tendo
357 294 430 314 eum
447 285 496 314 uti
513 284 616 315 libere
629 285 897 324 jurisdictionem
921 286 1210 318 archidiaconatus

239 336 396 374 predicti;
421 341 552 375 propter
575 338 661 376 quod
684 327 791 369 dictus
811 338 872 369 Th.
891 339 1144 370 archidiaconus
1160 340 1210 369 uti

239 398 301 418 non
326 393 431 426 potest
454 388 556 420 libere
579 390 789 428 possessione
813 390 863 420 vel
887 392 982 430 quasi
1003 391 1209 423 archidiaco-

237 445 334 471 natus
348 442 498 479 predicti.
515 442 611 472 Unde
623 443 705 481 petit
720 444 884 482 prefatum
901 444 1061 474 decanum
1078 454 1136 483 per
1152 453 1208 475 vos

238 494 483 525 sententialiter
505 495 657 534 compelli
681 500 715 525 ut
737 506 755 526 a
778 496 935 535 predictis
960 497 1208 536 perturbatione

237 552 267 577 et
284 547 514 578 molestatione
531 548 679 581 desistat,
696 553 724 579 et
739 549 825 588 quod
841 550 879 580 de
896 554 1004 581 cetero
1021 551 1130 589 ipsum
1145 551 1205 581 Th.

237 609 335 638 super
356 600 427 638 ipso
450 601 720 631 archidiaconatu
744 611 808 632 non
832 603 956 638 turbet,
982 603 1139 642 impediat
1156 604 1207 635 vel

236 652 398 682 molestet.
414 654 483 683 Hoc
496 654 575 692 petit
590 663 662 684 cum
676 654 838 693 dampnis,
857 655 1020 686 interesse
1037 661 1067 686 et
1085 666 1207 695 expen-

236 705 281 734 sis
296 705 392 735 sactis
409 715 472 744 que.
489 707 599 736 onmia
617 707 751 737 extimat
774 712 906 750 centum
926 718 1054 739 marcas
1071 709 1206 739 sterlin-

237 766 369 793 gorum,
389 762 419 787 ct
442 767 603 796 expensas
620 760 790 790 faciendas
812 765 1013 798 protestatur
1030 761 1120 792 salvo
1133 762 1208 801 jure

235 810 375 840 addendi
390 815 450 840 etc.
468 812 538 841 Lite
553 816 662 842 autem
677 822 785 843 coram
798 814 911 844 eodem
926 815 1094 846 cardinale
1108 825 1207 854 super

235 863 305 901 ipso
320 863 432 894 libello
446 869 629 895 contestata
642 865 790 903 legitime
807 876 844 896 ac
860 866 899 897 de
912 868 1051 898 veritate
1067 868 1205 899 dicenda

234 915 578 955 prestitojuramento,
591 918 687 948 factis
696 919 919 957 positionibus
931 924 962 949 et
976 922 1205 959 responsioni-

234 968 295 998 bus
310 969 349 998 ad
365 969 513 1005 casdem,
530 970 616 1000 idem
633 971 828 1008 cardinalis,
847 972 886 1003 de
900 973 1037 1011 speciali
1050 974 1204 1005 mandato

234 1022 382 1061 ejusdem
405 1022 531 1053 domini
551 1024 749 1060 Innocentii,
772 1034 838 1056 non
861 1026 1054 1057 diffiniendo
1077 1027 1115 1058 de
1128 1028 1203 1067 jure

234 1075 290 1105 sed
311 1075 512 1113 providendo
535 1081 566 1106 et
587 1076 770 1107 ordinando
791 1078 999 1118 decre(ve)vit
1018 1081 1202 1118 predictum

233 1127 539 1159 arehidiaconatuni
553 1139 627 1159 cum
639 1130 708 1160 suis
719 1131 932 1169 pertinentiis
947 1137 977 1162 et
988 1135 1203 1171 proventibus

234 1186 386 1219 sequesu
389 1182 510 1211 andum
532 1186 561 1212 et
585 1182 795 1221 probationes
815 1193 914 1222 super
935 1186 1134 1223 proprietate
1151 1197 1202 1217 re-

233 1242 316 1271 cipi(
322 1234 373 1262 nd
376 1243 402 1263 15
422 1234 499 1263 hinc
519 1235 612 1267 ind(
631 1244 667 1265 ac
689 1236 754 1265 nisi
771 1245 847 1274 pars
864 1237 1023 1267 alterutra
1040 1240 1201 1277 usquead

232 1295 354 1315 Ι1111111111
377 1296 395 1316 a
412 1291 441 1315 t·
445 1296 556 1325 mpoit
575 1298 611 1317 01
614 1288 796 1319 (110-1110015
816 1289 921 1328 ipsius
939 1299 1038 1329 super
1054 1293 1202 1330 proprie-

233 1343 296 1369 tate
327 1339 432 1377 ipsius
461 1340 750 1371 archidiaconatus
780 1351 814 1372 50
841 1343 1029 1380 probaverit
1054 1344 1200 1383 legitime

227 1392 282 1430 jus
296 1391 429 1422 hahere.
444 1392 749 1423 archidiaconatum
762 1394 869 1432 ipsum
882 1404 920 1425 ex
936 1400 1014 1426 tunc
1030 1396 1200 1428 donationi

231 1445 407 1483 apostolice
423 1446 616 1475 reservavit.

234 1510 245 1523 n
271 1498 420 1536 Cumque
436 1508 535 1536 super
554 1499 704 1529 facienda
726 1501 989 1539 sequestratione
1009 1501 1199 1541 hujusmodi

232 1551 423 1588 probatione
443 1560 542 1589 super
564 1552 762 1590 proprietate
786 1553 892 1592 ipsius
909 1551 1218 1587 archidiaconatus

233 1608 261 1633 et
280 1604 367 1634 aliis.
386 1604 493 1633 dictus
510 1605 663 1644 dominus
680 1607 896 1637 Innocentius
912 1608 1096 1639 venerabili
1112 1611 1198 1648 patri

231 1657 363 1687 (10101110
387 1658 427 1687 H.
447 1657 533 1687 tituli
556 1662 667 1688 sancte
691 1659 813 1689 Sabine
833 1661 1018 1698 presbitero
1036 1663 1197 1693 cardinali

231 1715 307 1740 tunc
334 1710 511 1748 apostoilce
535 1710 630 1741 Sedis
649 1710 773 1749 legato.
801 1722 878 1742 suas
900 1713 961 1742 sub
984 1719 1072 1744 certa
1092 1716 1196 1745 forma

229 1763 357 1793 litteras
371 1763 556 1797 direxisset,
572 1764 659 1793 idem
674 1764 802 1802 legatus
816 1789 850 1801 ..,
867 1766 990 1796 decano
1003 1767 1194 1803 Salvatoris,

228 1817 321 1846 fratri
343 1816 480 1846 Adelmo
500 1817 538 1846 de
558 1817 672 1847 ordine
692 1818 834 1847 fratrum
858 1819 1106 1850 Predicatorum
1129 1822 1197 1851 Me-

230 1870 373 1899 tensium
401 1874 431 1899 et
454 1870 613 1907 magistro
636 1870 787 1901 Conrado
813 1873 971 1902 canonico
994 1874 1099 1903 sancti
1117 1874 1197 1905 Cas-

229 1923 307 1952 toris
324 1923 357 1951 in
375 1922 594 1953 Contluentia.
613 1924 827 1954 Treverensis
844 1924 997 1960 diocesis,
1015 1935 1114 1965 super
1130 1927 1196 1957 hiis

227 1975 391 2005 commisit
416 1975 584 2011 totalitt=1-‚·
597 1981 728 2014 excepto
750 1978 1026 2016 sequestrationis
1043 1979 1194 2016 articulo,

227 2029 313 2058 vices
326 2038 414 2063 suas,
431 2028 552 2067 quihus
567 2029 599 2057 in
617 2030 794 2059 commisso
810 2030 857 2060 eis
872 2032 1003 2067 negotio
1018 2033 1194 2070 procedere

226 2081 518 2119 postpaucatibus,
535 2090 610 2119 pars
628 2086 766 2120 utraque
788 2082 828 2112 ad
845 2083 962 2113 Sedem
979 2085 1192 2122 apostolicam

226 2138 449 2163 recurrerunt.
480 2134 565 2163 Sane
588 2134 674 2164 dicto
695 2135 827 2165 domino
850 2136 888 2166 G.
913 2137 1081 2167 cardinale
1104 2148 1138 2167 se
1155 2138 1192 2169 de

225 2186 315 2215 curia
346 2186 557 2219 absentante,
592 2187 759 2224 predic-tus
791 2188 945 2218 dominus
977 2190 1192 2221 Innocentius

223 2239 403 2268 discretum
423 2239 530 2268 virum
549 2239 745 2276 magistrum
767 2241 965 2276 Martinam,
984 2242 1191 2280 capellanum

224 2300 331 2323 51111111,
350 2292 493 2329 priorem
509 2292 821 2328 Wimaranenserm
833 2294 1025 2331 subrogavit
1041 2296 1074 2325 in
1092 2305 1191 2334 ques-

225 2344 311 2374 tione
329 2344 398 2382 ipsa
424 2344 574 2382 partibus
601 2345 801 2381 auditorcm3
829 2347 900 2385 qui,
928 2347 1010 2377 visis
1033 2353 1064 2378 et
1091 2349 1190 2378 intel-

222 2396 316 2426 lectis
349 2397 580 2427 instrumentis
609 2402 639 2427 et
670 2399 881 2436 processibus
906 2408 1013 2429 coram
1047 2410 1084 2431 eo
1113 2410 1189 2440 pro-

222 2449 329 2479 ductis
351 2454 381 2477 ct
406 2450 528 2479 auditis
554 2459 616 2489 que
642 2451 778 2480 fuerunt
802 2451 881 2481 hinc
906 2452 983 2481 inde
1003 2455 1186 2492 proposita,

220 2506 292 2540 post
319 2502 464 2540 ipsarum
486 2503 629 2540 partium
655 2503 872 2539 allegationes
900 2506 997 2535 multi
1021 2506 1122 2544 plices
1149 2509 1188 2539 de

220 2555 374 2584 mandato
402 2555 527 2584 domini
550 2555 764 2595 Al(l)cxandri
789 2566 871 2596 pape
894 2559 961 2589 IIII
988 2560 1083 2589 nobis
1109 2562 1187 2591 Ric-

221 2608 332 2637 cardo.
359 2608 469 2637 Sancti
499 2608 618 2645 Angeli
642 2609 779 2638 diacono
802 2610 982 2642 cardinali.
1010 2612 1188 2651 diligenter

219 2665 250 2689 ct
273 2660 415 2691 fideliter
440 2661 557 2691 merita
583 2661 689 2699 ipsius
715 2663 829 2692 retulit
855 2665 1052 2702 questionis.

221 2727 232 2739 »
257 2715 323 2743 Nos
339 2714 451 2748 initur,
468 2714 534 2743 hiis
551 2714 705 2743 omnibus
722 2715 785 2752 ipsi
802 2716 934 2746 domino
950 2727 1032 2756 pape
1049 2714 1186 2755 diligen-

220 2772 266 2796 ter
287 2766 443 2804 expositis
463 2766 642 2805 habitoque
665 2776 738 2797 cum
756 2770 1025 2805 procuratoribus
1041 2772 1184 2809 partium

217 2819 255 2848 de
282 2819 518 2857 compositione
547 2824 703 2853 tractatu,
731 2829 770 2849 ne
801 2821 1089 2853 archidiaconatus
1115 2824 1186 2862 ipse

1297 247 1309 261 1)

1295 299 1307 314 7)

1294 351 1307 366 5)

1294 404 1306 419 7)

1293 457 1306 472 Υ)

1292 511 1306 526 7>

1292 564 1305 580 Ι)

1291 617 1304 632 J)

1291 669 1304 685 l)

926 168 1166 200 REGISTRES
1188 168 1496 200 D'ALEXANDRE
1519 170 1572 200 IV.

1335 234 1547 274 dispendioso
1567 236 1716 275 ipsarum
1730 237 1874 276 partium
1900 237 2028 268 diutius
2046 237 2215 278 subiectus
2232 238 2302 268 liti-

1333 287 1386 325 gio
1403 296 1535 326 gravem
1552 289 1697 327 patiatur
1711 289 1747 319 in
1766 289 1998 328 spiritualibus
2014 294 2046 321 et
2063 290 2301 330 temporalibus

1331 339 1511 376 lesionem;
1532 345 1563 371 et
1581 345 1616 371 ut
1633 341 1758 372 laboris
1774 346 1805 372 et
1821 351 2038 381 expensarum
2055 352 2140 374 onus
2154 343 2301 382 litigato-

1331 392 1425 423 ribus
1441 393 1617 430 adimatur,
1636 394 1832 426 auctoritate
1848 399 1880 426 et
1901 395 2056 426 mandato
2071 395 2197 426 domini
2217 405 2300 436 pape

1332 445 1527 482 statuimus,
1545 447 1739 478 ordinamus
1755 451 1787 478 et
1807 447 1905 478 etiam
1925 448 2137 486 providemus
2157 454 2194 479 ut
2210 449 2300 480 idem

1331 499 1621 544 archidiaconatus
1642 505 1813 531 remaneat
1835 510 1936 540 penes
1956 502 2160 540 prepositum
2179 511 2300 533 memo-

1329 557 1439 582 ratum
1466 562 1541 583 cum
1559 553 1692 593 juribus
1715 557 1746 584 et
1770 554 1983 592 pertinentiis
2008 554 2235 593 spectantibus
2258 554 2300 586 ad

1330 605 1490 640 eundem,
1507 606 1703 636 mandantes
1727 606 1834 637 eidem
1852 607 1976 637 decano
1991 611 2027 637 ut
2049 607 2173 637 dictum
2193 607 2299 638 archi-

1329 658 1541 689 diaconatum
1559 659 1646 689 dicto
1663 659 1829 698 preposito
1845 660 1879 689 in
1901 647 1981 698 pace
1997 659 2156 695 dimittat,
2174 664 2206 690 et
2222 669 2299 691 eum

1329 720 1429 750 super
1450 711 1522 750 ipso
1545 716 1576 742 et
1597 711 1731 751 juribus
1757 716 1787 742 et
1807 712 2021 750 pertinentiis
2041 712 2112 752 ejus
2132 712 2172 743 de
2189 716 2299 743 cetero

1329 773 1394 794 non
1407 764 1569 795 molestet.
1586 773 1646 795 nec
1657 765 1757 795 faciat
1770 764 1950 795 molestari.
1966 765 2051 802 Quia
2065 769 2175 796 tamen
2190 765 2299 797 dictus

1329 817 1472 847 decanus
1489 818 1661 848 occasione
1676 818 1862 857 questionis
1875 817 2021 857 predicte
2037 827 2154 856 graves
2168 817 2299 850 labores

1328 870 1431 900 subiit
1448 874 1477 900 et
1496 879 1668 909 expensas,
1689 871 1802 901 eadem
1819 871 2015 901 auctoritate
2033 875 2065 901 et
2079 871 2234 902 mandato
2249 881 2299 902 or-

1327 909 1482 953 dinamus
1494 927 1525 953 et
1536 923 1636 953 etiam
1647 923 1859 962 providemus
1872 928 1908 954 ut
1921 924 2009 954 idem
2021 924 2166 954 decanus
2178 923 2300 956 habeat

1327 976 1539 1007 medietatem
1555 976 1704 1006 omnium
1723 977 1892 1007 fructuum
1909 980 1940 1007 et
1958 981 2178 1015 proventuum
2195 977 2299 1017 perci-

1326 1028 1524 1068 piendorum
1546 1029 1584 1059 de
1613 1034 1732 1066 cetero,
1758 1029 1861 1060 donec
1885 1030 1979 1070 juxta
2007 1029 2148 1068 predicti
2171 1030 2299 1061 domini

1326 1082 1514 1112 Innocentii
1527 1081 1714 1112 litterarum
1729 1087 1876 1113 tenorem
1890 1082 1954 1120 ipsi
1967 1082 2091 1113 decano
2102 1083 2298 1116 auctoritate

1326 1133 1506 1172 apostolica
1525 1134 1567 1165 sit
1589 1135 1758 1173 provisum
1775 1140 1805 1165 et
1824 1135 1930 1174 ipsius
1946 1136 2148 1174 provisionis
2165 1145 2298 1175 posses-

1326 1187 1453 1217 sionem
1471 1191 1587 1218 nactus
1602 1183 1702 1218 fue'rit
1718 1188 1889 1226 pacificam
1905 1192 1937 1218 et
1953 1187 2111 1227 quietam.
2135 1189 2186 1219 Ad
2203 1189 2298 1220 colli-

1324 1239 1467 1277 gendum
1495 1244 1605 1270 autem
1632 1241 1760 1270 fructus
1789 1250 1848 1271 5011
1875 1246 2054 1279 proventus
2079 1241 2158 1272 dicti
2185 1241 2297 1273 archi-

1324 1291 1528 1323 diaconatus*
1546 1297 1576 1322 et
1600 1293 1815 1323 dividendum
1841 1294 1972 1324 eosdem
1995 1303 2033 1324 ac
2056 1294 2294 1332 assignandum

1323 1346 1491 1384 preposito
1519 1346 1730 1376 medietatem
1758 1355 1872 1376 earum
1901 1351 1932 1376 et
1958 1346 2058 1376 aliam
2084 1347 2296 1378 medietatem

1324 1399 1448 1429 decano
1474 1399 1649 1437 predictis.
1680 1422 1716 1434 ..,
1746 1399 1898 1429 abbatem
1921 1399 2293 1438 Luxe[m]burgensem,

1324 1451 1362 1481 de
1379 1451 1554 1490 utriusque
1567 1452 1671 1490 partis
1684 1456 1934 1490 procuratorum
1949 1461 2100 1488 assensu,
2118 1462 2178 1484 seu
2193 1453 2297 1484 alium

1323 1504 1373 1534 vel
1392 1504 1474 1534 alios
1489 1505 1522 1533 in
1537 1513 1634 1543 quem
1649 1504 1700 1535 vel
1714 1513 1796 1543 quos
1810 1505 1890 1534 dicti
1902 1505 2090 1543 prepositus
2103 1509 2135 1536 et
2150 1505 2296 1538 decanus

1323 1558 1555 1593 convenerint,
1577 1558 1785 1596 deputamus:
1808 1559 1875 1587 Hac
1898 1562 2007 1588 aut-em
2031 1558 2240 1590 ordinatione
2265 1563 2295 1590 et

1323 1610 1513 1648 provisione
1553 1615 1665 1640 nostra
1699 1615 1874 1650 utramque
1910 1611 2053 1649 partium
2082 1611 2235 1642 volumus
2264 1616 2296 1643 et

1321 1663 1518 1693 mandamus
1537 1672 1671 1693 manere
1689 1667 1877 1693 contentam
1897 1663 1958 1694 sub
1973 1672 2057 1702 pena
2074 1665 2295 1696 excommuni-

1322 1716 1478 1750 cationis,
1498 1726 1596 1756 quam
1618 1726 1655 1747 ex
1678 1725 1764 1746 nunc
1786 1717 1818 1746 in
1843 1717 1975 1755 scriptis
1994 1717 2149 1748 mandato
2167 1721 2198 1749 et
2215 1727 2294 1748 auc-

1321 1769 1452 1798 toritate
1474 1769 1631 1807 predictis
1655 1769 1688 1798 in
1713 1773 1839 1807 partem
1862 1769 1953 1799 illam
1976 1779 2039 1808 que
2064 1770 2202 1806 eandem
2226 1779 2311 1801 non¹

1322 1822 1503 1851 servaverit
1520 1821 1781 1860 promulgamus.
1804 1824 1841 1863 In
1865 1823 1959 1861 qu'us
1980 1823 2027 1854 rei
2051 1823 2291 1860 testimonium,

1320 1879 1493 1913 presentes
1509 1875 1638 1906 litteras
1655 1884 1714 1913 per
1726 1875 1897 1905 Matheum
1914 1875 2080 1906 notarium
2097 1875 2293 1916 infrascrip-

1320 1932 1389 1957 tum
1414 1928 1487 1958 fieri
1510 1928 1651 1958 fecimus
1678 1932 1707 1958 et
1737 1933 1849 1958 nostro
1872 1928 1982 1966 sigillo
2006 1928 2144 1958 muniri.
2172 1929 2291 1959 Actum

1319 1980 1459 2019 Neapoli
1483 1989 1594 2010 coram
1617 1980 1684 2011 11115
1708 1980 1863 2015 testibus,
1888 1981 2046 2019 magistro
2067 1981 2210 2011 Martino
2233 1981 2291 2012 do-

1318 2033 1400 2062 mini
1435 2042 1518 2072 pape
1553 2033 1722 2071 capellano
1758 2033 1920 2071 predicto.
1961 2033 2094 2063 domino
2129 2033 2291 2065 Riccardo

1319 2090 1436 2124 nepote
1462 2085 1600 2124 predicti
1624 2085 1749 2115 domini
1772 2086 1811 2116 R.
1835 2085 2032 2121 cardinalis,
2062 2085 2226 2117 Panduli’o
2250 2086 2290 2117 de

1316 2139 1417 2174 Suro,
1442 2139 1599 2169 Gualtero
1622 2139 1769 2170 Celario.
1795 2139 1948 2169 Johanue
1971 2139 2058 2169 dicto
2077 2138 2290 2170 Monachoet

1315 2192 1413 2222 Petro
1443 2192 1482 2222 de
1509 2191 1636 2222 Flassio
1665 2191 1889 2221 familiaribus
1918 2191 2065 2230 ejusdem
2093 2191 2220 2222 domini
2246 2192 2286 2222 R.

1317 2244 1512 2280 cardinalis,
1545 2248 1575 2274 et
1602 2244 1786 2274 Rusticello
1818 2244 1857 2274 de
1888 2245 2124 2285 Senis2Anno
2152 2244 2288 2275 Domini

1315 2297 1508 2333 M⁰CC0LV⁰‚
1533 2306 1646 2327 mense
1669 2296 1796 2335 aprilis,
1823 2296 1875 2326 die
1895 2297 1979 2327 VIII
1999 2297 2157 2332 intrante,
2177 2296 2287 2328 indie-

1313 2350 1403 2379 tione
1420 2350 1516 2386 XIII,
1533 2350 1746 2388 pontificatus
1769 2349 1896 2380 domini
1914 2347 2095 2379 Alexandri
2117 2358 2200 2389 pape
2216 2350 2286 2380 IIII

1313 2412 1400 2433 anno
1420 2403 1536 2442 primo.
1564 2403 1791 2433 Interfuerunt
1815 2403 1916 2432 etiam
1936 2402 2080 2433 Adultus
2103 2403 2284 2433 canonicus

1312 2456 1538 2492 Prumiensis,
1564 2461 1757 2495 procurator
1783 2456 1862 2486 dicti
1889 2455 2063 2494 prepositi,
2089 2460 2120 2486 et
2145 2455 2288 2489 Colinus,

1311 2509 1467 2545 clericus,
1484 2513 1677 2548 procurator
1697 2509 1869 2539 memorati
1890 2509 2018 2539 decani.
2042 2508 2109 2547 Ego
2126 2508 2282 2539 Matheus

1311 2562 1521 2598 Nili-niensis,
1538 2567 1746 2592 sacrosancte
1759 2563 1906 2592 Romane
1918 2561 2066 2592 Ecclesie
2083 2561 2281 2592 auctoritate

1312 2615 1476 2651 notarius,
1494 2615 1652 2654 predictis
1670 2615 1807 2645 interfui
1824 2620 1852 2645 ct
1871 2615 1910 2645 de
1927 2615 2082 2645 mandato
2097 2614 2224 2645 domini
2238 2615 2280 2646 R.

1310 2667 1489 2698 cardinalis
1515 2668 1654 2706 predicti
1683 2668 1800 2706 scripsi
1827 2672 1855 2698 et
1884 2668 1918 2697 in
1946 2667 2113 2706 publicam
2140 2668 2286 2700 formam·

1309 2721 1433 2758 redegi.

1278 2773 1402 2804 Nulli
1429 2777 1489 2803 (tc.
1515 2778 1625 2804 nostre
1649 2774 1910 2804 continuationis
1936 2778 1996 2803 etc.
2024 2774 2096 2803 Dant
2125 2771 2276 2811 Neapoli,

1268 2826 1379 2856 idibus
1396 2826 1523 2864 aprilis,
1543 2835 1630 2856 auno
1647 2827 1763 2864 primo.
1785 2840 1796 2853 υ
