2441 3330
972 189 1196 226 PREMIERE
1218 191 1377 228 ANNEE.
2180 202 2216 231 79

128 259 206 292 tiam,
219 258 390 293 procedendi
407 263 504 285 contra
522 259 585 285 illos
597 259 645 293 qui
659 259 692 285 ad
711 263 806 294 partes
816 261 1133 287 comitatuiTholosano

128 308 280 341 contiguas
290 315 322 333 se
333 307 530 333 transtulerint
547 311 577 333 ut
593 308 635 334 sic
651 308 818 334 canonicam
835 308 971 342 effugiant
985 309 1132 339 ultionem,

128 355 307 390 faciendique
324 355 471 381 observari
490 355 693 382 inviolabiliter
708 357 802 382 omnia
818 360 924 383 statuta
943 357 1017 383 edita
1032 361 1087 383 tam
1105 358 1133 383 in

129 403 259 430 conciliis
273 404 432 437 legatorum
448 403 532 430 Sedis
547 404 720 438 apostolicae
736 413 820 438 quam
836 405 863 430 in
877 406 964 431 forma
977 406 1055 439 pacis
1067 406 1134 432 olim

128 452 213 478 initae
233 453 307 478 inter
326 452 483 478 Ecclesiam
504 452 663 478 Romanam
685 457 713 478 et
734 461 830 486 regem
852 453 988 480 Franciae
1004 463 1037 480 ex
1056 458 1134 488 parte

130 509 184 526 una
200 505 227 526 et
245 500 387 534 quondam
405 501 440 527 R.
457 502 590 527 comitem
610 501 805 527 Tholosanum
825 510 859 528 ex
876 503 971 528 altera.
989 503 1071 534 (Rno.
1088 503 1133 537 24,

129 556 154 575 c.
172 548 232 580 245,
251 549 270 576 f.
286 549 347 580 32v;
368 548 513 575 Porrmsr
530 548 636 581 15731.)

171 662 183 676 «
210 673 242 684 ..,
264 651 367 687 priori
389 651 527 686 fratrum
551 650 782 679 Predicatorum
804 651 1040 679 Parist'ensium.
1069 651 1135 681 Cu-

128 702 257 741 pientes
268 706 303 732 ut
314 702 545 740 inquisitionis
556 719 604 731 ——.
618 703 690 732 Dat.
703 702 853 741 Neapoli,
864 703 910 732 VI
922 702 996 732 idus
1010 703 1132 738 martii,

129 763 215 784 anno
231 755 348 793 primo.
371 767 383 781 η

199 933 285 961 292

163 994 377 1029 Ipsi-ascriptis,
393 996 443 1029 qui
462 998 560 1021 contra
580 994 826 1021 confirmationem
843 994 926 1020 electi
945 993 1135 1027 Legionensis

129 1043 232 1069 frustra
249 1043 433 1077 exceptiones
448 1047 669 1078 proposuerunt,
686 1043 816 1076 indulget
833 1046 861 1069 ut
877 1042 910 1068 ad
928 1051 1046 1077 poenam
1063 1051 1135 1069 con-

705 931 821 966 Naples,
842 932 872 958 lli
891 940 967 958 mars
984 931 1061 959 1255.

129 1092 289 1118 stitutionis
317 1093 345 1118 in
376 1091 564 1125 Lugdunensi
593 1092 715 1118 concilio
745 1092 849 1118 editam
886 1100 940 1118 non
973 1095 1134 1119 teneantur.

130 1139 211 1172 (itm.
228 1140 270 1171 ⁵24,
288 1148 312 1166 c.
331 1140 392 1172 ⁵246,
410 1141 428 1166 f.
447 1140 514 1171 ΒΨ.)

171 1253 183 1266 «
205 1242 285 1278 Lupo
303 1242 427 1278 Suqerii
444 1243 591 1271 canonico
611 1247 637 1270 et
651 1243 774 1278 Alsonso
791 1241 923 1270 Gonzert'i
942 1243 1137 1278 portionario

128 1294 247 1322 ecclesie
261 1295 462 1331 Leqionensis.
484 1294 576 1324 Sicut
592 1303 630 1323 ex
645 1297 759 1323 tenore
774 1297 883 1324 vestre
898 1293 1070 1331 petitionis
1087 1302 1135 1323 ac-

129 1346 291 1383 cepimus,
315 1346 434 1376 dilecto
460 1346 529 1376 filio
553 1370 586 1381 ..,
612 1346 716 1376 electo
737 1347 952 1384 Legionensi,
977 1356 1034 1376 vos
1060 1351 1136 1377 ante

127 1397 234 1435 ipsius
261 1399 546 1429 confirmationem
572 1407 638 1428 non
664 1399 731 1429 zelo
758 1399 907 1437 nequitie
934 1403 1135 1437 opponentes

127 1459 237 1480 coram
265 1451 374 1481 felicis
402 1452 641 1482 recordationis
669 1453 695 1482 Ι.
721 1461 841 1490 papam
867 1453 1136 1490 predecessorem

125 1508 274 1534 nostrum
288 1504 375 1534 inter
387 1494 469 1534 alias
482 1504 692 1543 exceptiones
704 1505 889 1543 propositas
902 1509 1015 1534 contra
1026 1505 1136 1543 ipsum

126 1556 316 1594 specialiter
331 1557 523 1595 excipiendo
543 1566 725 1596 proponere
746 1557 939 1593 curavistis,
957 1558 1045 1596 quod
1060 1566 1136 1587 cum

126 1609 214 1640 idem
242 1610 365 1640 electus
388 1610 469 1640 duos
494 1610 783 1641 archidiaconatus
809 1620 923 1641 curam
947 1611 1135 1640 animarum

126 1662 288 1693 habentes
310 1667 454 1701 tempore
472 1663 644 1694 electionis
663 1663 788 1702 absque
809 1663 1056 1702 dispensatione
1076 1664 1135 1693 Se-

127 1715 178 1745 dis
198 1716 375 1753 apostolice
395 1716 565 1751 retineret,
583 1716 697 1754 prefici
717 1716 824 1746 eidem
845 1716 983 1746 ecclesie
1004 1716 1042 1746 de
1060 1717 1134 1755 jure

127 1776 193 1798 non
216 1772 343 1806 poterat
369 1777 430 1798 nec
456 1769 606 1799 debebat.
633 1769 730 1800 Unde
754 1778 829 1799 cum
856 1778 894 1799 ex
920 1773 1012 1807 parte
1039 1769 1135 1799 electi

124 1821 275 1860 jamdicti
306 1826 378 1859 post
407 1821 640 1852 altercationes
669 1822 816 1852 diutinas
847 1826 878 1852 et
907 1822 976 1852 fere
1005 1822 1135 1860 lapsum

127 1873 257 1903 biennii
283 1873 488 1912 dispensatio
515 1883 614 1912 super
639 1874 701 1904 hoc
727 1875 847 1905 fuisset
873 1879 1021 1910 ostensa,
1048 1875 1137 1905 idem

127 1926 354 1965 predecessor.
391 1927 639 1965 exceptionibus
672 1927 748 1957 aliis
781 1928 1034 1966 quampluribus
1070 1937 1135 1957 non

129 1979 296 2013 admissis,
314 1980 510 2010 electionem
525 1980 732 2010 confirmavit
749 1981 898 2011 eandem.
916 1982 1024 2017 Quare
1040 1980 1136 2010 nobis

129 2031 302 2062 humiliter
322 2032 550 2070 supplicastis,
571 2037 606 2063 ut
626 2042 701 2063 cum
723 2037 798 2063 ante
821 2034 1047 2063 ostensionem
1069 2033 1137 2063 dis-

129 2085 335 2123 pensationis
353 2085 544 2124 hujusmodi
561 2090 591 2115 et
607 2085 690 2116 alias
706 2085 894 2124 probabiles
910 2095 967 2116 vos
983 2086 1137 2124 litigandi

129 2146 230 2168 causa
242 2138 420 2173 induxerit,
435 2139 607 2176 providere
616 2139 710 2168 vobis
721 2138 880 2169 adversus
890 2148 1009 2177 penam
1018 2139 1136 2169 consti-

129 2190 268 2220 tutionis
285 2191 462 2221 statuimus
482 2191 742 2221 misericorditer
762 2200 964 2221 curaremus.
988 2192 1056 2221 Nos
1074 2192 1137 2221 ita-

129 2252 193 2282 que
220 2243 339 2273 vestris
367 2243 666 2282 supplicationibus
690 2243 861 2279 inclinati,
889 2248 925 2274 ut
952 2244 992 2273 ad
1018 2253 1137 2282 penam

128 2296 376 2325 constitutionis
403 2296 548 2334 predicte
575 2297 610 2326 in
634 2297 849 2334 Lugdunensi
874 2297 1014 2326 concilio
1039 2306 1138 2335 super

127 2348 189 2378 hoc
205 2349 290 2378 edite
309 2349 444 2379 minime
463 2349 656 2383 teneamini,
675 2349 871 2379 auctoritate
889 2349 982 2379 vobis
1000 2358 1137 2387 presen-

129 2401 211 2431 tium
234 2401 457 2437 indulgemus.
480 2403 555 2432 Non
576 2391 727 2432 obstante
744 2402 772 2431 si
788 2402 993 2440 preceptioni
1012 2402 1137 2431 benefi-

127 2453 253 2483 ciorum
271 2454 571 2484 ecclesiasticorum
588 2464 644 2484 vos
661 2454 768 2484 medio
789 2458 933 2492 tempore
952 2454 1133 2491 ingesistis.

128 2505 219 2535 Nulli
237 2511 297 2535 etc.
317 2511 427 2536 nostre
443 2507 668 2537 concessionis
682 2511 741 2536 etc.
762 2508 834 2536 Dat.
849 2506 998 2545 Neapoli,
1016 2508 1047 2536 ΙΙ
1062 2507 1136 2535 idus

129 2559 252 2590 martii,
271 2568 356 2588 anno
373 2559 490 2597 primo.
513 2571 525 2585 n

202 2737 289 2764 2⁰3

171 2798 258 2824 i'riori
291 2798 455 2824 nionastcrii
486 2798 520 2823 dc
551 2798 689 2828 Caritate,
720 2798 967 2824 ¹antisiodorensis
996 2798 1137 2831 diocesis,

714 2735 831 2770 Napies,
852 2736 881 2762 ¹8
897 2744 972 2762 mars
992 2736 1066 2762 1255.

132 2847 282 2873 confirmat
304 2846 506 2879 indulgentiam
523 2846 557 2872 G.
577 2855 664 2880 papae
687 2846 933 2879 praedecessoris,
951 2851 981 2873 ut
998 2847 1031 2871 ab
1048 2846 1140 2871 adini-

1216 263 1384 290 nistratione
1407 266 1548 298 prioratus
1569 266 1603 291 ab
1623 265 1724 292 abbate
1747 265 1926 292 cluniacensi
1951 274 2006 293 non
2028 269 2119 301 possit
2138 276 2218 295 amo-

1217 311 1286 336 veri.
1304 311 1386 344 (Rea.
1403 312 1446 345 2³4,
1463 320 1488 338 c.
1506 313 1566 345 ⁶247,
1585 314 1603 339 t.
1621 314 1689 345 3-2v.)

1258 423 1271 437 «
1294 434 1326 446 ..,
1342 413 1443 449 priori
1457 418 1483 441 et
1503 415 1666 442 conventui
1681 416 1860 442 monasterti
1875 415 1908 443 de
1924 415 2070 450 Caritate,
2087 417 2217 445 Clunia-

1216 465 1311 492 censis
1326 465 1460 499 ordinis,
1479 466 1732 494 ,lutisiodorensis
1753 467 1885 494 diocesis.
1908 467 2092 503 Religionis
2108 473 2216 499 vestre

1216 520 1361 545 meretur
1375 533 1423 544 —.
1440 516 1524 545 Sane
1542 517 1655 554 petitio
1671 521 1779 547 vestra
1796 518 1889 546 nobis
1906 519 2051 548 exhibita
2068 520 2217 550 contine-

1216 566 1271 596 bat
1287 568 1373 605 quod
1390 567 1497 597 felicis
1514 569 1750 598 recordationis
1767 570 1802 598 G.
1820 578 1902 606 papa
1914 570 2124 607 predecessor
2140 581 2216 602 nos-

1217 623 1266 648 ter
1282 619 1360 648 olim
1379 620 1554 657 diligenter
1575 621 1787 651 considerans
1804 622 1905 659 quod,
1926 622 1954 651 si
1973 631 1991 651 a
2006 625 2216 654 monasteriis

1217 671 1449 701 Cluniacensis
1461 672 1586 701 ordinis
1598 673 1721 710 passim
1733 677 1763 701 et
1780 673 1902 711 absque
1913 674 2103 703 rationabili
2119 684 2218 705 causa

1217 723 1449 760 conti[n]geret
1465 724 1609 753 amoveri
1622 725 1760 762 priores,
1775 733 1931 762 magnum
1946 729 2072 762 poterat
2086 735 2218 756 monas-

1218 774 1311 803 teriis
1325 775 1406 812 ipsis
1421 776 1529 812 parari
1546 776 1767 813 dispendium,
1785 785 1859 805 cum
1876 777 2037 806 novitates
2053 778 2219 808 interdum

1218 827 1347 864 pariant
1367 828 1618 863 detrimentum,
1639 828 1730 857 duxit
1752 827 1929 857 salubriter
1949 830 2159 859 statuendum
2184 834 2219 859 ut

1219 880 1377 917 quamdiu
1401 880 1527 918 priores
1552 881 1658 918 ipsius
1687 880 1814 909 ordinis
1840 884 1906 909 tam
1931 881 1965 909 in
1991 881 2219 919 spiritualibus

1219 940 1317 969 quam
1339 932 1373 961 iu
1397 933 1633 970 temporalibus
1662 933 1745 963 bene
1769 933 2002 962 administrare
2022 934 2217 969 constiterit,

1219 993 1285 1013 non
1308 985 1374 1014 nisi
1397 994 1435 1015 ex
1462 985 1560 1015 certis
1585 986 1695 1015 causis
1717 985 1751 1014 in
1777 986 1890 1015 eodem
1911 989 2032 1015 statuto
2057 987 2219 1024 expressis

1218 1037 1345 1074 possint
1365 1037 1416 1067 vel
1436 1038 1575 1067 debeant
1596 1047 1613 1067 a
1634 1038 1704 1067 suis
1724 1038 1935 1067 monasteriis
1954 1038 2114 1073 amoveri,
2135 1039 2221 1077 quod

1219 1090 1319 1119 etiam
1336 1090 1374 1119 de
1396 1090 1580 1119 minoribus
1602 1090 1705 1120 voluit
1720 1090 1920 1128 prioratibus
1940 1090 2119 1120 observari.
2138 1091 2221 1121 Cum

1219 1143 1322 1181 igitur
1338 1143 1422 1172 sicut
1445 1143 1595 1173 asseritis
1615 1143 1779 1181 prioratus
1797 1146 1904 1172 vester
1919 1143 1957 1172 dc
1974 1143 2117 1173 Caritate
2134 1143 2221 1173 inter

1220 1195 1302 1225 alios
1325 1196 1463 1233 predicti
1486 1196 1611 1225 ordinis
1631 1196 1796 1233 prioratus
1819 1204 1904 1225 unus
1928 1196 1966 1225 (le
1989 1196 2167 1234 majoribus
2190 1200 2221 1226 et

1220 1248 1523 1278 honorabilioribus
1536 1249 1707 1283 habeatur,
1728 1248 1937 1286 supplicastis
1954 1248 2048 1278 nobis
2064 1252 2095 1277 nt
2114 1252 2155 1283 te,
2174 1248 2219 1277 tili

1220 1302 1320 1339 prior,
1338 1301 1389 1331 vel
1406 1301 1488 1331 alios
1504 1301 1561 1339 qui
1578 1301 1637 1330 tibi
1655 1301 1874 1331 successerint
1889 1301 1928 1330 ab
1944 1301 2056 1329 codem
2074 1301 2221 1339 prioratu

1220 1358 1333 1384 contra
1355 1354 1474 1392 prefati
1493 1354 1735 1391 predecessoris
1757 1354 1861 1382 nostri
1882 1357 2003 1382 statuta
2024 1353 2105 1382 nulli
2122 1352 2218 1382 liceat

1220 1416 1382 1437 amovere.
1400 1408 1467 1437 Nos
1484 1407 1595 1445 itaque
1613 1407 1818 1437 attendentes
1837 1406 1923 1444 quod
1941 1415 1979 1435 ea
1996 1414 2058 1444 que
2074 1414 2131 1443 per
2148 1414 2217 1443 pre—

1219 1460 1425 1490 decessorem
1450 1460 1591 1489 eundem
1619 1459 1753 1497 provide
1781 1462 1902 1488 statuta
1928 1446 1999 1487 esse
2025 1461 2215 1492 noscuntur,

1219 1522 1284 1542 non
1312 1517 1388 1543 sunt
1418 1513 1601 1542 temeritate
1631 1511 1815 1551 cujuspiam
1843 1510 2070 1548 infringenda,
2099 1510 2218 1540 vestris

1215 1566 1315 1604 justis
1332 1565 1629 1603 supplicationibus
1647 1563 1809 1599 inclinati,
1828 1563 2021 1593 auctoritate
2036 1562 2128 1592 vobis
2144 1572 2218 1600 pre-

1219 1618 1365 1648 sentium
1385 1618 1607 1655 indulgemus,
1624 1622 1660 1647 ut
1678 1620 1713 1646 tu
1731 1616 1778 1645 fili
1795 1616 1884 1654 prior
1902 1620 1933 1645 et
1949 1624 2154 1645 successores
2170 1615 2219 1644 tui

1219 1680 1284 1700 non
1301 1671 1367 1700 nisi
1384 1680 1422 1700 ex
1438 1670 1547 1700 causis
1565 1670 1600 1699 in
1623 1669 1747 1699 eisdem
1765 1668 1897 1697 statutis
1913 1668 2092 1702 contentis,
2111 1676 2220 1697 coram

1220 1724 1456 1754 diffinitoribus
1468 1722 1632 1761 generalis
1645 1721 1780 1760 capituli
1791 1720 2021 1751 Cluniacensis
2033 1720 2094 1749 rite
2106 1729 2220 1749 secun-

1219 1777 1296 1807 dum
1317 1777 1431 1806 eadem
1449 1780 1571 1806 statuta
1594 1774 1707 1804 clectis
1729 1773 1905 1811 propositis
1926 1777 1956 1801 et
1977 1773 2122 1811 probatis
2138 1772 2220 1810 legi-

1220 1830 1298 1859 time
1315 1829 1354 1859 ab
1371 1829 1488 1858 abbate
1504 1827 1717 1858 Cluniacensi
1735 1835 1792 1856 seu
1808 1834 2014 1864 quocumque
2028 1825 2091 1854 alio
2108 1825 2147 1854 ab
2163 1825 2220 1854 ad-

1220 1883 1465 1912 ministratione
1501 1882 1665 1919 prioratus
1703 1880 1808 1918 ipsius
1844 1879 1978 1917 possitis
2011 1878 2219 1916 aliquatenus

1220 1935 1421 1973 am(1n)overi
1436 1938 1465 1964 et
1480 1935 1508 1964 si
1520 1934 1659 1963 forsitan
1673 1942 1730 1962 vos
1744 1931 1920 1970 superbiis
1934 1930 2221 1969 contrajustitiam

1221 1988 1351 2026 gravari
1368 1987 1553 2025 contigerit,
1572 1986 1701 2016 licitum
1716 1985 1758 2015 sit
1774 1984 1866 2014 vobis
1882 1988 2012 2022 proptor
2027 1983 2087 2012 hoc
2103 1982 2220 2012 Sedem

1221 2041 1434 2080 apostolicam
1451 2039 1626 2078 appellare.
1650 2039 1723 2069 Non
1739 2038 1889 2067 obstante
1912 2037 1940 2066 si
1960 2037 1994 2065 in
2013 2036 2137 2066 eisdem
2153 2039 2220 2065 sta-

1222 2095 1301 2124 tutis
1311 2098 1358 2123 est
1370 2093 1545 2131 cujuslibet
1559 2090 1789 2129 appellationis
1802 2089 1984 2119 remedium
1996 2087 2221 2118 interdictum.

1221 2147 1313 2177 Nulli
1330 2151 1390 2176 etc.
1406 2149 1515 2175 nostre
1527 2143 1750 2173 concessionis
1762 2146 1822 2172 etc.
1838 2143 1910 2171 Dat.
1926 2140 2073 2178 Neapoli,
2090 2141 2151 2170 XV
2165 2140 2222 2168 ka-

1220 2199 1334 2229 lendas
1354 2198 1479 2237 aprilis,
1500 2206 1585 2226 anno
1601 2196 1714 2234 primo.
1737 2207 1750 2221 »

1293 2369 1382 2397 294
1796 2363 1911 2398 NapIcS,
1928 2363 1961 2388 ίΖΟ
1978 2370 2053 2388 niars
2071 2362 2146 2388 1255.

1257 2431 1468 2457 Matrimonium
1498 2431 1569 2455 inter
1595 2428 1778 2454 Guillolmum
1806 2425 1914 2451 Artaldi
1941 2428 1968 2451 et
1992 2423 2099 2449 Flotzun
2126 2426 2219 2449 natam

1220 2480 1362 2514 quondam
1387 2478 1521 2505 Adonim-i
1537 2477 1572 2503 de
1587 2476 1776 2502 Chasanatico
1797 2473 2044 2507 consanguineos,
2061 2471 2217 2504 dispensat.

1220 2529 1302 2560 (itan.
1318 2529 1361 2557 2²4,
1381 2535 1406 2553 c.
1426 2526 1484 2557 248,
1503 2526 1521 2552 s,
1539 2526 1593 2556 33.)

1262 2641 1274 2655 a
1296 2651 1327 2662 ..,
1347 2628 1570 2664 archiepis-copo
1592 2625 1760 2653 Viennensi.
1782 2624 1914 2652 Attenia
1933 2621 2025 2648 sodi>-
2045 2618 2219 2657 apostolice

1221 2680 1470 2719 cirrinnspectio
1487 2684 1547 2708 otc.
1563 2687 1667 2715 usqne
1683 2687 1688 2705 :
1705 2684 1833 2712 semper
1847 2678 1931 2709 agat.
1949 2674 2028 2702 Citii}
2047 2672 2157 2709 itaque
2174 2671 2219 2698 si-

1221 2738 1272 2763 cut
1292 2743 1327 2762 vx
1348 2737 1436 2770 part<¹
1458 2731 1569 2759 dilecti
1593 2730 1651 2758 11111
1673 2727 1793 2757 nobilis
1817 2726 1878 2754 viri
1899 2724 2066 2753 (1111111-11111
2095 2722 2219 2751 Artaldt

1222 2791 1249 2815 et
1272 2786 1389 2814 ‹til-tris·
1415 2785 1447 2812 111
1476 2783 1607 2813 Christo
1631 2781 1696 2809 lilie
1719 2779 1838 2808 nobilis
1860 2776 2008 2805 mulieris
2035 2776 2119 2803 Vicini¹
2146 2778 2219 2803 nate

1222 2838 1386 2876 quondam
1403 2835 1555 2865 Adcinari
1579 2834 1616 2863 tle
1633 2831 1851 2863 Chasanatieo
1868 2830 1929 2858 l'nit
1950 2827 2150 2865 propositum
2166 2835 2219 2853 ro-
