2498 3325
973 187 1196 224 PREMIERE
1218 188 1378 225 ΑΝΝΕΕ.

129 270 180 289 cos
196 266 223 288 et
240 262 328 287 laicos
343 261 467 287 diocesis
483 262 548 295 ejus
560 270 609 295 pro
622 261 745 287 violenta
762 268 898 286 manuum
917 259 1073 294 injectione
1088 267 1138 284 ex-

132 309 421 337 communicationem
438 310 630 335 incurrentes.
651 309 733 340 (Bm.
749 309 794 341 ⁶24,
811 316 836 334 c.
854 308 915 340 746,
933 308 951 334 s.
973 308 1052 335 10st

174 423 186 437 «
217 433 248 443 ..,
277 411 410 447 episcopo
436 410 648 438 Avinionensi.
677 407 835 438 Volentes
863 411 953 436 tuam
976 407 1139 437 honorare

131 470 306 501 personam
322 466 352 491 et
367 470 425 499 per
439 461 622 491 exhibitum
642 461 703 490 tibi
726 460 885 490 honorem
904 459 979 489 aliis
997 459 1140 489 salubri-

132 519 180 545 ter
204 514 393 552 providere.
420 514 486 543 tuis
509 513 808 552 supplicationibus
833 512 1003 546 inclinati,
1031 511 1140 541 absol-

132 567 230 597 vendi
248 567 309 596 hac
328 566 398 596 vice
411 567 503 605 juxta
521 567 661 596 formam
678 565 816 596 ecclesie
838 565 975 594 clericos
993 568 1022 594 et
1038 564 1140 594 laicos

132 624 187 650 tue
199 620 344 650 civitatis
359 624 389 649 et
405 619 558 653 diocesis,
577 627 705 649 necnon
724 623 754 648 et
769 618 844 648 11105
859 618 916 656 qui
927 626 1027 647 causa
1039 616 1142 646 studii

133 673 173 702 ad
194 673 361 702 civitatem
382 672 542 702 accedunt
563 671 711 706 eandem,
733 671 772 700 ab
790 670 1140 701 excommunicationis

133 725 309 759 sententia,
329 733 427 763 quam
440 733 498 762 pro
512 724 657 754 violenta
668 723 847 763 injectione
863 732 1023 752 manuum
1033 723 1068 752 111
1079 722 1140 752 010-

131 778 216 807 ricos
243 777 295 807 vel
320 786 479 815 personas
504 776 678 814 religiosas
706 776 936 811 incurrerunt,
965 775 1140 805 dummodo

131 839 196 860 non
220 830 262 860 sit
287 830 367 860 adeo
388 830 497 868 gravis
519 834 549 859 et
570 829 716 860 enormis
738 838 891 859 excessus
913 829 1000 867 quod
1022 828 1140 858 merito

129 887 260 921 propter
272 883 331 912 hoc
344 887 454 912 essent
467 883 506 912 ad
519 883 637 913 Sedem
650 882 865 920 apostolicam
877 881 1137 917 transmittendi,

129 935 332 965 fraternitati
361 939 415 965 tue
442 935 636 965 auctoritate
659 935 866 973 presentium
891 934 1140 964 concessionem

129 988 280 1017 facimus.
303 987 440 1017 Proviso
456 988 543 1026 quod
559 987 668 1026 passis
686 987 846 1026 injuriam
861 987 965 1017 facias
983 986 1140 1016 satisfieri

128 1045 362 1079 competenter.
380 1041 454 1070 Dat.
472 1040 642 1075 Laterani,
666 1041 715 1070 ΙΙΙ
739 1040 813 1069 idus
831 1039 1031 1074 decembris,
1053 1048 1139 1069 anno

129 1094 246 1132 primo.
270 1106 281 1120 n

203 1259 287 1287 92⁸⁷

169 1321 314 1348 Statutum
332 1322 436 1356 prioris
452 1325 479 1347 et
495 1326 657 1348 conventus
674 1322 852 1348 Roffensium
863 1342 869 1352 ,
888 1323 936 1356 qui
954 1330 1002 1356 per
1017 1322 1140 1356 capella-

134 1378 186 1396 nos
203 1370 342 1404 proprios,
362 1371 567 1396 monachorum
585 1371 656 1401 loco,
675 1371 809 1404 capellam
829 1371 946 1397 manerii
963 1371 997 1396 de
1017 1370 1139 1397 Dei-ente

132 1418 269 1444 deserviri
288 1418 405 1451 faciunt,
423 1418 582 1444 confirmat.
600 1418 681 1452 (Hm.
699 1418 743 1451 24,
761 1427 786 1444 0.
805 1419 866 1449 747,
884 1419 902 1445 f.
922 1418 1004 1449 lOSV.l

659 1258 771 1290 Lati-an,
790 1259 805 1286 9
821 1259 972 1286 decembre
990 1259 1067 1285 1255.

174 1532 186 1546 ιι
216 1542 248 1553 ..,
274 1521 376 1557 priori
404 1525 429 1548 et
454 1521 618 1549 conventui
645 1521 833 1556 Roll'efnsz'bus.
864 1520 1020 1549 Exhibita
1043 1520 1138 1550 nobis

131 1576 238 1602 vestra
255 1572 370 1609 petitio
387 1572 592 1602 continebat.
615 1572 701 1610 quod
717 1581 773 1602 vos
789 1572 975 1601 manerium
992 1577 1139 1602 vestrum

131 1625 169 1654 de
188 1625 330 1654 Derente
352 1624 571 1654 consuevistis
595 1633 652 1662 per
672 1625 752 1654 duos
776 1625 954 1655 monachos
978 1625 1138 1655 hactenus

130 1678 238 1707 facere
255 1677 425 1707 custodiri.
445 1677 501 1715 qui
518 1677 552 1706 in
568 1677 709 1707 ecclesia
725 1682 755 1707 et
775 1677 899 1715 capella
915 1678 1039 1708 ibidem
1056 1678 1138 1708 satis

130 1730 296 1760 faciebant
311 1739 369 1768 per
381 1729 567 1768 capellanos
581 1729 710 1768 aliquos
725 1730 886 1759 deserviri
899 1740 957 1768 pro
971 1740 1029 1760 sue
1043 1730 1138 1761 libito

129 1782 323 1817 voluntatis3
343 1791 456 1811 verum
473 1781 737 1812 consideratione
750 1782 865 1811 habita
880 1782 1033 1820 diligenti
1052 1783 1139 1821 quod

128 1836 237 1874 potius
262 1835 454 1873 expediebat
479 1835 658 1864 monachos
680 1835 715 1864 in
738 1836 887 1865 Roffensi
912 1836 1052 1866 ecclesia
1072 1837 1138 1866 Do-

128 1887 218 1917 mino
234 1887 391 1917 famulari
406 1897 504 1926 quam
523 1888 570 1917 sic
586 1888 709 1917 morari
721 1888 756 1916 in
771 1888 920 1918 manerio
937 1889 1136 1927 supradicto,

127 1941 166 1970 ad
183 1940 365 1970 claustrum
382 1940 549 1970 Roffensis
566 1940 705 1970 ecclesie
717 1940 848 1970 eosdem
860 1941 1039 1971 monachos
1052 1941 1137 1971 salu-

127 1994 230 2024 briter
240 1994 431 2023 revocastis.
446 1993 479 2022 in
493 1993 630 2031 prefatis
644 1993 784 2023 ecclesia
797 1998 827 2023 01
840 1993 964 2032 capella
976 1995 1137 2024 facientes

127 2055 185 2085 per
215 2046 401 2084 capellanos
428 2046 576 2084 proprios
607 2046 761 2076 decenter
787 2047 929 2076 Domino
956 2047 1134 2080 deserviri,

128 2100 196 2129 sere
215 2099 374 2129 decennio
387 2099 455 2137 jam
473 2098 594 2136 elapso.
608 2099 717 2135 Quare
734 2108 751 2128 a
766 2099 862 2129 nobis
879 2099 1052 2129 humiliter
1064 2109 1136 2138 sup-

127 2152 286 2191 plicastis,
302 2157 347 2185 ut,
368 2151 454 2190 quod
471 2160 489 2180 a
506 2151 599 2181 vobis
614 2160 712 2190 super
726 2151 786 2181 1100
802 2152 926 2181 factum
943 2156 1002 2186 est,
1021 2152 1137 2189 digne-

127 2214 200 2234 mur
219 2204 413 2234 auctoritate
438 2203 617 2241 apostolica
639 2204 846 2234 confirmare.
869 2205 937 2234 Nos
958 2213 1034 2234 vero
1062 2214 1136 2234 ves-

126 2258 185 2287 tris
214 2256 495 2295 postulationilms
520 2256 699 2286 clementer
726 2257 905 2286 annuimus
933 2261 974 2291 et,
1004 2257 1090 2295 quod
1119 2266 1136 2287 a

127 2310 219 2340 vobis
245 2309 434 2339 ordinatum
455 2313 504 2338 est
524 2309 658 2347 provide
681 2309 715 2338 in
737 2309 798 2339 hac
819 2314 929 2348 parte,
957 2310 1135 2348 apostolice

127 2363 221 2394 Sedis
251 2362 436 2392 munimine
466 2361 619 2392 duximus
645 2362 919 2392 confirmandum.
952 2363 1045 2393 Nulli
1072 2368 1133 2393 etc.

127 2421 238 2446 nostre
254 2415 515 2446 confirmationis
530 2418 591 2444 etc.
606 2416 680 2445 Dat.
693 2416 858 2452 Laterani,
874 2417 903 2446 V
918 2416 993 2446 idus
1010 2416 1134 2446 decem-

126 2469 207 2505 bris,
226 2478 312 2499 anno
328 2469 446 2507 primo.
464 2480 476 2494 >1

654 2631 766 2664 Latmo,
784 2633 798 2660 8
815 2633 967 2660 decembre
988 2634 1062 2661 1255.

197 2633 284 2662 928

163 2694 334 2729 Magistrum
351 2693 535 2729 Radulphum
552 2693 586 2719 dc
601 2693 784 2725 Albussensi,
796 2695 966 2721 canonicum
979 2695 1136 2722 Ebroicen-

127 2753 198 2776 sem,
216 2745 244 2771 in
261 2745 438 2779 capellanum
457 2752 541 2770 suum
561 2744 670 2778 recipit.
689 2744 772 2776 (Rae.
789 2745 833 2774 ⁶24.
852 2754 877 2772 c.
896 2746 956 2776 748,
974 2746 993 2772 f.
1014 2747 1098 2779 r108v.)

169 2858 181 2872 t<
204 2847 346 2883 Magistro
370 2846 497 2881 liedulfo
520 2845 553 2873 (le
570 2846 759 2875 Albussensi.
782 2848 928 2876 canonico
948 2848 1134 2878 Ebroicensi.

1173 2851 1180 2889 1

2170 200 2226 229 275

1221 259 1305 294 Quia
1321 260 1444 290 dudum
1460 262 1620 291 virtutum
1633 262 1736 292 cultui
1751 266 1781 292 et
1794 262 1981 292 litterarum
2002 264 2141 294 scientia
2156 265 2230 295 lau-

1221 311 1376 342 dabiliter
1388 313 1554 347 institisti,
1569 323 1640 347 nos,
1654 323 1829 352 personam
1842 318 1931 344 tuam
1945 316 2065 346 affectu
2076 317 2230 348 benivolo

1221 369 1477 402 prosequentes,
1496 370 1526 396 te
1549 366 1583 395 in
1606 367 1813 404 capellanum
1830 372 1979 397 nostrum
1995 369 2174 407 recipimus
2191 370 2230 400 de

1222 420 1335 445 nostra
1363 417 1469 453 gratia
1499 418 1645 456 speciali.
1676 420 1852 449 Presentes
1877 424 1986 449 autem
2013 421 2141 452 litteras
2169 422 2230 451 tibi

1223 477 1322 506 super
1340 468 1402 498 hoc
1424 470 1458 498 in
1478 471 1704 500 testimonium
1722 472 1876 502 duximus
1893 473 2129 504 concedendas.
2153 476 2227 504 Dat.

1223 521 1389 556 Laterani,
1407 523 1453 551 VI
1469 522 1543 551 idus
1565 523 1759 555 decembris,
1779 532 1865 553 anno
1883 525 1998 562 primo.
2021 538 2033 552 »

1295 684 1382 712 923

1259 746 1489 780 Archiepiscopo
1511 745 1685 772 Biturioensi
1709 746 1841 773 concedit
1860 747 2022 774 facultatem
2046 751 2230 783 promovendi

1223 793 1256 820 ad
1279 793 1445 828 superiores
1466 794 1582 820 ordines
1605 798 1632 820 et
1653 794 1842 821 consecrandi
1865 796 1911 825 O..
1933 796 2132 824 Mimatensem
2155 799 2231 826 elec-

1731 684 1843 718 Latran,
1861 687 1889 712 11
1909 687 2059 713 decembre
2079 689 2155 716 1255.

1223 846 1295 874 tum,
1312 842 1359 868 diu
1380 842 1509 868 Parisius
1526 843 1699 869 residentem
1712 847 1827 878 propter
1838 852 1941 877 graves
1957 853 2061 871 causas
2077 855 2148 879 quas
2164 856 2231 874 cum

1222 899 1290 925 rege
1315 890 1449 917 Franciae
1466 895 1494 918 et
1509 891 1615 917 comite
1638 891 1811 918 pictaviensi
1831 900 1919 927 super
1938 893 2110 927 quibusdam
2128 897 2232 922 castris

1223 939 1435 974 pertinentibus
1458 939 1492 965 ad
1516 940 1668 966 ecclesiam
1694 939 1894 967 Mimatensem
1922 941 2051 969 babebat.
2075 942 2156 974 (Rea.
2181 944 2230 978 ⁶24,

1222 996 1247 1014 c.
1266 987 1327 1019 749,
1346 988 1363 1014 f.
1382 988 1467 1021 108v.)

1265 1102 1277 1116 «
1301 1112 1335 1124 ..,
1359 1091 1584 1127 archiepiscopo
1606 1091 1801 1120 Bituricensi.
1822 1090 1970 1121 Dilectus
1991 1091 2080 1121 1111115
2099 1092 2149 1127 O.,
2168 1092 2232 1122 Mi-

1221 1143 1382 1172 matensis
1399 1142 1534 1178 electus,
1550 1143 1645 1172 nobis
1662 1143 1822 1181 exposuit,
1839 1144 1926 1182 quod
1942 1144 2023 1182 ipse,
2044 1144 2123 1174 olim
2137 1145 2231 1176 intel-

1220 1195 1304 1226 lecto
1321 1196 1407 1234 quod
1424 1205 1483 1225 nos
1495 1196 1534 1226 de
1550 1196 1691 1226 fratrum
1707 1201 1897 1226 nostrorum
1913 1201 2135 1228 statueramus
2153 1208 2231 1228 con-

1221 1249 1308 1284 silio,
1328 1253 1361 1278 ut
1378 1258 1492 1278 omnes
1509 1248 1751 1279 cathedralium
1767 1249 1983 1279 ecclesiarum
2003 1250 2109 1286 electi,
2129 1251 2195 1281 nisi
2212 1261 2231 1281 a

1220 1306 1366 1340 tempore
1387 1301 1635 1331 constitutionis
1659 1302 1807 1341 ejusdem
1829 1312 1934 1341 usque
1958 1303 1998 1333 ad
2021 1313 2076 1333 sex
2098 1313 2230 1335 menses

1221 1365 1255 1386 se
1272 1356 1419 1385 facerent
1435 1355 1633 1390 consecrari,
1650 1360 1769 1385 extunc
1785 1355 1855 1394 ipso
1871 1357 1956 1385 facto
1973 1361 2083 1387 essent
2101 1367 2118 1387 a
2135 1358 2230 1395 spiri-

1220 1408 1361 1438 tualium
1385 1413 1415 1438 et
1438 1408 1669 1446 temporalium
1692 1408 1982 1439 administratione
2001 1411 2170 1447 suspensi.
2190 1411 2230 1440 ad

1221 1470 1280 1490 nos
1303 1461 1472 1499 proprium
1498 1461 1658 1490 nuncium
1684 1461 1863 1490 destinavit
1884 1461 2057 1491 humiliter
2078 1471 2114 1491 ex
2138 1467 2230 1500 parte

1221 1523 1278 1544 sua
1297 1513 1499 1551 postulatum
1517 1522 1535 1542 a
1551 1513 1658 1545 nohis,
1677 1518 1722 1547 ut,
1742 1523 1815 1543 cum
1832 1514 1902 1551 ipse
1919 1519 2050 1552 propter
2067 1525 2182 1552 graves
2200 1520 2230 1545 et

1221 1567 1340 1596 arduas
1357 1576 1474 1596 causas
1488 1575 1570 1604 quas
1590 1575 1662 1596 011111
1682 1566 1855 1596 carissimo
1872 1567 1905 1595 in
1918 1567 2051 1597 Christo
2069 1567 2136 1597 11110
2154 1577 2230 1597 1105-

1220 1624 1270 1649 tro
1289 1643 1321 1654 ..‚
1342 1619 1467 1648 illustri
1490 1628 1566 1656 rege
1586 1619 1739 1650 Francic,
1761 1628 1797 1648 ac
1818 1619 1937 1649 (1110010
1954 1619 2022 1649 tilio
2040 1620 2143 1649 nobili
2160 1621 2230 1650 viro

1223 1695 1255 1706 ..‚
1276 1672 1394 1701 comite
1415 1671 1628 1706 pictaviensi,
1655 1680 1753 1709 super
1771 1672 1970 1709 quibusdam
1989 1673 2107 1702 castris
2128 1673 2231 1711 perti-

1221 1734 1283 1754 nen
1290 1725 1377 1754 tibus
1390 1724 1578 1753 necessario
1587 1723 1807 1753 adecclesiam
1820 1724 2230 1755 5110111110110101.1301151115

1219 1786 1277 1815 per
1294 1776 1427 1815 aliquod
1442 1776 1598 1814 temporis
1615 1777 1758 1814 spatium
1774 1777 1930 1807 residere.
1947 1778 2229 1807 consecrationem

1220 1838 1396 1868 prorogare
1413 1829 1519 1867 ipsius
1536 1838 1641 1867 11511110
1659 1829 1699 1858 ad
1715 1833 1825 1859 nostre
1843 1829 2023 1859 voluntatis
2040 1830 2231 1868 beneplaci-

1219 1887 1289 1912 tum
1306 1891 1510 1911 curaremus.
1530 1883 1654 1911 Verum
1671 1881 1749 1919 quia
1767 1881 1958 1920 hujusmodi
1975 1887 2133 1912 semestre
2153 1887 2217 1912 tem

1219 1945 1280 1974 pus
1298 1935 1435 1966 effluxit,
1455 1935 1531 1964 dum
1555 1934 1641 1964 idem
1663 1934 1787 1964 electus
1809 1939 1959 1964 nostrum
1979 1944 2077 1973 super
2095 1936 2155 1965 1100
2175 1945 2230 1965 ex-

1178 1985 1179 1999 ³
1219 1993 1364 2027 pectaret
1394 1997 1608 2025 responsum.
1636 1988 1699 2017 sibi
1727 1988 1822 2026 petiit
1851 1997 1949 2025 super
1976 1988 2036 2018 1100
2064 1989 2101 2018 de
2133 1989 2230 2019 solita

1220 2042 1314 2073 Sedis
1339 2040 1515 2079 apostolice
1537 2041 1713 2070 clementia
1737 2041 1914 2079 provideri.
1941 2041 2098 2071 Volentes
2126 2041 2230 2077 iuitur

1220 2095 1326 2125 eidem
1344 2094 1457 2125 electo,
1480 2102 1578 2132 quem
1594 2098 1725 2131 propter
1744 2102 1801 2123 sue
1819 2094 1993 2131 probitatis
2010 2094 2127 2123 merita
2146 2103 2228 2132 qua-

1219 2148 1293 2177 dam
1311 2147 1447 2185 speciali
1464 2146 1641 2176 dilectione
1664 2145 1905 2183 amplectimur,
1928 2151 1958 2175 ct
1975 2146 2111 2176 obtentu
2129 2147 2229 2176 etiam

1219 2200 1330 2230 dilecti
1358 2200 1419 2229 tilii
1450 2199 1554 2228 nostri
1580 2200 1621 2228 H.
1649 2198 1735 2228 tituli
1761 2203 1873 2228 sancte
1897 2199 2019 2228 Sabine
2040 2199 2229 2237 presbyteri

1218 2252 1398 2282 cardinalis
1420 2252 1515 2281 nobis
1541 2251 1759 2289 supplicantis
1776 2260 1833 2289 pro
1856 2251 1939 2289 ipso,
1959 2251 2099 2289 gratiam
2118 2252 2228 2281 facere

1218 2305 1395 2344 specialem
1410 2327 1415 2334 .
1438 2303 1652 2342 promovendi
1671 2313 1746 2333 eum
1763 2304 1803 2333 ad
1820 2303 2008 2342 superiores
2025 2304 2176 2339 ordines,
2197 2308 2229 2333 et

1218 2357 1411 2388 conferendi
1427 2357 1457 2387 ei
1474 2356 1733 2386 consecrationis
1750 2365 1882 2391 1111111115,
1901 2365 1966 2386 11011
1983 2357 2133 2386 obstante
2151 2365 2229 2386 con-

1218 2410 1392 2441 stitutione
1412 2409 1559 2448 predicta
1581 2418 1639 2439 seu
1660 2409 1747 2447 quod
1768 2413 1896 2447 tempus
1916 2409 2027 2439 essuxit
2043 2409 2229 2447 predictum

1218 2468 1249 2494 et
1266 2463 1353 2502 quod
1373 2462 1459 2492 idem
1480 2462 1603 2492 electus
1623 2461 1846 2492 subdiaconus
1868 2466 1979 2491 noster
1996 2462 2124 2496 existit,
2144 2461 2228 2491 libe-

1217 2526 1288 2546 ram
1302 2515 1506 2545 fraternitati
1518 2520 1572 2544 tue
1586 2515 1781 2545 auctoritate
1793 2515 1998 2553 presentium
2016 2514 2227 2544 concedimus

1217 2569 1420 2599 facultatem.
1447 2569 1520 2597 Dat.
1544 2567 1717 2602 Laterani,
1741 2568 1789 2597 III
1812 2567 1887 2597 idus
1912 2567 2116 2602 decembris,
2141 2574 2227 2596 anno

1217 2622 1335 2660 primo.
1355 2633 1368 2647 n

1747 2784 1859 2815 Latrim,
1877 2784 1891 2809 5
1908 2783 2059 2809 decembre
2080 2783 2155 2807 1255.

1289 2786 1380 2814 930

1257 2849 1360 2876 Abbati
1379 2853 1405 2874 et
1422 2847 1577 2873 couventui
1594 2846 1623 2873 S.
1642 2846 1757 2872 vedasti
1774 2846 1974 2872 Atrebateusis
1990 2845 2121 2870 concedit
2137 2844 2227 2870 sacul-
