2441 3330
1013 185 1236 222 PREMIERE
1257 187 1416 225 ANNEE.
2207 205 2263 233 127

167 252 252 279 tando
274 253 365 280 dIctae
380 257 472 280 terrae
493 258 686 288 pugnatorum
703 254 835 281 subsidio
851 263 902 289 pro
918 255 1026 281 honore
1048 256 1172 282 nominis

166 301 315 328 christiani
328 302 474 328 dexteram
490 311 560 329 suae
571 302 749 329 liberalitatis
760 303 905 329 extendat.
917 303 999 337 (Res.
1012 304 1057 334 24,
1070 312 1095 330 c.
1110 304 1170 334 344,

167 351 187 378 f.
203 351 250 381 51;
268 350 414 377 Porrfflsr
430 351 538 385 15795.)

208 464 220 478 «
240 475 274 487 ..,
293 453 357 489 reqi
380 452 502 481 Castelle
523 453 650 481 illustri.
671 452 770 481 Terre
790 451 1060 482 Je1²0solimitane
1083 453 1172 490 peri-

165 504 277 534 culosa
292 521 340 532 —.
360 505 433 534 Dat.
451 504 604 543 Neapoli,
623 505 674 534 III
686 504 762 534 idus
779 504 909 542 aprilis,
926 513 1011 534 anno
1023 505 1140 542 primo.
1157 517 1168 531 n

235 674 324 702 4¹³2
756 673 873 708 Names,
893 674 931 700 1er
947 675 1003 700 mai
1022 674 1098 700 ¹255.

199 735 368 766 Guillelmo‚
385 744 470 770 quem
485 735 674 762 Innocentius
688 744 761 770 papa
776 734 817 761 IV
833 735 868 762 de
884 736 1011 762 notariae
1026 743 1096 762 suae
1111 735 1172 762 offi-

163 785 208 812 cio
221 785 256 811 ad
272 785 399 819 regimen
418 784 584 811 monasterii
599 783 800 810 cluniacensis
814 784 965 818 promovit,
981 784 1114 810 concedit
1130 784 1171 810 fa-

163 833 299 860 cultatem
320 833 417 859 utendi
435 833 537 859 eodem
557 833 648 859 officio
669 832 910 866 quotiescumque
930 832 965 858 ad
983 832 1169 867 apostolicam

162 881 268 908 Sedem
283 881 449 909 accesserit.
468 881 550 914 (Rso.
567 881 609 913 24,
627 889 652 908 c.
671 880 731 911 345,
749 881 769 907 f.
788 881 854 914 5lv.)

204 995 217 1009 «
248 983 418 1018 Guillelmo,
444 984 544 1012 abbati·
572 984 779 1017 Cluniacensi,
806 983 927 1012 notario
948 988 1059 1012 nostro.
1086 983 1170 1013 Cum

161 1034 270 1065 felicis
286 1021 525 1065 recordationis
542 1036 566 1065 Ι.
591 1044 691 1073 papa,
712 1035 924 1073 predecessor
942 1039 1065 1069 noster,
1083 1039 1114 1065 te
1130 1035 1169 1065 de

161 1088 290 1118 notarie
306 1097 364 1117 sue
378 1088 483 1118 officio
497 1088 538 1117 ad
552 1088 701 1125 regimen
715 1087 910 1117 monasterii
925 1087 1168 1124 Cluniacensis,

160 1146 257 1180 prout
273 1141 309 1170 in
324 1140 431 1179 ipsius
446 1140 569 1170 litteris
585 1141 749 1170 contineri
764 1140 1003 1179 perspeximus,
1022 1141 1170 1171 reniten—

156 1189 229 1224 ⁷tem
243 1193 444 1232 promoverit
457 1198 489 1223 et
503 1193 657 1228 invitum,
676 1202 735 1222 nos
752 1193 792 1222 ad
805 1193 911 1222 instar
926 1193 1169 1231 predecessoris

162 1246 310 1286 ejusdem
326 1246 474 1276 volentes
493 1246 553 1275 tibi
568 1246 678 1276 facere
695 1246 835 1283 gratiam
851 1245 1038 1284 specialem,
1054 1246 1170 1275 utendi

161 1299 276 1330 eodem
288 1299 395 1328 officio
408 1303 674 1337 quantocumque
689 1303 719 1328 et
731 1299 1003 1337 quotiescumque
1018 1299 1059 1328 ad
1074 1308 1169 1337 apos-

160 1351 294 1381 tolicam
325 1351 443 1381 Sedem
472 1351 669 1386 accesseris,
702 1351 834 1389 plenam
867 1351 928 1380 tibi
957 1351 1168 1381 concedimus

160 1405 355 1435 auctoritate
382 1404 587 1442 presentium
613 1403 817 1434 facultatem.
846 1403 939 1433 Nulli
966 1408 1027 1434 etc.
1056 1408 1167 1434 nostre

158 1457 383 1487 concessionis
408 1461 466 1487 etc.
495 1458 568 1486 Dat.
595 1456 750 1494 Neapoli,
777 1456 930 1486 kalendis
952 1456 1050 1491 maii,
1080 1465 1166 1486 anno

155 1510 273 1548 primo.
294 1522 306 1535 n

225 1695 314 1723 418

192 1757 422 1790 Archiepiscopo
437 1756 602 1782 Turonensi
619 1756 743 1789 mandat,
756 1755 892 1790 quatinus
908 1756 1071 1782 cessionem
1087 1756 1165 1790 epis·

157 1806 221 1840 copi
238 1805 356 1839 recipiat
370 1804 583 1835 Macloviensis,
597 1805 646 1839 qui
664 1812 714 1838 pro
733 1804 838 1830 tuenda
853 1813 922 1831 suae
938 1809 967 1831 et
981 1805 1099 1831 aliarum
1117 1813 1165 1832 ec-

157 1855 309 1881 clesiarum
326 1853 492 1880 Britanniae
507 1853 637 1880 libertate
654 1861 703 1887 per
720 1861 811 1879 annos
830 1854 968 1888 plurimos
984 1854 1122 1880 laboravit
1138 1857 1167 1880 et

156 1904 206 1937 qui
221 1903 255 1928 de
273 1903 439 1937 hujusmodi
455 1903 562 1929 laboris
578 1902 714 1928 instantia
725 1906 753 1928 et
768 1903 898 1936 gravium
913 1902 1080 1929 diversitate
1092 1912 1166 1930 mor-

157 1951 326 1985 borumjam
343 1951 484 1978 deductus
500 1951 586 1977 estin
604 1951 729 1981 senium,
742 1951 925 1985 injungitque
943 1955 973 1977 ut
989 1952 1015 1978 ei
1031 1951 1066 1978 de
1082 1952 1166 1978 bonis

157 2000 343 2034 episcopatus
364 1999 565 2026 Macloviensis
588 1998 745 2033 provideat.
762 1998 843 2032 (Rae.
862 1999 909 2030 24,
928 2008 953 2027 c.
971 2000 1036 2031 346,
1059 2000 1078 2026 f.
1097 2001 1165 2033 5lv.)

745 1693 861 1728 Naples,
876 1693 908 1719 27
926 1693 996 1719 avril
1014 1692 1092 1720 1255.

200 2113 213 2127 α
245 2124 277 2135 ..‚
308 2102 532 2138 archiepiscopo
561 2102 740 2131 Turonensi.
771 2102 808 2131 In
840 2101 911 2139 lege
938 2101 1073 2131 Domini
1104 2102 1168 2131 suit

158 2153 281 2183 dudum
301 2153 454 2183 voluntas
470 2158 544 2189 ete,
562 2154 764 2184 venerabilis
784 2154 898 2183 fratris
919 2155 1024 2184 nostri
1043 2177 1075 2189 ..‚
1098 2155 1168 2184 Ma-

156 2206 335 2236 cloviensis
351 2207 513 2245 episcopi,
532 2212 562 2237 et
579 2207 631 2237 die
648 2216 684 2237 ac
701 2211 795 2237 nocte
816 2207 851 2236 in
867 2207 925 2236 illa
941 2207 1095 2237 meditari
1111 2208 1167 2237 de-

156 2259 293 2293 lectans.
312 2269 345 2289 se
363 2259 398 2288 in
412 2264 589 2298 conspectu
605 2260 666 2290 Dei
683 2265 713 2290 et
730 2260 903 2290 hominum
920 2260 1057 2298 dignum
1070 2260 1166 2291 laude

155 2312 291 2342 reddere
309 2312 435 2341 studuit
452 2322 488 2342 ac
511 2322 568 2351 pro
587 2313 710 2343 tuenda
728 2313 962 2343 Maeloviensis
979 2318 1009 2343 et
1026 2313 1167 2343 aliarum

155 2364 372 2394 ecclesiarum
390 2365 563 2395 Britannie
585 2366 754 2401 libertate,
777 2370 873 2404 prout
891 2366 1095 2404 accepimus,
1114 2367 1166 2395 111-

155 2417 284 2447 desesso
297 2417 417 2454 spiritu
428 2422 458 2447 ct
470 2418 566 2447 corde
580 2419 803 2456 imperterrito
817 2428 874 2457 per
888 2428 991 2449 annos
1005 2419 1166 2457 plurimos

154 2469 328 2505 laboravit‚
348 2470 492 2507 procedit
512 2471 678 2510 siquidem
693 2472 732 2501 de
748 2471 940 2511 hujusmodi
956 2472 1080 2501 laboris
1096 2472 1166 2502 ins-

156 2523 259 2552 tantia
277 2526 307 2551 et
326 2523 478 2560 gravium
495 2523 687 2554 diversitate
704 2524 893 2554 morborum
910 2524 997 2563 quod
1014 2524 1084 2562 ipse
1098 2525 1167 2563 jam

155 2574 314 2604 deductus
340 2575 380 2604 ad
403 2576 535 2605 senium
560 2581 589 2605 et
616 2577 761 2606 naturali
784 2577 900 2606 robore
921 2577 1099 2607 destitutus
1121 2577 1166 2606 ita

156 2626 318 2664 impotens
345 2632 392 2657 cst
423 2628 559 2657 effectus
588 2629 691 2667 quod„
718 2633 810 2666 prout
837 2629 973 2663 asserit,
1004 2628 1165 2666 pastorale

156 2679 311 2717 prosequi
344 2680 467 2718 nequid
499 2681 642 2710 cilicium
667 2682 759 2719 juxta
791 2685 913 2710 votum.
944 2682 1052 2717 Quare
1080 2681 1167 2710 idem

157 2731 330 2768 episcopus·
354 2737 383 2761 11
411 2737 460 2766 tu.
490 2734 590 2761 frater
615 2733 882 2771 archiepiscope,
909 2743 964 2771 per
987 2733 1114 2763 litteras
1136 2737 1166 2762 11

158 2783 297 2812 nuncios
314 2794 331 2812 a
349 2784 443 2813 nobis
461 2784 633 2813 humiliter
650 2785 830 2823 petivistis.
849 2789 895 2815 ut.
914 2794 988 2814 111111
1006 2785 1075 2822 ipsc
1092 2793 1166 2822 pro-

157 2835 312 2864 curandis
333 2835 470 2866 ccclcsic
489 2846 545 2866 seu
564 2837 764 2874 profectibus
787 2847 820 2867 sc
840 2842 1013 2873 cognoscat
1033 2836 1166 2865 inhabi-

1254 257 1336 293 lem,
1354 259 1566 297 dignaremur
1585 264 1655 301 ejus
1671 264 1817 302 recipere
1834 266 2027 295 cessionem.
2047 267 2130 298 Cum
2146 268 2258 307 itaque

1255 318 1314 340 nos
1331 311 1369 341 de
1386 313 1525 342 fratrum
1541 319 1728 345 nostrorum
1744 317 1893 352 consilio,
1912 318 2059 356 ejusdem
2075 320 2159 350 votis
2175 321 2258 359 epis-

1254 363 1325 400 copi
1343 372 1440 401 super
1451 365 1511 395 hoc
1523 366 1714 397 duxerimus
1726 370 1949 406 annuendum,
1970 373 2164 404 mandamus
2182 383 2258 412 qua-

1254 414 1345 444 tinus
1370 416 1554 447 cessionem
1579 419 1684 456 ipsius
1710 420 1780 450 vice
1809 426 1920 452 nostra
1941 424 2081 461 recipias
2107 434 2143 454 ac
2166 426 2196 455 ei
2219 426 2269 456 de'

1254 465 1351 496 bonis
1368 468 1610 507 episcopalibus
1627 472 1774 509 ejusdem
1789 473 1925 504 ecclesie
1940 475 1986 504 ita
2002 477 2133 507 studeas
2153 479 2256 515 provi-

1255 517 1331 548 dere
1349 523 1385 548 ut
1401 520 1528 556 exinde,
1547 523 1655 560 quoad
1669 524 1798 558 vixerit,
1816 526 1919 563 possit
1935 527 2113 558 honorifice
2131 535 2256 560 susten-

1254 570 1329 599 tari.
1349 571 1626 604 Contradictores.
1642 576 1715 605 Non
1731 576 1881 607 obstante
1898 579 1926 607 si
1942 597 1989 607 —.
2009 581 2081 609 Dat.
2099 582 2253 619 Neapoli.

1252 623 1281 653 V
1296 623 1454 654 kalendas
1471 626 1561 660 maii,
1580 636 1665 656 anno
1681 628 1797 665 primo.
1818 641 1830 655 »

1324 801 1411 827 419
1840 805 1954 840 Naples‚
1972 807 2004 832 ‘27
2021 808 2089 833 avril
2108 808 2184 835 1255.

1289 861 1409 889 Girardo
1431 863 1590 897 Turniello,
1607 865 1635 890 in
1659 866 1830 892 canonicum
1856 867 2062 894 Novariensem
2087 871 2255 897 auctoritate

1252 910 1287 938 G.
1305 911 1339 936 de
1357 911 1453 937 Monte
1469 913 1563 946 longo,
1582 913 1788 948 Aquilegensis
1802 915 1899 948 electi,
1918 920 2047 951 recepto,
2066 919 2254 952 praebendam

1251 959 1426 986 diaconalem
1451 962 1619 988 auctoritate
1641 963 1799 989 litterarum
1822 963 1983 991 Innocentii
2007 974 2095 1000 papae
2117 966 2159 992 IV
2175 975 2255 994 asse-

1252 1009 1364 1042 quenti,
1382 1009 1511 1043 indulget
1528 1014 1557 1036 ut
1573 1011 1741 1038 constitutio
1757 1020 1808 1038 sua
1825 1012 1983 1040 decernens
2000 1014 2094 1041 irritas
2109 1018 2137 1041 et
2155 1015 2256 1042 inanes

1250 1057 1279 1084 in
1295 1058 1528 1092 quibuscumque
1544 1060 1675 1086 ecclesiis
1692 1061 1873 1095 receptiones
1889 1063 2108 1093 canonicorum,
2132 1068 2255 1098 quatuor

1252 1107 1400 1133 dumtaxat
1414 1109 1553 1142 exceptis,
1571 1108 1679 1135 nullum
1700 1109 1725 1135 ei
1743 1110 1949 1144 praejudicium
1964 1116 2090 1145 generet.
2111 1113 2192 1144 (Rau.
2209 1114 2255 1146 24,

1252 1163 1278 1182 e.
1296 1155 1358 1187 347,
1373 1156 1393 1183 s.
1410 1156 1476 1186 51¹.)

1294 1269 1306 1283 κ
1328 1257 1457 1286 airardo
1475 1258 1644 1289 Tui-niella.
1663 1261 1809 1289 canonico
1824 1262 2013 1290 Nomai-tensi.
2034 1262 2125 1291 Sicut
2141 1263 2255 1300 petitio

1250 1313 1307 1338 tua
1325 1308 1420 1338 nobis
1446 1310 1593 1347 exposita
1613 1311 1817 1347 continebat,
1841 1312 1948 1343 felicis
1968 1315 2205 1345 recordationis
2227 1317 2252 1345 Ι.

1249 1370 1349 1399 papa,
1373 1362 1586 1399 predecessor
1610 1368 1730 1399 noster,
1758 1365 1940 1394 venerabili
1959 1367 2054 1395 fratri
2082 1373 2192 1397 nostro
2218 1392 2249 1403 ..‚

1249 1414 1449 1444 Novariensi
1462 1415 1631 1452 episcopo⁷
1655 1417 1849 1453 providendi
1865 1418 1925 1447 tibi
1941 1419 1979 1448 de
2000 1420 2164 1457 prebenda
2180 1421 2250 1450 dia-

1248 1466 1356 1496 conali
1373 1467 1408 1495 in
1420 1467 1618 1497 Novariensi
1636 1468 1785 1504 ecclesia,
1798 1470 1832 1498 in
1847 1480 1911 1508 qua
1922 1471 2043 1501 dudum
2058 1473 2251 1504 auctoritate

1248 1518 1361 1548 dilecti
1387 1519 1449 1547 filii
1476 1520 1512 1549 G.
1543 1520 1581 1549 111
1612 1521 1721 1550 Monte
1748 1521 1845 1559 longo
1872 1523 2106 1561 Aquilegcnsis
2136 1526 2248 1561 electi,

1248 1575 1327 1601 tunc
1343 1572 1379 1600 in
1395 1572 1544 1609 partibus
1561 1572 1628 1602 illis
1648 1574 1825 1611 apostolice
1847 1576 1941 1605 Sedis
1964 1576 2078 1614 legati,
2101 1583 2250 1617 receptus

1247 1624 1360 1654 fueras
1379 1624 1414 1653 in
1433 1625 1628 1654 canonicum
1645 1630 1675 1655 et
1689 1626 1723 1655 in
1739 1627 1887 1663 fratrem.
1901 1628 1929 1657 si
1944 1638 2008 1666 qua
2025 1633 2100 1659 tunc
2117 1631 2251 1661 vacabat

1246 1677 1371 1707 ibidem
1390 1677 1440 1707 vel
1457 1679 1702 1716 quamprimum
1719 1680 1759 1709 ad
1778 1680 1811 1709 id
1832 1690 1865 1710 se
1884 1682 2015 1711 offerret
2033 1684 2248 1720 oportunitas.

1247 1734 1278 1760 et
1307 1734 1421 1759 contra
1454 1740 1512 1768 per
1541 1740 1715 1761 censuram
1747 1732 2005 1763 ecclesiasticam
2035 1735 2251 1772 appellatione

1246 1783 1428 1821 postposita
1446 1784 1676 1821 compescendi
1692 1786 1855 1815 concessit
1867 1795 1925 1823 per
1941 1796 2017 1816 suas
2033 1779 2160 1817 litteras
2174 1788 2251 1818 libe-

1247 1845 1318 1865 ram
1334 1836 1527 1866 facultatem
1541 1846 1546 1864 :
1563 1845 1628 1866 non
1642 1837 1850 1868 obstantibus
1865 1839 2033 1877 aliquibus
2043 1840 2167 1870 ‘litteris
2180 1846 2249 1879 post

1247 1889 1472 1927 receptionem
1489 1893 1577 1919 tuam
1593 1899 1650 1928 per
1665 1899 1904 1929 quemcumque
1919 1892 1958 1921 ab
1973 1893 2086 1921 eadem
2098 1894 2179 1923 Sede
2192 1895 2251 1923 sul·

1249 1950 1457 1980 quacumque
1479 1942 1585 1971 forma
1610 1942 1783 1972 verborum
1805 1944 1948 1973 obtentis
1974 1945 2023 1974 vel
2045 1946 2143 1975 etiam
2167 1947 2251 1976 obti—

1249 1994 1379 2024 nendis.
1393 1995 1527 2032 Nosque
1540 1994 1599 2023 tibi
1612 1994 1758 2025 volentes
1772 1997 1913 2033 gratiam
1926 1998 2032 2027 t‘acere
2047 1998 2249 2035 ampliorem,

1250 2047 1357 2076 eidem
1371 2047 1522 2084 episcopo
1539 2047 1662 2077 nostris
1681 2047 1831 2077 dedimus
1847 2048 1967 2078 litteris
1983 2050 2017 2078 in
2038 2051 2200 2081 mandatis
2218 2057 2247 2081 ut

1250 2099 1310 2128 tibi
1324 2100 1362 2129 de
1378 2100 1545 2137 prebenda
1561 2100 1724 2129 diaconali
1741 2101 1791 2130 vel
1807 2101 1871 2130 alia
1888 2102 1987 2131 etiam
2003 2112 2065 2140 que
2084 2112 2149 2132 non
2166 2109 2249 2134 esset

1249 2152 1404 2190 deputata
1417 2152 1492 2181 aliis
1511 2152 1678 2182 dumtaxat
1693 2153 1727 2181 in
1744 2153 1929 2183 minoribus
1945 2155 2117 2185 ordinibus
2134 2157 2250 2185 consti-

1249 2205 1329 2234 tutis
1344 2214 1402 2242 per
1419 2214 1453 2234 se
1470 2204 1519 2234 vel
1533 2214 1590 2242 per
1606 2205 1709 2234 alium
1724 2206 1894 2243 providere
1915 2212 2059 2241 curaret.
2078 2208 2203 2237 faciens
2222 2213 2249 2237 11

1248 2256 1282 2285 111
1308 2256 1414 2294 ipsius
1438 2257 1602 2294 prebende
1623 2257 1804 2287 diaconalis
1829 2258 1878 2288 vel
1901 2258 2037 2289 alterins
2063 2259 2249 2298 hujusmodi

1248 2309 1456 2338 assecutione
1478 2310 1632 2347 preserri‚
1655 2310 1748 2348 juxta
1768 2311 1915 2348 ejusdcm
1938 2312 2179 2349 predecessoris
2202 2313 2251 2342 di-

1247 2365 1413 2391 rectarum
1436 2361 1476 2390 ad
1498 2362 1639 2391 eundem
1660 2363 1849 2401 episcopum
1870 2364 2109 2394 continentiam
2125 2365 2251 2396 littera-

1249 2424 1333 2444 rum.
1357 2416 1481 2444 Verum
1502 2416 1579 2453 quia
1603 2416 1637 2444 in
1660 2416 1745 2445 dicta
1769 2417 1908 2447 eccl-:sia
1931 2422 2070 2455 quatuor
2091 2423 2121 2447 11
2143 2419 2251 2456 plures

1249 2467 1348 2497 ctiam
1376 2468 1569 2497 auctoritate
1598 2468 1775 2506 apostolica
1799 2474 1874 2498 sunt
1898 2471 2036 2507 11111111,
2063 2481 2249 2510 quanquam

1249 2520 1360 2549 nullus
1379 2525 1407 2549 te
1426 2521 1460 2549 in
1477 2521 1663 2558 receptione
1682 2522 1848 2559 precedat,
1868 2523 1962 2551 nobis
1987 2524 2156 2553 humiliter
2175 2535 2250 2563 sup-

1247 2573 1389 2611 plicasti.
1401 2578 1446 2602 ut.
1459 2584 1498 2603 ne
1510 2584 1567 2611 per
1579 2575 1848 2605 constitutionem
1865 2580 2007 2605 nostram
2025 2587 2079 2615 per
2094 2587 2189 2615 quani
2206 2588 2251 2606 1-1·-

1248 2626 1415 2663 ceptioncs
1433 2626 1516 2655 facte
1532 2627 1565 2655 in
1582 2627 1845 2666 quibuscum<[uc
1861 2628 2009 2657 ecclesiis
2025 2630 2249 2667 quatunrdun

1249 2683 1331 2707 taxat
1356 2679 1498 2716 exceptis
1522 2679 1745 2708 decernuntur
1761 2680 1853 2709 irrite
1874 2686 1901 2709 11
1923 2681 2051 2712 inanes,
2074 2682 2170 2719 possit
2193 2682 2247 2710 tibi

1248 2731 1467 2769 prejudicium
1483 2732 1646 2767 generari.
1666 2733 1835 2769 p1·‹»vi‹1‹·1·‹·
1858 2733 1916 2761 tibi
1937 2738 2069 2770 pam-na
2091 2734 2249 2762 sollicitu-

1248 2784 1323 2812 dinc
1345 2793 1547 2813 (tutaremus.
1574 2785 1639 2813 Nos
1663 2784 1773 2822 itaque=
1797 2785 2032 2813 inwonvcuivns
2053 2786 2249 2814 arbitrante>

1248 2840 1280 2863 ut
1299 2840 1342 2864 tu.
1355 2836 1524 2873 qui.proul
1546 2837 1678 2865 asseris.
1695 2837 1901 2867 inedium-2111
1920 2843 2134 2875 proventuum
2152 2839 2249 2867 uniti*-
