2498 3325
1010 225 1233 261 PREMIERE
1256 226 1413 263 ΑΝΝΕΕ.
2203 241 2257 269 211

166 296 270 326 dictos
302 305 339 327 ex
373 301 464 335 parte
502 306 569 326 una
598 302 629 327 et
661 298 820 328 clericum
851 297 961 335 ipsum
991 306 1029 326 ex
1059 296 1172 332 altera,

167 348 356 386 questione,
375 349 507 378 tandem
530 349 670 380 dilectus
686 350 776 380 filius
792 349 951 387 magister
967 348 1171 382 Rostandus,

166 400 357 438 capellanus
373 405 500 437 noster,
520 411 538 431 a
560 402 656 432 nobis
672 402 822 440 partibus
839 401 1014 439 deputatus
1032 400 1172 434 auditor,

166 453 298 490 cognito
314 462 412 483 cause
428 455 556 484 meritis
574 459 604 484 et
620 455 706 494 juris
723 455 838 484 ordine
854 454 1037 487 observato,
1056 452 1174 481 diffini-

166 505 268 535 tivam
294 515 352 544 pro
378 506 536 545 jamdicto
567 507 686 537 clerico
713 507 912 537 sententiam
940 505 1172 544 promulgavit,

167 558 276 594 Quare
295 558 401 589 dictus
425 559 548 590 electus
571 560 744 590 humiliter
765 559 944 598 postulavit
967 568 985 588 a
1008 559 1118 593 nobis,
1138 562 1174 588 ut

168 619 244 639 eum
265 610 301 639 in
323 612 531 642 assecutione
552 612 717 650 prebende
732 612 873 650 preferri
895 611 1036 649 receptis
1057 611 1174 649 hujus-

167 662 255 691 modi
273 663 468 692 faceremus.
487 664 648 699 Quocirca
670 663 865 693 mandamus
883 663 1054 702 quatinus,
1077 662 1105 691 si
1125 666 1174 691 est

166 713 224 748 ita,
242 715 407 751 prefatum
427 715 584 745 clericum
599 716 633 745 in
650 716 815 754 prebende
833 715 1040 745 assecutione
1062 719 1174 744 aucto-

166 766 263 796 ritate
278 771 391 796 nostra
408 768 548 806 preferri
562 769 665 798 facias
680 769 727 798 sic
741 768 892 806 receptis.
906 768 1173 797 Contradietores

166 823 277 848 autem
293 819 322 848 si
340 820 397 858 qui
414 821 541 850 fuerint
557 825 587 850 et
608 820 748 850 rebelles
769 821 963 850 auctoritate
986 825 1099 850 nostra
1117 829 1174 858 ap-

164 871 343 909 pellatione
361 872 498 902 ‘remota
522 882 721 911 compescas.
753 873 826 902 Non
855 873 1005 902 obstante
1033 873 1061 902 si
1087 872 1173 902 dicto

165 925 318 963 episeopo
328 925 380 955 vel
392 926 657 964 quibuscumque
672 926 747 955 aliis
761 935 778 955 a
791 926 873 956 Sede
886 926 928 955 sit
945 925 1112 955 indultum
1122 943 1170 953 —.

163 978 238 1007 Dat.
262 978 429 1016 Anagnie,
451 979 548 1008 ΧΙΙΙο
569 978 728 1008 kalendas
746 979 894 1016 augusti,
914 987 999 1007 anno
1020 978 1135 1016 primo.
1157 990 1170 1004 »

234 1156 322 1184 693

200 1216 296 1243 Nobili
311 1218 372 1244 viro
389 1217 507 1243 Albrico
525 1217 560 1243 de
576 1217 722 1250 Romano,
740 1221 840 1247 suobet
860 1217 1004 1244 Ecclesiae
1027 1217 1172 1243 Romanae

746 1155 862 1190 Naples,
880 1156 912 1182 ’ΞΟ
930 1164 1005 1181 mars
1026 1155 1100 1182 1255.

165 1266 278 1299 dex-010,
298 1275 398 1292 omnes
414 1267 621 1293 concessiones
637 1266 728 1292 eidem
745 1267 780 1292 ab
796 1266 983 1300 Hunocentio]
1002 1266 1040 1292 lv
1060 1275 1140 1300 papa,
1157 1275 1172 1291 a

165 1314 345 1348 W[illielmo]
366 1323 433 1349 rege
452 1315 646 1342 Rornanorum
662 1319 691 1341 et
706 1324 721 1340 a
738 1323 769 1341 se
784 1316 846 1349 ipso
864 1316 952 1341 factas
968 1315 1002 1341 do
1019 1315 1100 1341 bonis
1116 1315 1172 1341 Ec-

165 1363 247 1389 zelini
269 1363 303 1389 de
322 1363 453 1390 Romano
470 1364 635 1394 confirmat,
655 1368 782 1389 tenorem
800 1364 956 1389 litterarum
974 1368 1120 1398 sumptum
1138 1363 1172 1389 de

166 1416 280 1445 regesto
306 1410 466 1438 Innocentii
486 1411 527 1438 IV
549 1412 681 1446 Lugduni
704 1412 727 1437 V
750 1412 884 1438 kalendas
910 1412 1070 1437 decembris
1098 1420 1172 1437 anno

169 1460 253 1488 VIII:
273 1461 362 1487 Asisii
380 1460 451 1487 VIII
466 1461 532 1487 idus
549 1461 614 1486 maii
631 1470 705 1487 anno
722 1460 781 1491 XI,
797 1465 825 1487 et
840 1460 990 1487 wilhelmi
1015 1461 1091 1495 regis
1108 1470 1173 1495 pro·

164 1517 267 1536 cessus
283 1518 371 1544 super
387 1510 442 1535 hiis
460 1509 572 1536 habitos
586 1510 613 1535 in
631 1510 734 1536 castris
750 1514 814 1536 ante
829 1509 1049 1544 Geylenhusene
1068 1509 1107 1536 VI
1125 1519 1170 1536 no-

165 1566 216 1584 nas
240 1558 366 1584 octobris
391 1558 546 1584 indictione
569 1558 641 1591 ΙΧΠ,
672 1567 746 1585 anno
773 1558 886 1584 Domini
914 1558 1062 1590 M⁰CC0Lo‚

165 1615 231 1633 vero
252 1615 326 1633 anno
348 1606 398 1640 11⁰,
421 1607 585 1634 inserendo.
606 1607 688 1640 (Rae.
713 1607 757 1639 24,
781 1616 806 1633 c.
829 1607 890 1638 558,
915 1608 932 1632 f.
957 1607 1005 1640 833
1027 1606 1171 1633 poi-mam

163 1656 268 1682 157581

1091 1559 1172 1592 regni

203 1770 215 1783 «
241 1758 340 1786 Nobili
357 1758 424 1786 viro
444 1758 564 1786 Albrico
582 1757 615 1786 cle
634 1758 781 1789 Romano,
806 1762 908 1786 nostro
924 1763 949 1786 et
970 1758 1097 1786 Eccleszte
1114 1758 1169 1786 Ro-

160 1819 250 1838 mane
271 1810 382 1839 devoto.
402 1809 619 1847 Exigentibus
639 1813 693 1839 tue
717 1809 902 1839 devotionis
918 1827 966 1838 —.
986 1811 1058 1839 Dat.
1081 1811 1168 1839 Nea-

158 1861 237 1899 poli.
258 1862 341 1891 XIII
356 1862 515 1891 kalendas
532 1862 659 1900 aprilis,
678 1871 764 1891 anno
787 1862 904 1899 primo.
926 1874 938 1888 n

227 2033 315 2061 694

192 2094 320 2121 Gerardo
337 2094 426 2120 Cossa
442 2094 569 2128 d’ochae,
585 2095 676 2121 electo
692 2094 864 2127 Veronensi,
878 2095 1016 2129 indulget,
1037 2101 1065 2122 ut
1082 2096 1164 2122 bene-

156 2143 220 2170 ficia
241 2144 451 2175 ecclesiastiea,
477 2152 549 2177 quae
576 2144 723 2170 obtinebat
744 2148 809 2170 ante
833 2145 1042 2178 promotionem
1063 2153 1163 2177 suam,

156 2193 247 2227 possit
263 2192 355 2218 donec
370 2192 517 2226 paCificam
535 2193 674 2218 bonorum
686 2193 826 2219 ecclesiae
841 2192 1017 2219 Veronensis
1029 2194 1165 2219 adminis-

155 2242 306 2275 trationem
324 2241 464 2271 habuerit,
479 2240 602 2267 decurso
622 2244 751 2275 tempore
771 2241 805 2266 de
826 2242 1031 2267 consecrandis
1052 2242 1164 2276 episco-

157 2289 212 2323 pis,
230 2289 317 2314 libere
334 2290 466 2315 retinere.
483 2289 566 2321 (Rea.
587 2289 630 2319 24,
646 2297 672 2316 c.
690 2289 763 2322 5582,
781 2289 799 2315 f.
817 2290 864 2319 84;
890 2289 1035 2317 PorTnAST
1059 2291 1163 2324 15973.)

756 2034 883 2068 Anagni,
902 2034 915 2060 3
932 2035 999 2060 aout
1017 2034 1092 2060 1255.

197 2402 210 2415 α
233 2390 363 2419 Gerarclo
380 2390 588 2424 Cossaclochae,
606 2391 693 2419 electo
709 2391 879 2419 Veronensi.
893 2391 978 2427 Quia
991 2391 1111 2429 dignus
1129 2401 1162 2421 cs

154 2459 204 2472 -.
223 2443 296 2471 Dat.
314 2442 477 2479 Anagnie⁷
496 2443 545 2471 III
564 2451 668 2472 nonas
685 2443 827 2481 augusti,
848 2452 934 2473 anno
950 2444 1067 2481 primo.
1089 2456 1100 2470 »

226 2620 314 2648 695

190 2682 306 2714 Eidem,
323 2683 371 2716 qui
389 2693 401 2705 u
419 2686 534 2716 propter
551 2682 690 2708 maliciam
707 2683 845 2717 temporis
861 2683 893 2709 ad
911 2692 1032 2718 presens
1048 2686 1075 2711 in
1092 2686 1163 2712 civi-

153 2735 239 2758 tatem
258 2730 455 2757 Veronensem
473 2731 577 2756 morari
594 2738 649 2756 non
667 2740 679 2755 n
698 2734 802 2765 potest,
819 2732 846 2757 in
862 2731 948 2758 Curia
965 2732 1094 2760 Romana
1110 2743 1162 2761 seu

153 2781 219 2808 alibi
237 2780 383 2810 existenti,
399 2779 532 2806 concedit
544 2779 707 2806 facultatem
725 2781 919 2814 cognoscendi
932 2782 966 2808 de
982 2784 1078 2809 causis
1089 2792 1162 2817 quas

153 2830 229 2856 inter
245 2828 377 2855 subditos
392 2836 463 2855 suos
480 2828 588 2854 moveri
601 2827 762 2862 contigerit,
776 2830 974 2856 committendi
986 2839 1035 2857 eas
1051 2832 1114 2858 aliis
1130 2841 1162 2859 ac

153 2877 300 2904 statuendi
317 2877 351 2904 de
366 2877 497 2904 ecclesiis
511 2885 544 2903 ac
559 2876 729 2903 instituendi
746 2880 773 2903 et
788 2877 961 2904 destituendi
974 2880 1095 2906 clericos
1108 2880 1161 2907 Ve-

756 2621 883 2655 Anagni‚
899 2621 913 2648 3
929 2622 996 2648 aout
1014 2623 1090 2649 1255.

1258 299 1390 324 romensis
1406 299 1532 326 diocesis
1550 301 1656 327 secund
1664 310 1708 327 um
1726 301 1801 336 quod
1819 302 1918 329 utilius
1933 303 2068 337 expedire
2085 305 2197 337 viderit,
2214 314 2262 332 ca-

1257 346 1346 378 pitulo
1371 346 1533 374 Veronensi
1555 350 1671 374 minime
1692 351 1839 383 requisito.
1865 351 1947 383 istm.
1967 351 2011 385 2³4,
2029 360 2054 379 c.
2076 353 2153 387 558³,
2173 354 2192 380 f.
2210 355 2260 387 843

1257 392 1404 420 POTTnAsT
1423 396 1528 427 15974.)

1299 506 1311 519 t(
1330 495 1445 523 Eidem.
1464 495 1598 525 Sincere
1617 497 1801 527 devotionis
1823 499 1960 529 affectus
1983 517 2031 529 -.
2054 502 2124 530 Dat.
2147 505 2182 531 ut
2206 511 2262 532 su-

1256 555 1323 584 pra.
1347 559 1358 572 n

1328 723 1414 751 696
1811 726 1939 760 Anagni,
1956 727 1987 753 27
2000 728 2095 761 juillet
2113 729 2190 756 1255.

1293 785 1430 819 Magistro
1447 785 1599 812 Guillelmo
1615 785 1649 812 de
1665 785 1750 817 Saon,
1769 787 1906 813 canonico
1924 787 2104 824 Lexovtenst,
2121 791 2261 825 indulget,

1257 837 1287 859 ut
1299 834 1467 860 beneficium
1483 835 1598 860 unicum
1615 834 1642 860 in
1661 843 1750 869 regno
1766 834 1903 862 Franciae
1919 836 1995 862 licite
2011 838 2138 872 recipere
2154 843 2181 865 et
2197 848 2263 866 cum

1255 883 1377 909 ecclesia
1393 883 1427 909 de
1445 882 1573 909 Bernecb
1595 883 1738 918 [Bernay]‚
1756 884 1924 911 Baiocensis
1940 885 2076 919 diocesis,
2093 895 2191 913 curam
2208 889 2263 914 ani-

1255 940 1365 957 marum
1387 931 1520 965 habente,
1538 932 1625 958 libere
1642 933 1764 958 retinere
1780 933 1880 959 valeat.
1898 933 1981 966 (Risu.
1996 934 2039 968 24,
2057 943 2082 961 e.
2100 936 2161 966 559,
2177 936 2195 961 f.
2209 936 2263 970 84.)

1297 1045 1309 1059 <t
1343 1033 1486 1069 Magyi'slro
1521 1033 1681 1062 Gitillelmo
1710 1034 1743 1062 de
1769 1034 1866 1069 Saon,
1900 1036 2047 1064 canonico
2075 1037 2260 1066 Lezroviensi.

1255 1084 1494 1114 Constitutioni
1519 1085 1676 1115 canonice
1701 1095 1766 1124 qua
1781 1103 1829 1115 —.
1853 1087 1926 1116 Dat.
1950 1088 2118 1126 Anagnie,
2137 1090 2183 1119 VI
2204 1090 2264 1119 ka-

1254 1137 1368 1167 lendas
1388 1138 1532 1175 augusti,
1553 1147 1639 1168 anno
1655 1139 1772 1177 primo.
1793 1152 1806 1166 ›>

1327 1315 1411 1344 63³?

1292 1377 1444 1412 phylippo,
1470 1379 1648 1404 thesaurario
1674 1378 1855 1413 Lexoviensi‚
1881 1380 2058 1415 indulgentia
2084 1382 2260 1415 hujusmodi.

1255 1425 1337 1458 (Rho.
1355 1426 1397 1456 ⁶24.
1415 1435 1441 1453 c.
1459 1427 1531 1457 559²,
1549 1428 1568 1452 f.
1586 1427 1641 1459 84.)

1853 1318 1978 1353 Anagni,
1996 1319 2011 1345 2
2028 1321 2095 1346 aosst
2114 1320 2190 1348 1255.

1297 1540 1308 1553 t(
1334 1529 1496 1565 Pliylippo,
1517 1529 1708 1557 [Ιιεεαανανὶο
1730 1530 1916 1559 Lemovierzst.
1940 1530 2180 1561 Constitutioni
2199 1537 2260 1562 etc.

1253 1597 1302 1608 —.
1320 1581 1393 1609 Dat.
1411 1581 1575 1618 Anagnie,
1594 1583 1661 1611 IIII
1678 1591 1782 1612 nonas
1800 1583 1944 1620 augusti,
1963 1593 2048 1613 anno
2063 1585 2180 1622 primo.
2198 1597 2210 1611 »

1322 1758 1410 1785 698

1284 1818 1409 1845 Jolianni
1427 1819 1551 1852 Rustici,
1569 1821 1709 1847 canonico
1726 1820 1890 1853 Baiocensi,
1909 1821 2046 1856 indulget,
2062 1826 2090 1849 ut
2106 1824 2257 1850 ecclesiam

1249 1876 1330 1894 suam
1348 1869 1382 1894 de
1400 1869 1536 1902 Somebe,
1552 1869 1749 1896 Norwieensis
1766 1871 1901 1901 diocesis,
1918 1880 1967 1905 per
1979 1872 2156 1906 capellanum
2171 1873 2261 1899 valeat

1248 1917 1404 1944 deservire.
1422 1917 1503 1951 (Rau.
1525 1919 1570 1949 24,
1587 1926 1612 1945 e.
1632 1919 1706 1951 559³,
1723 1919 1743 1945 f.
1760 1920 1816 1949 84.)

1849 1760 1974 1793 Anagni,
1991 1760 2006 1786 ‘2
2025 1762 2092 1787 aout
2111 1761 2185 1788 1255.

1291 2031 1302 2044 «
1318 2020 1455 2047 Jolianni'
1467 2021 1594 2050 Rustici.
1607 2021 1791 2049 subdiacono
1804 2027 1916 2056 nostro,
1932 2023 2078 2051 canonico
2091 2023 2258 2051 Baiocensi.

1248 2070 1342 2105 Cum,
1361 2071 1446 2100 sicut
1462 2075 1519 2101 tua
1536 2072 1632 2102 nobis
1650 2073 1923 2111 exhibitapetitio
1937 2075 2138 2109 continebat,
2157 2076 2191 2104 in
2207 2085 2260 2105 ec-

1248 2123 1349 2153 clesia
1373 2124 1549 2154 Baiocensi
1571 2125 1791 2162 personaliter
1814 2126 1975 2161 residens,
1996 2127 2030 2156 in
2048 2128 2185 2157 eeclesia
2204 2133 2257 2157 tua

1247 2176 1284 2205 de
1302 2176 1454 2212 Socreho,
1474 2177 1702 2207 Norwieensis
1717 2178 1869 2212 diocesis,
1886 2188 1951 2217 qua
1966 2183 1996 2209 te
2014 2181 2171 2210 canonice
2187 2190 2258 2218 pro—

1246 2228 1342 2266 ponis
1364 2228 1533 2266 adeptum,
1558 2230 1774 2259 resid‹1=ntiam
1796 2240 1942 2269 nequeas
1968 2232 2075 2261 facere
2099 2242 2258 2270 persona-

1245 2280 1321 2315 lem,
1337 2289 1396 2310 nos
1415 2281 1479 2310 tuis
1496 2282 1796 2319 supplicationibus
1812 2284 2041 2314 favorabiliter
2057 2290 2255 2315 annuentes.

1245 2337 1402 2371 utusque
1426 2333 1466 2362 ad
1485 2334 1668 2364 triennium
1691 2335 1798 2364 eidem
1821 2335 1959 2365 ecclesie
1982 2337 2020 2366 de
2038 2337 2180 2367 Socrehc
2200 2347 2258 2375 per

1245 2385 1401 2415 idoneum
1420 2386 1629 2423 capellanum
1646 2387 1755 2417 valeas
1776 2388 1943 2418 deservire
1960 2393 1991 2418 et
2007 2389 2134 2419 fructus
2151 2390 2257 2427 ipsius

1245 2437 1374 2475 integre
1391 2438 1560 2476 percipere
1579 2448 1615 2468 ac.
1635 2440 1663 2469 si
1684 2440 1718 2469 in
1746 2449 1783 2470 ea
1800 2441 2021 2478 personaliter
2044 2442 2207 2472 resideres
2228 2448 2255 2472 et

1246 2491 1434 2527 superiores
1450 2491 1583 2521 ordines
1600 2492 1727 2522 invitus
1747 2493 1915 2531 suscipere
1933 2502 1996 2523 non
2015 2495 2158 2532 cogaris,
2180 2504 2258 2524 auc-

1245 2542 1376 2571 toritate
1397 2543 1457 2571 tibi
1475 2544 1683 2581 presentium
1704 2545 1928 2583 indulgemus.
1950 2546 2043 2575 Nulli
2066 2551 2126 2575 etc.
2146 2551 2256 2576 nostre

1245 2594 1470 2624 concessionis
1488 2599 1548 2625 etc.
1568 2596 1641 2625 Dat.
1660 2600 1695 2626 ut
1713 2606 1822 2635 supra.
1843 2610 1856 2623 »

1318 2773 1404 2800 699

1282 2834 1388 2861 Abbati
1400 2835 1434 2861 de
1446 2834 1564 2870 Longis,
1576 2835 1746 2863 Baiocensis
1758 2837 1893 2869 diocesis,
1907 2837 2114 2871 indulgentiam
2128 2838 2254 2865 Johanni

1846 2775 1972 2809 Anagni,
1988 2776 2003 2802 ‘2
2019 2777 2087 2802 aout
2106 2777 2181 2803 1255.

1245 2882 1360 2910 Rustici
1382 2892 1552 2911 concessam
1574 2885 1742 2920 notificans,
1764 2886 1880 2913 mandat
1899 2887 2035 2920 quatinus
2055 2887 2146 2913 eidem
2167 2896 2255 2914 cano-
