2441 3330
954 226 1178 263 PREMIERE
1199 227 1356 263 ANNEE
2149 237 2202 265 147

106 295 286 335 noscimini
305 303 498 341 frequenter
521 301 697 331 imminere
720 301 842 330 dicitur
866 309 930 329 non
950 299 1117 328 modicum

107 356 353 387 detrimentum.
381 354 467 391 Quia
486 363 564 384 vero
587 354 674 392 quod
697 361 812 383 omnes
833 352 939 389 tangit
961 351 1057 380 debet
1077 350 1117 379 ab

108 408 263 439 omnibus
287 406 478 445 approbari,
503 415 563 436 nos
585 406 734 436 volentes
756 413 888 435 omnem
908 404 995 432 inter
1013 412 1070 431 vos
1087 407 1118 431 et

109 461 242 492 eosdem
261 463 443 490 conventus
466 459 652 497 questionis
672 457 846 487 materiam
867 455 1050 493 amputari,
1077 463 1118 484 ne

109 514 148 544 de
160 517 268 543 cetero
284 511 409 550 absque
420 511 569 549 ipsorum
580 510 792 541 conniventia
804 513 835 539 et
851 517 991 538 assensu
1005 507 1119 537 eadem

109 565 298 596 communia
330 563 440 602 sigilla
471 564 736 602 quibuscumque
766 561 990 592 contractibus
1019 569 1119 597 appo-

110 618 215 653 natis⁷
234 617 327 648 vobis
345 617 539 646 auctoritate
554 616 761 654 presentium
781 613 965 644 districtius
985 611 1120 641 inhibe-

109 680 196 701 mus.
216 669 309 700 Nulli
328 674 387 700 etc.
413 673 525 699 nostre
545 668 759 698 inhibitionis
780 671 840 697 etc.
865 668 939 696 Dat.
965 664 1116 702 Neapoli,

109 724 139 754 V
153 723 228 753 idus
244 723 335 756 maii,
356 730 442 751 anno
458 721 576 761 primo.
596 733 608 747 »

180 892 270 921 5⁰3

144 954 284 988 Magistro
297 953 428 979 Andreae
445 953 479 979 de
491 952 571 984 Orto,
584 952 718 987 scriptori
732 960 796 984 suo,
808 951 1118 986 archipresbyteratum

108 1002 249 1030 ecclesiae
267 1010 292 1029 s.
315 1002 460 1028 Laurentii
476 1001 687 1032 Vitcrbiensis,
705 1001 740 1027 de
756 1009 813 1035 quo
830 1000 993 1035 Raynerius
1015 999 1049 1025 de
1067 999 1119 1025 Vi-

109 1051 201 1078 terbio
222 1052 392 1077 auctoritate
414 1050 575 1077 lnnocentii
593 1050 632 1075 lV
653 1050 748 1085 ipsum
767 1058 816 1084 per
837 1049 939 1076 librum
962 1049 1118 1081 investivit,

109 1099 275 1130 confirmat,
303 1100 412 1126 litteras
436 1099 572 1133 Raynerii
600 1099 707 1125 Romae
736 1098 781 1124 die
810 1097 836 1123 X
861 1102 984 1123 exeunte
1011 1097 1119 1123 mensis

108 1148 207 1183 aprilis
223 1147 379 1174 MCCLIIII
396 1147 560 1175 inserendo,
576 1147 660 1180 (Rea.
677 1147 723 1182 ς24,
739 1156 763 1174 c.
782 1147 843 1180 413,
862 1147 880 1174 f.
900 1148 933 1174 59
948 1149 954 1180 )

658 890 774 926 Naples,
793 891 825 917 28
838 890 951 924 janvier
969 890 1046 916 1:¹55.

154 1262 167 1277 ιι
183 1250 326 1287 Magistro
338 1250 455 1278 Andree
470 1250 503 1278 de
518 1250 597 1284 Orto,
613 1250 757 1287 scriptori
769 1254 882 1278 nostro.
898 1249 981 1279 Cum
993 1257 1011 1278 a
1024 1248 1120 1278 nobis

111 1306 173 1333 etc.
198 1310 305 1341 usque
329 1312 336 1331 z
354 1302 516 1332 effectum.
544 1301 702 1332 Retulisti
719 1301 883 1340 siquidem
899 1310 1008 1330 coram
1024 1301 1120 1330 nobis

112 1355 200 1394 quod
225 1354 366 1384 dilectus
390 1354 480 1384 filius
507 1354 665 1392 magister
687 1354 878 1393 Raynerius
901 1354 939 1384 de
957 1353 1118 1389 Viterbio⁷

112 1406 303 1445 capellanus
317 1410 439 1442 noster⁷
452 1416 470 1436 a
483 1429 514 1442 ..,
525 1410 736 1445 procuratore
745 1406 917 1437 Guillelmi
926 1410 1004 1435 tunc
1015 1406 1121 1436 archi-

110 1459 300 1498 presbyteri
320 1459 460 1489 ecclesie
485 1459 593 1489 sancti
615 1459 787 1489 Laurentii
809 1458 1032 1488 viterbiensis
1050 1459 1120 1497 ejus

112 1512 261 1546 nomine⁷
290 1511 396 1542 libera
418 1511 471 1542 sui
492 1511 828 1550 archipresbiteratus
853 1511 959 1549 ipsius
982 1511 1121 1541 ecclesie

110 1564 336 1601 resignatione
347 1568 490 1602 recepta,
507 1568 605 1602 prout
620 1563 729 1593 felicis
742 1563 982 1593 recordationis
996 1564 1022 1593 I.
1037 1572 1122 1602 papa

109 1616 323 1656 predecessor
339 1620 451 1646 noster
471 1616 536 1646 sibi
553 1616 628 1645 viva
644 1624 722 1646 voce
738 1616 914 1651 commisit,
933 1615 1121 1654 archipres-

109 1669 290 1699 biteratum
308 1669 450 1699 eundem
470 1677 545 1698 cum
562 1668 771 1707 plenitudine
788 1668 875 1707 juris
899 1668 951 1697 sui
977 1668 1121 1698 auctori-

111 1725 177 1752 tate
193 1722 300 1760 ipsius
315 1722 560 1760 predecessoris
577 1721 639 1750 tibi
655 1721 814 1751 canonice
830 1721 970 1751 contulit
986 1725 1017 1751 et
1034 1725 1063 1751 te
1082 1721 1121 1751 de

110 1776 182 1814 ipso
210 1774 459 1813 presentialiter
488 1774 679 1809 investivit,
713 1774 895 1804 decernens
924 1774 1058 1804 irritum
1090 1777 1121 1803 et

109 1828 210 1858 inane
227 1827 256 1858 si
274 1837 369 1858 secus
388 1828 595 1865 contingeret
618 1827 822 1865 attemptari,
842 1831 938 1865 prout
953 1827 988 1856 in
1004 1830 1121 1865 paten-

110 1880 198 1910 tibus
220 1880 342 1910 litteris
364 1881 523 1910 confectis
546 1880 664 1910 exinde
688 1889 723 1909 ac
746 1880 856 1917 sigillo
879 1879 959 1909 dicti
982 1879 1119 1918 capituli

109 1932 250 1970 signatis
268 1932 400 1971 plenius
419 1930 618 1963 continetur.
643 1933 711 1962 Nos
733 1933 845 1971 itaque
865 1933 931 1962 tuis
953 1932 1120 1970 supplica-

108 1985 256 2015 tionibus
272 1985 441 2021 inclinati‚
461 1986 548 2024 quod
565 1986 604 2015 ab
621 1986 735 2015 eodem
752 1986 921 2024 capellano
939 1995 1037 2023 super
1053 1985 1119 2015 hiis

108 2039 234 2068 factum
261 2043 310 2068 est
334 2043 442 2068 ratum
466 2038 627 2069 habentes
644 2043 675 2069 et
700 2040 843 2073 firmum7
868 2039 902 2068 id
924 2039 1118 2068 auctoritate

108 2090 288 2129 apostolica
305 2092 539 2120 confirmamus
553 2095 614 2121 etc.
632 2100 738 2130 usque
757 2101 762 2120 :
784 2091 1039 2121 communimus.
1057 2092 1119 2121 Te-

109 2152 224 2173 norem
242 2148 353 2173 autem
375 2143 562 2173 litterarum
581 2144 730 2181 ipsarum
747 2144 785 2174 de
804 2144 903 2174 verbo
922 2144 962 2173 ad
982 2144 1118 2173 verbum

107 2196 319 2235 presentibus
337 2196 479 2226 fecimus
496 2197 660 2231 annotari,
679 2196 736 2235 qui
752 2196 828 2226 talis
846 2201 895 2226 est
915 2207 921 2225 1

711 2295 812 2326 Rome,
832 2295 861 2321 ⁶21
881 2296 949 2321 avril
971 2296 1045 2322 1954.

150 2370 163 2384 «
175 2358 213 2387 In
223 2357 357 2387 nomine
368 2357 502 2387 Domini
512 2366 619 2387 amen.
631 2358 727 2387 Anno
736 2358 870 2387 Domini
883 2357 1116 2393 M⁰CC⁰LIIII⁰‚

147 2410 331 2440 indictione
344 2410 422 2445 XII,
436 2414 582 2448 tempore
596 2410 722 2439 domini
738 2410 926 2440 Innocentii
943 2419 1024 2448 pape
1037 2411 1116 2445 1111,

149 2463 202 2493 die
214 2463 256 2492 X⁰
269 2467 408 2493 exeunte
422 2463 549 2493 mensis
564 2463 690 2501 aprilis,
703 2463 892 2502 Raynerius
905 2463 944 2493 de
956 2463 1116 2497 Viterbio,

149 2515 275 2545 domini
295 2524 377 2553 pape
398 2516 606 2554 capellanus,
630 2516 772 2546 discreto
788 2516 858 2545 viro
875 2516 1033 2553 magistro
1049 2516 1118 2544 An-

150 2567 228 2598 dree
257 2567 295 2597 dc
325 2567 421 2603 Orto,
451 2568 577 2597 domini
605 2577 686 2606 pape
713 2568 882 2606 scriptori,
915 2567 1056 2597 salutem
1083 2567 1118 2596 in

149 2620 300 2650 Domino.
335 2619 419 2650 Cum
448 2620 602 2649 dominus
631 2620 831 2649 Guillelmus
861 2619 1119 2657 archipresbiter

148 2672 288 2703 ecclesie
301 2673 405 2703 sancti
419 2673 591 2702 Laurentii
601 2673 824 2703 Viterbiensis
839 2673 983 2707 fecisset7
999 2671 1118 2701 consti-

148 2726 284 2760 tuisset,
306 2725 493 2755 ordinasset
513 2729 611 2763 atque
629 2729 773 2755 creasset
791 2724 955 2761 Angelum
973 2724 1043 2763 ejus
1060 2733 1118 2753 ne-

147 2782 256 2817 potem
276 2781 463 2816 presentem
487 2786 584 2807 suum
606 2777 793 2814 legitimum
814 2782 844 2807 ct
870 2777 1025 2806 idoneum
1044 2785 1118 2814 pro-

147 2835 333 2862 curatorem
363 2830 402 2859 ad
434 2830 699 2859 renunciandum
730 2834 760 2859 et
790 2829 1026 2867 resignandum
1060 2838 1119 2858 suo

149 2884 284 2914 nomine
301 2883 652 2921 archipresbiteratum
669 2882 814 2921 predicte
835 2882 973 2912 ecclesie
994 2882 1028 2910 in
1050 2890 1119 2911 ma-

110 2897 124 2912 5
108 2844 122 2859 Β
108 2791 122 2806 :³
109 2738 123 2753 ἕ
109 2686 123 2700 :⁵
110 2633 124 2648 ὅ
110 2579 124 2595 8
110 2528 124 2542 ὅ
109 2475 124 2490 δ
109 2423 124 2437 θ

1201 310 1213 324 n
1238 299 1337 328 nibus
1369 300 1491 330 nostris
1527 300 1578 330 vel
1609 300 1745 329 alterius
1780 300 1926 338 deputati
1958 309 2056 338 super
2086 301 2147 331 hoc
2184 310 2201 330 a

1201 361 1214 375 n
1239 351 1379 380 Domino
1394 361 1494 389 papa,
1513 352 1598 381 sicut
1616 352 1649 381 in
1672 352 1892 382 instrumento
1908 353 2039 390 publico
2055 354 2202 383 confecto

1201 413 1214 427 n
1240 402 1356 432 exinde
1382 403 1513 441 plenius
1541 404 1738 439 continetur,
1766 413 1824 433 nos
1852 405 1890 433 de
1919 406 2070 435 mandato
2096 406 2201 443 ipsius

1202 465 1214 479 »
1240 453 1364 483 domini
1384 464 1464 492 pape
1482 455 1576 485 nobis
1593 456 1667 485 viva
1685 443 1767 485 voce
1778 457 1874 491 facto,
1893 457 1932 485 ab
1949 458 2061 487 eodem
2077 458 2202 495 Aug-5010

1202 517 1215 531 »
1240 505 1311 535 vice
1328 510 1358 535 et
1375 507 1508 536 nomine
1526 507 1604 536 dicti
1620 507 1790 537 Guillelmi
1814 508 1960 544 ejusdem
1981 509 2202 547 archipresbi-

1203 569 1215 583 n
1241 562 1365 587 teratus
1382 558 1487 588 libera
1503 559 1727 596 resignatione
1745 564 1885 597 recepta,
1903 561 2084 598 predictum
2099 562 2203 591 archi-

1203 621 1215 635 1)
1241 610 1496 647 presbiteratum
1514 620 1586 640 011111
1607 611 1814 648 plenitudine
1832 612 1916 650 juris
1940 613 1991 641 sui
2015 613 2074 641 tibi
2093 618 2204 644 aucto-

1202 674 1215 688 1)
1240 662 1337 692 ritate
1357 663 1495 700 predicti
1512 663 1637 692 domini
1658 673 1738 701 pape
1755 664 1956 693 conserimus
1973 670 2001 694 et
2021 667 2204 703 presentia-

1203 726 1215 740 n
1235 713 1312 743 liter
1341 715 1567 752 assignamus,
1595 720 1623 745 et
1651 720 1681 745 te
1705 716 1742 745 de
1768 716 1839 753 ipso
1871 725 1928 753 per
1956 716 2077 746 librum
2107 727 2204 756 quem

1203 778 1215 792 n
1239 767 1362 796 nostris
1388 771 1538 797 tenemus
1568 768 1723 797 manibus
1754 769 1967 806 corporaliter
1995 770 2203 800 investimus.

1203 831 1215 846 1)
1241 820 1464 849 Decernentes
1480 820 1613 849 irritum
1630 824 1660 849 et
1676 821 1775 850 inane
1792 821 1950 859 quicquid
1966 826 2079 851 contra
2092 832 2109 851 a
2126 832 2206 860 quo—

1203 884 1215 898 »
1241 881 1341 910 quam
1356 872 1529 909 contigerit
1544 873 1742 910 attemptari,
1757 873 2013 903 contradictores
2026 879 2055 903 rt
2068 874 2205 903 1011011οε

1203 937 1215 952 >2
1241 925 1276 954 in
1298 924 1430 963 scriptis
1449 925 1799 954 excommunicationis
1823 926 1985 955 sententia
2007 926 2203 955 innodando.

1203 990 1216 1004 n
1241 978 1280 1007 In
1314 978 1407 1016 qu'us
1439 978 1486 1007 rei
1516 978 1745 1007 testimonium
1774 987 1911 1015 presens
1942 979 2100 1016 scriptum
2131 979 2207 1008 inde

1204 1042 1216 1056 >³
1242 1030 1315 1059 fieri
1339 1030 1479 1059 fecimus
1503 1039 1561 1068 per
1583 1039 1719 1059 manum
1739 1031 1933 1068 Bonaspene
1957 1031 2078 1060 notarii
2096 1036 2207 1061 nostro

1204 1094 1217 1108 »
1243 1082 1353 1119 sigillo
1380 1082 1558 1111 munitum.
1584 1084 1703 1111 Actum
1732 1084 1845 1117 1101110,
1874 1083 1908 1112 111
1936 1083 2078 1121 hospitio
2102 1084 2207 1121 ipsius

1204 1148 1217 1162 ¹>
1243 1135 1368 1165 domini
1390 1135 1553 1173 Raynerii
1579 1135 1616 1165 (10
1639 1135 1806 1170 viterbio,
1828 1144 1937 1165 coram
1961 1136 2092 1165 domino
2118 1137 2208 1173 Ray—

1204 1201 1217 1216 »
1242 1189 1340 1218 nucio
1356 1188 1395 1218 de
1412 1188 1623 1218 Podiobonizi
1641 1192 1671 1218 et
1688 1188 1848 1218 Rollando
1864 1189 2025 1218 Tlicodini
2042 1189 2080 1218 de
2096 1189 2205 1219 Viter-

1204 1254 1217 1268 n
1242 1241 1308 1276 bio,
1327 1241 1467 1271 testibus
1484 1241 1524 1270 ad
1540 1241 1600 1270 1100
1617 1241 1752 1270 vocatis.
1770 1242 1809 1270 Et
1827 1250 1885 1278 ego
1902 1242 2082 1279 Bonaspes,
2101 1246 2207 1271 aucto-

1204 1306 1217 1321 »
1242 1294 1340 1324 ritate
1356 1293 1522 1331 imperiali
1535 1293 1695 1327 notarius,
1714 1293 1752 1323 de
1766 1294 1919 1323 mandato
1932 1294 2070 1331 prat-dicti
2084 1294 2207 1322 domini

1204 1359 1217 1374 n
1242 1348 1282 1376 R.
1301 1351 1337 1376 ut
1353 1356 1453 1384 supra
1466 1346 1597 1383 legitur.
1618 1346 1736 1383 scripsi
1752 1351 1782 1375 et
1800 1346 1977 1384 publicavi.
1999 1360 2009 1371 n

1243 1399 1336 1430 Nulli
1359 1403 1420 1429 etc.
1451 1403 1561 1428 nostre
1587 1399 1847 1428 confirmationis
1873 1404 1931 1429 etc.
1958 1400 2030 1428 Dat.
2057 1398 2205 1437 Neapoli.

1202 1454 1232 1483 V
1246 1452 1406 1482 kalendas
1421 1451 1594 1486 februarii7
1613 1460 1698 1481 anno
1714 1451 1830 1489 primo.
1849 1464 1860 1477 >7

1273 1616 1365 1645 504

1238 1679 1469 1713 Archiepiscopo
1489 1678 1720 1713 Compostellano
1741 1678 1907 1709 committit,
1927 1682 1957 1704 ut
1974 1686 2039 1704 cum
2060 1677 2208 1703 Fen-nando

1204 1728 1296 1759 Petri,
1314 1728 1482 1762 presbytero
1503 1735 1526 1754 s.
1548 1726 1690 1753 ‹Iohannis
1706 1727 1740 1753 de
1756 1727 1916 1760 Calavario,
1935 1726 2027 1760 priore
2045 1727 2210 1752 monasterii

1203 1786 1227 1804 s.
1245 1777 1392 1803 Michaelis
1408 1776 1442 1802 de
1460 1775 1627 1809 Bmhemio,
1644 1775 1889 1810 Compostellanae
1905 1774 2039 1803 diocesis,
2057 1782 2143 1807 super
2159 1773 2209 1799 ‹le-

1202 1826 1279 1852 fectu
1296 1826 1431 1851 natalium
1448 1832 1532 1859 quem
1550 1824 1655 1858 patitur
1671 1824 1828 1858 dispenset.
1846 1823 1926 1855 (tino.
1942 1822 1984 1852 Ἠ,
2002 1831 2026 1849 c.
2043 1823 2103 1851 414,
2119 1823 2136 1848 f.
2155 1822 2186 1848 59
2201 1824 2208 1853 )

1804 1615 1919 1650 Naples,
1941 1616 1970 1642 18
1987 1616 2041 1641 mai
2062 1616 2135 1641 l’qu'v.

1245 1941 1257 1954 «
1281 1951 1312 1962 ..‚
1331 1928 1555 1964 archiepiscopo
1578 1926 1824 1963 Composlellano.
1844 1925 1888 1954 Ex
1906 1928 2017 1953 tenore
2039 1923 2208 1961 petitionis

1203 1980 1400 2010 dilectorum
1424 1979 1568 2008 filiorum
1589 1982 1770 2007 conventus
1796 1977 1989 2006 monasterii
2014 1976 2119 2005 sancti
2146 1976 2208 2005 Mi-

1203 2033 1328 2063 chaelis
1345 2032 1383 2062 de
1400 2031 1594 2063 Brehemio,
1617 2030 1743 2059 ordinis
1765 2030 1870 2059 sancti
1892 2029 2088 2066 Augustini.
2112 2028 2208 2058 Com-

1203 2085 1384 2124 postcllane
1407 2084 1566 2117 diocesis,
1587 2083 1773 2120 accepimus
1790 2082 1890 2120 quod,
1912 2081 2112 2110 monasterio
2137 2081 2207 2117 ipso

1202 2139 1327 2168 (ludum
1353 2137 1473 2175 prioris
1503 2135 1664 2173 regimine
1692 2135 1868 2164 destituto,
1897 2133 1996 2162 iidem
2027 2137 2207 2161 conventus

1202 2195 1297 2230 prout
1314 2190 1414 2219 moris
1431 2194 1479 2219 cst
1496 2188 1730 2218 convenientes
1749 2187 1783 2215 in
1799 2195 1916 2221 unum⁷
1935 2185 2077 2222 Spiritus
2095 2185 2207 2213 Sancti

1203 2244 1309 2282 gratia
1324 2243 1492 2275 invocata,
1516 2244 1545 2269 et
1564 2240 1598 2269 111
1616 2239 1771 2269 dilectum
1794 2238 1899 2267 tilium
1920 2237 2127 2267 Fcruamlum
2147 2238 2207 2265 Pc-

1202 2297 1257 2333 tri,
1275 2295 1494 2334 presbiterum
1511 2293 1616 2323 sancti
1632 2291 1795 2322 ,Iohannis
1813 2290 1850 2320 (10
1869 2290 2056 2323 Calavai-io,
2077 2289 2206 2318 canoni-

1202 2358 1277 2379 cum
1300 2348 1405 2386 ipsius
1430 2346 1576 2380 ordinis,
1604 2345 1711 2374 virum
1738 2348 1773 2373 ut
1801 2347 1953 2373 asserunt
1978 2341 2148 2379 providum
2177 2345 2206 2369 ct

1201 2402 1378 2432 honestum
1395 2400 1481 2429 acin
1502 2397 1732 2436 spiritualibus
1749 2401 1779 2426 et
1798 2395 2031 2434 temporalibus
2048 2395 2206 2423 circums-

1202 2459 1331 2494 pectum
1357 2452 1468 2483 oculos
1496 2451 1700 2481 unanimiter
1728 2450 1925 2487 dirigentes,
1954 2458 2027 2477 011111
2054 2448 2086 2476 111
2111 2456 2205 2476 suum

1202 2508 1345 2546 priorem
1365 2505 1570 2535 concorditer
1586 2514 1621 2533 ac
1639 2503 1720 2533 alias
1742 2502 1898 2531 canonice
1916 2501 2133 2539 postularunt.
2154 2504 2206 2527 tuo

1203 2569 1301 2598 super
1328 2559 1389 2588 11οο
1416 2557 1590 2587 accedente
1618 2564 1793 2585 consensu.
1820 2557 1927 2590 Quare
1956 2554 2017 2583 11111
2048 2553 2141 2581 nobis
2169 2562 2205 2579 cx

1201 2617 1292 2652 parte
1311 2612 1416 2650 ipsius
1439 2615 1619 2639 conventus
1640 2608 1812 2637 humiliter
1830 2607 2050 2644 supplicatum
2069 2610 2112 2634 ut,
2132 2612 2204 2632 cum

1203 2666 1315 2696 eodem
1334 2663 1498 2702 postulato
1521 2672 1618 2699 super
1642 2662 1771 2690 (10100111
1794 2659 1953 2689 natalium
1971 2668 2067 2696 «1110111
2085 2657 2206 2694 patitur

1203 2720 1241 2749 (10
1265 2718 1438 2756 conjugato
1463 2715 1595 2753 genitus
1616 2718 1646 2743 et
1667 2713 1790 2743 soluta.
1811 2711 1896 2749 quod
1918 2711 1957 2739 ml
1981 2709 2114 2748 predicti
2139 2717 2205 2736 1110-

1204 2770 1342 2801 nasterii
1353 2769 1535 2807 prioratum
1548 2766 1673 2795 assumi
1685 2764 1801 2794 valeat.
1818 2764 2008 2801 dispensam¹
2024 2761 2205 2790 miscricor-

1204 2825 1288 2854 diter
1311 2829 1514 2852 curaremus,
1537 2819 1619 2855 Quia
1645 2826 1735 2852 vcro,
1761 2817 1843 2846 sicut
1869 2815 2069 2852 act-vpinms.
2095 2816 2205 2849 postu-

1204 2877 1291 2907 latus
1328 2875 1398 2913 ipse
1436 2871 1626 2911 hujusmodi
1662 2870 1825 2899 desectum
1863 2868 2019 2896 virtutum
2055 2864 2205 2902 amplexu
