2456 3585
934 319 1158 358 PREMIERE
1179 308 1338 354 ANNEE'.
2151 321 2181 350 11

88 402 248 433 canonice
264 401 456 435 offerantur,
479 408 516 429 ac
530 399 598 428 ima
613 408 687 429 611111
707 396 864 435 predictis
880 393 1099 433 prepositura,

90 453 363 486 archidiaconatu
376 456 407 482 et
415 451 592 490 prebendis
609 450 754 480 retinere
769 449 873 478 libere
886 446 1008 480 valeas,
1024 453 1101 474 nec-

91 516 157 537 non
173 510 241 536 tam
253 505 288 534 in
304 504 445 542 receptis
461 512 561 542 quam
575 503 610 532 in
624 501 826 540 recipiendis
842 497 1033 538 hujusmodi
1048 506 1101 534 pa—

92 559 231 593 ratibus,
250 556 469 595 dignitatibus
485 560 515 585 et
535 554 708 584 beneficiis
724 562 781 591 per
797 552 938 582 vicarios
955 559 1030 580 cum
1044 558 1101 578 vo-

91 611 196 641 lueris
216 609 382 640 deservire
405 617 441 638 ac
459 607 629 646 percipere
651 607 689 636 de
712 605 794 643 ipsis
818 605 851 633 in
875 603 1026 633 absentia
1046 605 1100 630 tua

92 664 293 701 ubicumque
310 661 435 691 fuerint
457 669 531 690 cuin
555 659 745 695 integritate
765 660 958 695 proventus,
982 663 1041 683 nee
1063 653 1103 682 ad

94 716 282 754 superiores
303 714 435 743 ordines
456 721 537 751 quos
557 710 747 749 hujusmodi
767 713 901 747 paratus
920 707 971 736 vel
992 705 1102 742 digni-

96 772 179 799 tates
195 776 255 797 seu
274 766 434 795 beneficia
451 765 586 801 exigunt
603 763 796 792 ascendere.
816 771 831 790 a
849 768 1014 798 qumluam
1031 758 1102 795 cog-i

93 820 203 859 possis
219 819 360 853 invitus.
383 827 442 848 nec
463 817 564 847 etiam
588 825 626 845 ex
646 815 834 845 conditione
855 822 914 842 seu
935 812 1029 841 modo
1052 810 1103 840 vel

94 881 194 903 onere
210 872 276 901 hiis
297 879 424 900 annexo
438 869 491 899 vel
508 868 662 906 imposito
678 876 736 897 seu
758 865 956 904 imponendo
975 864 1103 902 aliqua-

94 931 192 955 tenus
208 924 363 954 tenearis.
384 924 459 953 Non
479 921 688 952 obstantibus
705 919 880 949 contrariis
901 917 1034 947 statutis
1052 935 1100 945 —-.

94 979 169 1008 Dat.
186 976 337 1015 Neapoli,
354 977 386 1006 X
404 974 563 1005 kalendas
576 973 734 1013 januarii,
753 981 839 1001 anno
857 971 974 1009 primo.
996 983 1007 997 n

166 1148 223 1176 ΒΨ
643 1143 760 1178 Naples⁷
780 1143 810 1169 *1²2
825 1143 937 1176 janviet·
957 1142 1032 1168 1255.

132 1209 299 1236 Parmensis
315 1211 343 1235 et
360 1207 518 1234 Januensis
533 1206 721 1233 ecclesiarum
739 1205 912 1240 praepositis
929 1205 1057 1238 mandat,
1074 1207 1106 1231 ut

98 1257 300 1285 sinntbatdum
321 1256 498 1292 praedictum
514 1263 602 1289 super
617 1254 857 1281 concessionibus
871 1253 1033 1280 Innocentii
1055 1262 1106 1288 pa-

98 1315 150 1341 pae
166 1305 208 1332 IV
224 1314 281 1337 non
297 1305 464 1340 permittant
479 1304 635 1335 molestari⁷
648 1303 757 1329 litteras
774 1302 933 1329 Innocentii
945 1302 1025 1329 datas
1037 1302 1107 1329 Asi-

98 1356 146 1387 sii,
156 1354 182 1380 V
194 1354 424 1388 kalendasjunii,
436 1361 510 1379 anno
522 1352 577 1378 ΧΙο
589 1352 782 1386 pontificatus,
795 1352 958 1378 inserendo.
967 1351 1050 1385 (Reg.
1060 1351 1105 1384 24,

97 1411 124 1430 c.
141 1403 201 1434 31²,
217 1403 237 1430 f.
253 1403 292 1435 6.)

142 1515 156 1530 α
181 1525 213 1538 ..‚
234 1503 411 1532 Parmensis
430 1507 456 1531 et
477 1525 508 1538 ..‚
535 1502 700 1531 Januensis
722 1502 918 1530 ecclesiarum
936 1502 1108 1538 prepositis.

99 1555 243 1585 Litteras
258 1555 368 1585 felicis
383 1553 622 1584 recordationis
638 1555 668 1583 J.
683 1562 765 1591 pape
780 1553 1024 1591 predecessoris
1038 1562 1110 1583 nos-

100 1608 144 1637 tri
162 1608 233 1647 ejus
253 1607 344 1637 bulla
360 1607 504 1637 bullatas
526 1616 608 1645 quas
631 1606 750 1636 direxit
771 1606 865 1636 vobis
882 1606 1027 1636 vidimus
1050 1607 1111 1636 sub

99 1662 163 1693 hac
178 1663 285 1693 forma
302 1673 308 1691 :

707 1701 821 1734 Assise,
838 1701 871 1727 ‘27
888 1702 942 1728 mai
961 1702 1038 1728 1254.

144 1776 158 1791 (ι
186 1763 402 1794 Innocentius
428 1763 601 1801 episcopus
626 1766 687 1792 etc.
714 1762 844 1792 dilectis
870 1762 949 1791 filiis
974 1786 1006 1798 ..‚
1036 1764 1112 1792 Par-

104 1830 118 1844 »
141 1817 268 1847 mensis
291 1820 321 1846 et
345 1839 377 1850 ..‚
400 1815 582 1846 Januensis
606 1815 822 1844 ecclesiarum
848 1815 1025 1853 prepositis
1050 1820 1108 1845 etc.

103 1882 117 1896 n
141 1868 300 1899 Volentes
320 1868 439 1898 dilecto
459 1868 527 1897 filio
549 1867 731 1906 Synibaldo
752 1868 863 1905 nepoti
887 1872 918 1897 et
944 1868 1113 1906 capellano

104 1934 118 1948 n
143 1925 255 1951 nostro
287 1925 347 1951 etc.
375 1929 482 1959 usque
511 1920 717 1958 attemptari,
746 1920 856 1949 verbis
890 1925 1114 1958 competenter

103 1986 117 2001 »
141 1973 279 2003 mutatis
303 1983 309 2002 ε
338 1977 462 2011 preter,
490 1981 589 2010 quam
617 1972 657 2001 ad
687 1972 794 2001 instar
824 1972 931 2001 felicis
962 1973 1114 2002 recorda-

142 2026 245 2056 tionis
260 2027 286 2056 1.
309 2034 391 2064 pape
406 2025 651 2063 predecessoris
671 2025 788 2055 nostri.
808 2026 967 2061 Quocirca
989 2025 1114 2056 discre-

140 2080 226 2109 tioni
240 2084 349 2109 vestre
365 2088 423 2117 per
438 2077 618 2117 apostolica
634 2078 756 2116 scripta
776 2078 989 2113 mandamus,
1008 2079 1113 2118 (suati-

141 2141 205 2162 nus
220 2132 387 2170 prefatum
400 2131 606 2169 prepositum
623 2140 688 2160 non
708 2131 910 2169 permittatis
932 2140 1030 2169 super
1046 2131 1113 2161 hiis

141 2189 256 2216 contra
271 2184 497 2215 concessionis
513 2187 544 2214 et
565 2183 813 2214 constitutionis
834 2188 945 2214 nostre
966 2188 1114 2214 tenorem

142 2238 183 2268 ab
219 2237 388 2276 aliquibus
425 2236 637 2275 aliquatenus
666 2236 848 2266 molestari.
884 2236 1114 2267 Molestatores

143 2292 214 2331 ejus
235 2295 266 2321 et
282 2290 540 2321 contradictores
557 2290 586 2319 si
602 2290 659 2328 qui
678 2290 805 2319 fuerint
824 2290 876 2320 vel
896 2290 1037 2320 rebelles
1056 2299 1115 2328 per

143 2353 202 2374 vos
221 2343 273 2374 vel
288 2352 346 2381 per
367 2342 469 2371 alium
490 2346 545 2371 aut
566 2341 649 2371 alios
671 2351 745 2371 cum
765 2342 851 2381 juris
874 2343 1063 2380 cognitione
1087 2343 1114 2372 si

104 2410 118 2424 »
142 2400 305 2435 oportuna
320 2395 422 2425 1116111
438 2394 476 2424 de
492 2394 590 2432 plano
611 2399 721 2424 tamen
735 2399 766 2424 et
783 2395 855 2425 sine
872 2395 1013 2433 strepitu
1024 2395 1115 2434 judi-

104 2462 119 2477 »
143 2449 188 2480 611
202 2458 261 2488 per
276 2457 451 2478 censuram
470 2447 729 2477 ecclesiasticam
746 2447 966 2486 appellatione
982 2453 1114 2487 postpo-

106 2515 120 2529 »
147 2502 211 2532 5113
223 2501 470 2539 compescendo.
485 2501 559 2530 Non
573 2500 725 2531 obstante
741 2500 770 2530 si
784 2500 953 2539 aliquibus
962 2519 1011 2530 —.
1022 2501 1116 2538 Quod

106 2568 121 2582 »
146 2555 176 2585 51
194 2563 260 2584 11011
275 2554 370 2583 ambo
387 2558 448 2583 etc.
471 2554 545 2583 Dat.
562 2553 678 2589 Asisii‚
695 2554 724 2583 V
739 2553 899 2584 kalendas
911 2554 1015 2593 junii,
1033 2564 1116 2592 pon-

108 2620 122 2635 »
147 2607 293 2637 tificatus
310 2606 415 2635 nostri
431 2614 517 2635 anno
533 2606 719 2636 undecimo.
740 2619 752 2632 η

146 2660 232 2691 Cum
249 2663 359 2689 autem
382 2666 441 2688 nos
457 2658 498 2688 ad
518 2658 625 2688 instar
647 2658 891 2696 predecessoris
913 2659 1020 2697 ipsius
1042 2668 1117 2697 pre-

104 2713 210 2744 missa
226 2712 332 2743 eidem
347 2710 512 2749 preposito
525 2711 720 2741 auctoritate
736 2711 915 2749 apostolica
926 2711 1117 2742 duxerimus

107 2765 326 2804 indulgenda,
353 2763 546 2793 discretioni
572 2767 681 2793 vestre
709 2772 768 2802 per
789 2763 970 2802 apostolica
996 2764 1119 2802 scripta

106 2818 315 2852 mandamus,
340 2815 498 2855 quatinus
516 2815 609 2855 juxta
628 2816 827 2854 premissam
846 2816 986 2846 1011113111
1003 2817 1043 2846 atl
1062 2817 1119 2846 de-

106 2871 295 2903 fensionem
319 2874 349 2899 et
367 2868 652 2898 conservationem
672 2868 780 2906 ipsius
801 2869 962 2908 prepositi
983 2878 1041 2907 per
1063 2878 1119 2899 vos

106 2924 160 2955 vel
175 2933 234 2963 per
247 2923 349 2953 alium
364 2925 419 2951 aut
433 2920 515 2951 alios
528 2920 724 2959 procedatis.
740 2922 811 2951 Dat.
829 2922 979 2960 Neapoli,
998 2923 1029 2952 II
1045 2922 1119 2951 idus

103 2985 265 3018 januarii,
284 2984 370 3006 anno
386 2983 504 3012 primo.
523 2985 536 3000 n

104 2356 118 2371 ὅ
104 2304 118 2319 :a
103 2251 117 2266 δ
102 2198 116 2213 Β
102 2145 116 2159 ὅ
102 2092 116 2107 :5
103 2040 117 2054 ὅ

1253 391 1310 418 38
1745 387 1862 420 Naptes,
1881 386 1895 413 8
1908 386 2021 420 janvier
2038 386 2114 413 1955.

1218 452 1349 478 Castrum
1371 451 1500 482 Laui-ini,
1519 449 1754 485 Capudaquensis
1770 449 1909 480 diocesis,
1927 448 1981 474 snb
2002 456 2052 474 5113
2074 451 2186 482 protec-

1183 500 1260 526 tione
1277 499 1414 534 suscipit,
1431 504 1561 525 statuens
1583 503 1612 524 ut
1633 498 1706 524 idem
1729 501 1854 522 castium
1872 504 1985 530 semper
2001 495 2034 521 de
2055 495 2204 522 domanio*

1184 547 1329 573 Ecclesiae
1346 547 1460 572 existat.
1476 546 1558 578 (Rto.
1576 545 1618 576 ⁶24,
1637 553 1660 571 c.
1680 544 1722 576 32¹,
1739 545 1757 570 f.
1776 544 1814 576 6)

1227 659 1238 672 «
1265 647 1462 675 [tutem-sitan?
1484 647 1643 674 hominnm
1669 646 1762 672 castri
1778 645 1921 677 Lrtnrini,
1944 644 2189 680 Capmammis-ts

1184 700 1318 727 ‹lim-mis.
1334 698 1525 727 Dei-otionis
1540 700 1753 731 aumnentmu
1770 696 1854 723 circa
1872 713 1919 722 —.
1938 697 2034 723 Sane.
2052 696 2132 723 sicut
2152 704 2190 724 ex

1185 757 1276 789 parte
1299 755 1406 780 vestra
1428 751 1490 779 suit
1507 749 1708 787 propositum
1732 758 1840 777 coram
1867 747 1972 777 uobis,
1996 756 2051 775 vos
2072 751 2100 775 vt
2119 757 2190 776 cas-

1187 809 1272 834 trum
1294 808 1439 833 vestrum
1462 802 1664 839 temporibus
1683 801 1768 830 clare
1793 800 1949 829 memorie
1972 800 2120 828 omnium
2140 809 2192 829 re—

1187 866 1263 892 gum
1293 855 1406 885 Sicilie
1429 863 1558 892 semper
1580 854 1617 883 tle
1648 853 1869 891 predii-truatur
1900 860 2014 887 regum
2040 851 2191 880 demanio

1186 908 1354 938 extitistis.
1370 908 1453 938 Cum
1470 911 1578 936 autem
1598 906 1693 935 nobis
1709 909 1738 934 et
1754 904 1899 934 Ecclesie
1916 905 2062 933 Romane
2084 904 2192 933 debite

1186 962 1356 991 fidelitatis
1372 960 1584 998 prestiteritis
1598 959 1838 997 juramentum.
1858 965 1916 985 nos
1932 956 2050 985 vestris
2068 956 2192 994 suppli-

1186 1014 1373 1044 cationibus
1386 1012 1549 1047 inclinati.
1562 1019 1719 1049 personas
1730 1014 1855 1039 vestras
1869 1009 1903 1037 in
1916 1009 2086 1038 devotione
2100 1009 2193 1038 Sedis

1187 1066 1364 1105 apostolice.
1378 1065 1594 1103 persistentes
1609 1068 1639 1093 et,
1655 1063 1779 1092 dictum
1793 1066 1937 1091 castrum
1952 1061 2012 1090 sul]
2029 1061 2115 1090 beati
2132 1062 2194 1090 Pe-

1187 1119 1230 1148 tri
1246 1123 1274 1148 et
1294 1122 1402 1147 nostru
1420 1115 1622 1155 protectione
1639 1114 1839 1151 suscipimus
1857 1113 2049 1142 auctoritate
2063 1121 2193 1150 presen-

1189 1172 1282 1205 tium,
1302 1169 1541 1200 nichilominus
1556 1172 1739 1197 statuentes
1755 1170 1791 1195 ut
1807 1166 1893 1195 idem
1911 1170 2055 1194 castrum
2071 1165 2105 1194 in
2121 1174 2195 1203 per—

1187 1228 1324 1263 petuum
1344 1224 1382 1253 (le
1403 1226 1515 1252 nostro
1538 1226 1568 1251 et
1586 1220 1731 1250 Eoi-lesio
1752 1220 1877 1257 prefate
1895 1219 2047 1247 demanio
2068 1227 2196 1256 semper

1190 1277 1308 1307 existat
1325 1280 1355 1305 et
1372 1275 1457 1313 quod
1474 1274 1585 1303 nullus
1606 1277 1714 1311 preter
1732 1273 1917 1301 Romanum
1934 1271 2121 1309 pontificem
2140 1271 2196 1299 tlo-

1190 1330 1319 1359 minum
1335 1329 1459 1357 ibidem
1477 1327 1541 1357 sibi
1560 1326 1666 1355 valeat
1688 1325 1874 1354 vendicare.
1897 1323 1989 1353 Nulli
2008 1328 2068 1353 etc.
2087 1327 2196 1351 nostre

1190 1381 1405 1421 protectionis
1422 1384 1452 1409 et
1466 1377 1713 1408 constitutionis
1730 1383 1788 1406 etc.
1808 1377 1881 1405 Dal.
1899 1375 2049 1413 Neapoli.
2064 1376 2109 1405 VI
2122 1375 2196 1403 idus

1188 1433 1347 1474 januarii,
1365 1441 1451 1462 anno
1466 1431 1583 1470 primo.
1604 1443 1615 1456 u

1265 1611 1322 1639 39
1740 1606 1855 1640 Naples,
1878 1606 1901 1631 tt
1920 1605 2032 1639 janvier
2051 1604 2125 1631 1255.

1230 1673 1373 1707 Episcopo
1382 1671 1555 1697 Treventino
1566 1669 1703 1703 indulget,
1716 1673 1746 1695 ut
1757 1668 1853 1694 nullus
1866 1667 2014 1700 delegatus
2026 1666 2109 1692 Sedis
2120 1673 2200 1700 apos·

1194 1722 1296 1748 tolicae
1313 1721 1356 1746 vel
1372 1720 1578 1752 subdelegatus
1593 1722 1646 1744 etc.
1664 1716 1981 1748 excommunicationis,
1997 1714 2200 1748 suspensionis

1195 1775 1224 1797 et
1238 1769 1393 1803 interdicti,
1409 1772 1459 1794 aut
1474 1768 1559 1793 etiam
1576 1765 1812 1800 metropolitanus
1828 1765 1856 1790 in
1873 1772 2023 1798 personatu
2040 1762 2132 1796 ipsius
2148 1770 2199 1787 ex-

1196 1817 1466 1846 communicationis
1482 1815 1640 1842 sententias
1657 1814 1747 1840 valeat
1764 1813 1944 1848 promulgare
1959 1812 2067 1845 absque
2083 1810 2199 1844 speciali

1196 1868 1370 1903 apostolicae
1387 1865 1470 1891 Sedis
1492 1864 1624 1890 mandato
1646 1863 1768 1889 faciente
1791 1870 1956 1895 expressam
1978 1860 2012 1886 de
2033 1860 2085 1885 1136
2106 1858 2200 1884 indul—

1197 1916 1292 1951 gemla
1309 1916 1493 1941 mentionem.
1511 1913 1594 1947 (Hm.
1610 1912 1653 1943 2³4,
1671 1919 1697 1938 e.
1714 1910 1756 1942 33,
1774 1910 1793 1937 f.
1810 1910 1847 1942 6.)

1239 2031 1251 2043 «
1277 2040 1311 2051 ..‚
1336 2017 1468 2054 episcopo
1494 2014 1682 2043 Trecenttno.
1716 2010 1947 2041 Fraternitatis
1973 2013 2026 2038 tue
2049 2007 2201 2045 precibus

1196 2088 1245 2098 —.
1264 2071 1337 2099 Dat.
1356 2066 1507 2105 Neapoli.
1525 2067 1575 2096 III
1591 2065 1665 2094 idus
1677 2063 1836 2103 januarii,
1855 2071 1941 2092 anno
1956 2061 2071 2099 primo.
2095 2072 2107 2086 »

1267 2246 1328 2275 40
1763 2240 1880 2275 Naples,
1897 2240 1912 2266 8
1925 2239 2038 2273 janvier
2057 2239 2131 2265 1255.

1233 2309 1339 2336 Abbati
1359 2305 1522 2333 monasterii
1541 2304 1724 2331 Fiscanensis
1745 2304 1867 2336 ejusque
1886 2300 2108 2327 successoribus
2132 2308 2202 2325 con-

1198 2357 1274 2384 cedit
1290 2356 1450 2383 facultatem
1469 2353 1601 2388 signandi
1623 2360 1672 2387 per
1688 2352 1749 2377 1063
1767 2349 1940 2376 monasterio
1961 2350 1988 2375 in
2006 2348 2203 2383 spiritualibus

1198 2410 1227 2433 et
1246 2404 1452 2439 temporalibus
1474 2403 1556 2436 pleno
1572 2401 1637 2435 jure
1657 2400 1788 2433 subjecta
1808 2397 1949 2431 dandique
1975 2396 2201 2422 benedictionem

1198 2455 1366 2481 sollemnem
1391 2456 1446 2478 tam
1469 2451 1497 2477 in
1521 2449 1626 2476 divinis
1647 2448 1747 2474 officiis
1768 2454 1852 2481 quam
1878 2445 1905 2471 in
1927 2453 2034 2471 mensa.
2053 2444 2134 2478 (Res.
2152 2443 2202 2474 ²24,
2247 2449 2250 2451 ’

1198 2511 1224 2529 c.
1242 2503 1285 2535 34,
1303 2502 1322 2527 s.
1339 2501 1375 2531 6.)

1241 2615 1254 2630 (t
1275 2625 1307 2637 ..‚
1325 2602 1426 2630 abbati
1441 2605 1465 2629 et
1481 2599 1645 2628 conventui
1666 2597 1845 2625 monasterii
1862 2594 2066 2629 Fiscsmensis,
2085 2593 2203 2622 ordinis

1199 2656 1299 2685 sancti
1314 2654 1476 2688 Benedicti,
1495 2652 1533 2681 (td
1549 2653 1713 2680 Romanam
1733 2649 1884 2678 ecelesiam
1904 2648 1987 2676 mello
2003 2647 2099 2675 medio
2111 2646 2203 2683 perti-

1201 2709 1312 2738 nentis.
1338 2705 1555 2744 Exigentibus
1577 2707 1685 2733 vestro
1706 2701 1889 2732 devotionis
1911 2717 1957 2728 —.
1986 2700 2068 2729 Cum
2090 2698 2202 2735 igitur.

1202 2762 1287 2792 sicut
1304 2769 1341 2790 ex
1358 2762 1449 2798 pai-tc
1465 2761 1575 2788 vestra
1590 2756 1654 2786 suit
1669 2754 1872 2794 propositum
1884 2761 1993 2782 6013111
2009 2751 2114 2784 nobis,
2133 2749 2201 2778 tilii.

1202 2814 1250 2844 fili
1263 2813 1375 2848 abbas,
1386 2816 1417 2842 et
1429 2809 1676 2841 successoribus
1688 2808 1753 2838 tuis
1762 2807 1797 2836 in
1808 2810 2000 2845 perpetuum
2010 2802 2203 2837 1150510516-

1203 2867 1335 2897 niorum
1356 2863 1597 2904 pontificalium
1615 2871 1634 2891 3
1651 2860 1734 2891 Sede
1753 2858 1931 2898 apostolica
1949 2857 1991 2886 sit
2011 2864 2201 2885 concessus.

1204 2928 1264 2950 nos
1286 2918 1434 2948 volentes
1454 2915 1546 2946 vobis
1566 2915 1674 2944 facere
1698 2912 1837 2949 gratiam
1854 2909 2045 2948 specialem,
2069 2907 2139 2941 tilii⁷
2159 2906 2203 2934 tili

1205 2972 1318 3006 abhas,
1341 2975 1371 3001 et
1392 2969 1517 3000 eisdem
1537 2965 1784 2997 successoribus
1805 2962 1958 3001 signandi
1974 2970 2030 2998 per
2046 2960 2112 2989 loca
2137 2968 2205 2987 mo-
