<?xml version="1.0" encoding="UTF-8"?>
<!DOCTYPE html PUBLIC "-//W3C//DTD XHTML 1.0 Transitional//EN"
    "http://www.w3.org/TR/xhtml1/DTD/xhtml1-transitional.dtd">
<html xmlns="http://www.w3.org/1999/xhtml" xml:lang="en" lang="en">
 <head>
  <title>
</title>
<meta http-equiv="Content-Type" content="text/html;charset=utf-8" />
  <meta name='ocr-system' content='tesseract 3.04.00' />
  <meta name='ocr-capabilities' content='ocr_page ocr_carea ocr_par ocr_line ocrx_word'/>
</head>
<body>
  <div class='ocr_page' id='page_1' title='image "./lesregistresdale01cathuoft_0105.png"; bbox 0 0 2441 3330; ppageno 0'>
   <div class='ocr_carea' id='block_1_1' title="bbox 134 2198 149 2636">
    <p class='ocr_par' dir='ltr' id='par_1_1' title="bbox 134 2198 149 2636">
     <span class='ocr_line' id='line_1_1' title="bbox 134 2198 149 2636; textangle 90"><span class='ocrx_word' id='word_1_1' title='bbox 136 2621 149 2636; x_wconf 58' lang='grc' dir='ltr'>ὅ</span> <span class='ocrx_word' id='word_1_2' title='bbox 136 2569 148 2583; x_wconf 64' lang='grc' dir='ltr'>δ</span> <span class='ocrx_word' id='word_1_3' title='bbox 134 2515 148 2531; x_wconf 57' lang='grc' dir='ltr'>ὃ</span> <span class='ocrx_word' id='word_1_4' title='bbox 135 2462 148 2477; x_wconf 58' lang='grc' dir='ltr'>θ</span> <span class='ocrx_word' id='word_1_5' title='bbox 135 2410 148 2425; x_wconf 54' lang='grc' dir='ltr'>ὅ</span> <span class='ocrx_word' id='word_1_6' title='bbox 134 2357 147 2372; x_wconf 59' lang='grc' dir='ltr'>ὅ</span> <span class='ocrx_word' id='word_1_7' title='bbox 135 2305 147 2320; x_wconf 65' lang='grc' dir='ltr'>δ</span> <span class='ocrx_word' id='word_1_8' title='bbox 135 2251 148 2266; x_wconf 60' lang='lat'>5</span> <span class='ocrx_word' id='word_1_9' title='bbox 135 2198 148 2213; x_wconf 58' lang='lat'><strong>5</strong></span> 
     </span>
    </p>
   </div>
   <div class='ocr_carea' id='block_1_2' title="bbox 137 2674 150 2688">
    <p class='ocr_par' dir='ltr' id='par_1_2' title="bbox 137 2674 150 2688">
     <span class='ocr_line' id='line_1_2' title="bbox 137 2674 150 2688; baseline 0 0"><span class='ocrx_word' id='word_1_10' title='bbox 137 2674 150 2688; x_wconf 74' lang='lat' dir='ltr'>t)</span> 
     </span>
    </p>
   </div>
   <div class='ocr_carea' id='block_1_3' title="bbox 973 214 2220 256">
    <p class='ocr_par' dir='ltr' id='par_1_3' title="bbox 973 214 2220 256">
     <span class='ocr_line' id='line_1_3' title="bbox 973 214 2220 256; baseline 0.004 -5"><span class='ocrx_word' id='word_1_11' title='bbox 973 214 1197 252; x_wconf 78' lang='lat' dir='ltr'>PREMIERE</span> <span class='ocrx_word' id='word_1_12' title='bbox 1218 215 1377 253; x_wconf 78' lang='lat' dir='ltr'>ANNEE.</span> <span class='ocrx_word' id='word_1_13' title='bbox 2181 227 2220 256; x_wconf 81' lang='lat'>95</span> 
     </span>
    </p>
   </div>
   <div class='ocr_carea' id='block_1_4' title="bbox 161 285 1138 1114">
    <p class='ocr_par' dir='ltr' id='par_1_4' title="bbox 161 285 1138 1114">
     <span class='ocr_line' id='line_1_4' title="bbox 161 285 1134 325; baseline 0 -11"><span class='ocrx_word' id='word_1_14' title='bbox 161 285 301 323; x_wconf 85' lang='lat' dir='ltr'>capituli</span> <span class='ocrx_word' id='word_1_15' title='bbox 327 285 395 320; x_wconf 80' lang='lat' dir='ltr'>sui,</span> <span class='ocrx_word' id='word_1_16' title='bbox 422 289 453 315; x_wconf 90' lang='lat' dir='ltr'>et</span> <span class='ocrx_word' id='word_1_17' title='bbox 480 285 633 315; x_wconf 87' lang='lat' dir='ltr'>consules</span> <span class='ocrx_word' id='word_1_18' title='bbox 661 289 692 315; x_wconf 86' lang='lat' dir='ltr'>et</span> <span class='ocrx_word' id='word_1_19' title='bbox 718 294 892 316; x_wconf 88' lang='lat' dir='ltr'>commune</span> <span class='ocrx_word' id='word_1_20' title='bbox 917 286 1065 325; x_wconf 84' lang='lat' dir='ltr'>ejusdem</span> <span class='ocrx_word' id='word_1_21' title='bbox 1092 285 1134 315; x_wconf 86' lang='lat' dir='ltr'>ci-</span> 
     </span>
     <span class='ocr_line' id='line_1_5' title="bbox 164 338 1135 368; baseline 0 0"><span class='ocrx_word' id='word_1_22' title='bbox 164 338 277 368; x_wconf 87' lang='lat' dir='ltr'>vitatis</span> <span class='ocrx_word' id='word_1_23' title='bbox 303 338 429 367; x_wconf 85' lang='lat' dir='ltr'>dictum</span> <span class='ocrx_word' id='word_1_24' title='bbox 455 338 696 367; x_wconf 86' lang='lat' dir='ltr'>monasterium</span> <span class='ocrx_word' id='word_1_25' title='bbox 721 339 760 368; x_wconf 90' lang='lat' dir='ltr'>de</span> <span class='ocrx_word' id='word_1_26' title='bbox 789 339 949 368; x_wconf 83' lang='lat' dir='ltr'>Flumano</span> <span class='ocrx_word' id='word_1_27' title='bbox 977 339 1135 368; x_wconf 89' lang='lat' dir='ltr'>dederant</span> 
     </span>
     <span class='ocr_line' id='line_1_6' title="bbox 164 389 1132 425; baseline 0 -5"><span class='ocrx_word' id='word_1_28' title='bbox 164 394 195 420; x_wconf 86' lang='lat' dir='ltr'>et</span> <span class='ocrx_word' id='word_1_29' title='bbox 215 393 448 420; x_wconf 77' lang='lat' dir='ltr'>concesserant</span> <span class='ocrx_word' id='word_1_30' title='bbox 470 389 581 419; x_wconf 88' lang='lat' dir='ltr'>abbati</span> <span class='ocrx_word' id='word_1_31' title='bbox 600 394 631 419; x_wconf 89' lang='lat' dir='ltr'>et</span> <span class='ocrx_word' id='word_1_32' title='bbox 657 391 835 420; x_wconf 86' lang='lat' dir='ltr'>conventui</span> <span class='ocrx_word' id='word_1_33' title='bbox 858 391 1132 425; x_wconf 84' lang='lat' dir='ltr'>Vallisumbrose,</span> 
     </span>
     <span class='ocr_line' id='line_1_7' title="bbox 162 442 1135 481; baseline 0.001 -9"><span class='ocrx_word' id='word_1_34' title='bbox 162 447 260 481; x_wconf 90' lang='lat' dir='ltr'>prout</span> <span class='ocrx_word' id='word_1_35' title='bbox 287 442 322 471; x_wconf 91' lang='lat' dir='ltr'>in</span> <span class='ocrx_word' id='word_1_36' title='bbox 344 442 477 480; x_wconf 88' lang='lat' dir='ltr'>publico</span> <span class='ocrx_word' id='word_1_37' title='bbox 498 442 722 472; x_wconf 87' lang='lat' dir='ltr'>instrumento</span> <span class='ocrx_word' id='word_1_38' title='bbox 750 443 866 472; x_wconf 80' lang='lat' dir='ltr'>exinde</span> <span class='ocrx_word' id='word_1_39' title='bbox 896 444 1043 473; x_wconf 83' lang='lat' dir='ltr'>confecto</span> <span class='ocrx_word' id='word_1_40' title='bbox 1066 443 1135 481; x_wconf 88' lang='lat' dir='ltr'>ple-</span> 
     </span>
     <span class='ocr_line' id='line_1_8' title="bbox 164 494 1136 532; baseline 0 -8"><span class='ocrx_word' id='word_1_41' title='bbox 164 495 241 524; x_wconf 85' lang='lat' dir='ltr'>nius</span> <span class='ocrx_word' id='word_1_42' title='bbox 253 495 442 525; x_wconf 73' lang='lat' dir='ltr'>continetur</span> <span class='ocrx_word' id='word_1_43' title='bbox 459 498 490 524; x_wconf 89' lang='lat' dir='ltr'>et</span> <span class='ocrx_word' id='word_1_44' title='bbox 502 494 589 532; x_wconf 85' lang='lat' dir='ltr'>quod</span> <span class='ocrx_word' id='word_1_45' title='bbox 605 494 728 524; x_wconf 86' lang='lat' dir='ltr'>dictum</span> <span class='ocrx_word' id='word_1_46' title='bbox 746 495 984 524; x_wconf 88' lang='lat' dir='ltr'>monasterium</span> <span class='ocrx_word' id='word_1_47' title='bbox 1003 495 1041 524; x_wconf 89' lang='lat' dir='ltr'>de</span> <span class='ocrx_word' id='word_1_48' title='bbox 1058 495 1136 524; x_wconf 89' lang='lat' dir='ltr'>Flu-</span> 
     </span>
     <span class='ocr_line' id='line_1_9' title="bbox 164 547 1137 586; baseline 0 -9"><span class='ocrx_word' id='word_1_49' title='bbox 164 557 261 577; x_wconf 87' lang='lat' dir='ltr'>mano</span> <span class='ocrx_word' id='word_1_50' title='bbox 295 551 365 578; x_wconf 84' lang='lat' dir='ltr'>erat</span> <span class='ocrx_word' id='word_1_51' title='bbox 395 547 543 586; x_wconf 81' lang='lat' dir='ltr'>ejusdem</span> <span class='ocrx_word' id='word_1_52' title='bbox 576 547 703 577; x_wconf 76' lang='lat' dir='ltr'>ordinis</span> <span class='ocrx_word' id='word_1_53' title='bbox 734 547 1013 582; x_wconf 72' lang='lat' dir='ltr'>Vallisumbrose‚</span> <span class='ocrx_word' id='word_1_54' title='bbox 1050 548 1137 586; x_wconf 89' lang='lat' dir='ltr'>quod</span> 
     </span>
     <span class='ocr_line' id='line_1_10' title="bbox 163 600 1136 639; baseline -0.001 -9"><span class='ocrx_word' id='word_1_55' title='bbox 163 605 357 639; x_wconf 87' lang='lat' dir='ltr'>procurator</span> <span class='ocrx_word' id='word_1_56' title='bbox 385 600 549 630; x_wconf 85' lang='lat' dir='ltr'>dictorum</span> <span class='ocrx_word' id='word_1_57' title='bbox 576 600 721 638; x_wconf 75' lang='lat' dir='ltr'>episcopi</span> <span class='ocrx_word' id='word_1_58' title='bbox 749 604 779 629; x_wconf 91' lang='lat' dir='ltr'>et</span> <span class='ocrx_word' id='word_1_59' title='bbox 803 600 931 630; x_wconf 81' lang='lat' dir='ltr'>Alberti</span> <span class='ocrx_word' id='word_1_60' title='bbox 957 600 1136 629; x_wconf 81' lang='lat' dir='ltr'>confiteba-</span> 
     </span>
     <span class='ocr_line' id='line_1_11' title="bbox 166 645 1135 692; baseline -0.002 -9"><span class='ocrx_word' id='word_1_61' title='bbox 166 645 230 684; x_wconf 83' lang='lat' dir='ltr'>tur.</span> <span class='ocrx_word' id='word_1_62' title='bbox 261 653 441 683; x_wconf 77' lang='lat' dir='ltr'>Dicebatur</span> <span class='ocrx_word' id='word_1_63' title='bbox 465 653 565 683; x_wconf 88' lang='lat' dir='ltr'>etiam</span> <span class='ocrx_word' id='word_1_64' title='bbox 592 662 631 683; x_wconf 77' lang='lat' dir='ltr'>ex</span> <span class='ocrx_word' id='word_1_65' title='bbox 652 657 744 691; x_wconf 86' lang='lat' dir='ltr'>parte</span> <span class='ocrx_word' id='word_1_66' title='bbox 770 653 917 692; x_wconf 81' lang='lat' dir='ltr'>ejusdem</span> <span class='ocrx_word' id='word_1_67' title='bbox 942 653 1135 682; x_wconf 84' lang='lat' dir='ltr'>monasterii</span> 
     </span>
     <span class='ocr_line' id='line_1_12' title="bbox 165 705 1136 745; baseline -0.003 -9"><span class='ocrx_word' id='word_1_68' title='bbox 165 707 253 745; x_wconf 86' lang='lat' dir='ltr'>quod</span> <span class='ocrx_word' id='word_1_69' title='bbox 269 706 468 744; x_wconf 76' lang='lat' dir='ltr'>contemptio</span> <span class='ocrx_word' id='word_1_70' title='bbox 483 706 604 735; x_wconf 86' lang='lat' dir='ltr'>fuisset</span> <span class='ocrx_word' id='word_1_71' title='bbox 621 714 719 743; x_wconf 88' lang='lat' dir='ltr'>super</span> <span class='ocrx_word' id='word_1_72' title='bbox 736 705 806 743; x_wconf 77' lang='lat' dir='ltr'>ipso</span> <span class='ocrx_word' id='word_1_73' title='bbox 827 705 1028 734; x_wconf 86' lang='lat' dir='ltr'>monasterio</span> <span class='ocrx_word' id='word_1_74' title='bbox 1049 705 1136 734; x_wconf 87' lang='lat' dir='ltr'>inter</span> 
     </span>
     <span class='ocr_line' id='line_1_13' title="bbox 165 758 1135 797; baseline -0.004 -8"><span class='ocrx_word' id='word_1_75' title='bbox 165 759 318 789; x_wconf 80' lang='lat' dir='ltr'>abbatem</span> <span class='ocrx_word' id='word_1_76' title='bbox 341 763 371 789; x_wconf 88' lang='lat' dir='ltr'>et</span> <span class='ocrx_word' id='word_1_77' title='bbox 393 762 594 789; x_wconf 81' lang='lat' dir='ltr'>conventum</span> <span class='ocrx_word' id='word_1_78' title='bbox 618 767 655 788; x_wconf 78' lang='lat' dir='ltr'>ex</span> <span class='ocrx_word' id='word_1_79' title='bbox 680 762 862 797; x_wconf 79' lang='lat' dir='ltr'>unaparte</span> <span class='ocrx_word' id='word_1_80' title='bbox 891 762 921 787; x_wconf 86' lang='lat' dir='ltr'>et</span> <span class='ocrx_word' id='word_1_81' title='bbox 947 758 1135 795; x_wconf 80' lang='lat' dir='ltr'>episcopum</span> 
     </span>
     <span class='ocr_line' id='line_1_14' title="bbox 166 809 1137 848; baseline -0.004 -6"><span class='ocrx_word' id='word_1_82' title='bbox 166 811 426 842; x_wconf 74' lang='lat' dir='ltr'>Foroliviensem</span> <span class='ocrx_word' id='word_1_83' title='bbox 441 820 478 841; x_wconf 78' lang='lat' dir='ltr'>ex</span> <span class='ocrx_word' id='word_1_84' title='bbox 493 811 607 846; x_wconf 83' lang='lat' dir='ltr'>altera,</span> <span class='ocrx_word' id='word_1_85' title='bbox 621 810 774 840; x_wconf 90' lang='lat' dir='ltr'>dominus</span> <span class='ocrx_word' id='word_1_86' title='bbox 790 810 958 839; x_wconf 86' lang='lat' dir='ltr'>Honorius</span> <span class='ocrx_word' id='word_1_87' title='bbox 972 819 1053 848; x_wconf 83' lang='lat' dir='ltr'>papa</span> <span class='ocrx_word' id='word_1_88' title='bbox 1068 809 1137 839; x_wconf 87' lang='lat' dir='ltr'>dic-</span> 
     </span>
     <span class='ocr_line' id='line_1_15' title="bbox 166 862 1137 894; baseline -0.003 0"><span class='ocrx_word' id='word_1_89' title='bbox 166 868 235 894; x_wconf 86' lang='lat' dir='ltr'>tum</span> <span class='ocrx_word' id='word_1_90' title='bbox 260 864 499 893; x_wconf 81' lang='lat' dir='ltr'>monasterium</span> <span class='ocrx_word' id='word_1_91' title='bbox 525 864 563 893; x_wconf 85' lang='lat' dir='ltr'>de</span> <span class='ocrx_word' id='word_1_92' title='bbox 586 863 747 893; x_wconf 86' lang='lat' dir='ltr'>Flnmano</span> <span class='ocrx_word' id='word_1_93' title='bbox 771 863 881 892; x_wconf 85' lang='lat' dir='ltr'>abbati</span> <span class='ocrx_word' id='word_1_94' title='bbox 907 867 937 891; x_wconf 76' lang='lat' dir='ltr'>et</span> <span class='ocrx_word' id='word_1_95' title='bbox 960 862 1137 892; x_wconf 83' lang='lat' dir='ltr'>conventui</span> 
     </span>
     <span class='ocr_line' id='line_1_16' title="bbox 164 915 1137 955; baseline -0.004 -8"><span class='ocrx_word' id='word_1_96' title='bbox 164 917 427 947; x_wconf 84' lang='lat' dir='ltr'>Vallisumbrose</span> <span class='ocrx_word' id='word_1_97' title='bbox 451 917 711 955; x_wconf 84' lang='lat' dir='ltr'>adjudicaverat,</span> <span class='ocrx_word' id='word_1_98' title='bbox 739 915 839 945; x_wconf 85' lang='lat' dir='ltr'>salvis</span> <span class='ocrx_word' id='word_1_99' title='bbox 862 915 1061 954; x_wconf 70' lang='lat' dir='ltr'>tpiilsnisdam</span> <span class='ocrx_word' id='word_1_100' title='bbox 1083 915 1137 953; x_wconf 84' lang='lat' dir='ltr'>ju—</span> 
     </span>
     <span class='ocr_line' id='line_1_17' title="bbox 165 967 1135 1008; baseline -0.003 -9"><span class='ocrx_word' id='word_1_101' title='bbox 165 970 259 1000; x_wconf 81' lang='lat' dir='ltr'>ribus</span> <span class='ocrx_word' id='word_1_102' title='bbox 285 969 528 1008; x_wconf 85' lang='lat' dir='ltr'>episcopalibus</span> <span class='ocrx_word' id='word_1_103' title='bbox 552 978 615 1008; x_wconf 87' lang='lat' dir='ltr'>que</span> <span class='ocrx_word' id='word_1_104' title='bbox 637 969 744 998; x_wconf 83' lang='lat' dir='ltr'>eidem</span> <span class='ocrx_word' id='word_1_105' title='bbox 767 969 920 1007; x_wconf 83' lang='lat' dir='ltr'>episcopo</span> <span class='ocrx_word' id='word_1_106' title='bbox 943 967 1135 1002; x_wconf 76' lang='lat' dir='ltr'>reservavit,</span> 
     </span>
     <span class='ocr_line' id='line_1_18' title="bbox 166 1021 1135 1061; baseline -0.003 -9"><span class='ocrx_word' id='word_1_107' title='bbox 166 1027 201 1052; x_wconf 91' lang='lat' dir='ltr'>ut</span> <span class='ocrx_word' id='word_1_108' title='bbox 220 1023 254 1051; x_wconf 92' lang='lat' dir='ltr'>in</span> <span class='ocrx_word' id='word_1_109' title='bbox 274 1022 439 1052; x_wconf 85' lang='lat' dir='ltr'>sententia</span> <span class='ocrx_word' id='word_1_110' title='bbox 459 1022 609 1061; x_wconf 80' lang='lat' dir='ltr'>ejusdem</span> <span class='ocrx_word' id='word_1_111' title='bbox 625 1021 765 1051; x_wconf 71' lang='lat' dir='ltr'>Honor-ii</span> <span class='ocrx_word' id='word_1_112' title='bbox 782 1021 913 1059; x_wconf 78' lang='lat' dir='ltr'>plenius</span> <span class='ocrx_word' id='word_1_113' title='bbox 930 1021 1135 1055; x_wconf 77' lang='lat' dir='ltr'>continetur3</span> 
     </span>
     <span class='ocr_line' id='line_1_19' title="bbox 168 1074 1138 1114; baseline -0.003 -9"><span class='ocrx_word' id='word_1_114' title='bbox 168 1085 267 1114; x_wconf 86' lang='lat' dir='ltr'>super</span> <span class='ocrx_word' id='word_1_115' title='bbox 283 1076 404 1114; x_wconf 86' lang='lat' dir='ltr'>quibus</span> <span class='ocrx_word' id='word_1_116' title='bbox 423 1075 533 1105; x_wconf 86' lang='lat' dir='ltr'>littere</span> <span class='ocrx_word' id='word_1_117' title='bbox 555 1074 733 1113; x_wconf 82' lang='lat' dir='ltr'>apostolice</span> <span class='ocrx_word' id='word_1_118' title='bbox 756 1074 903 1113; x_wconf 82' lang='lat' dir='ltr'>ejusdem</span> <span class='ocrx_word' id='word_1_119' title='bbox 923 1074 1062 1103; x_wconf 90' lang='lat' dir='ltr'>Honorii</span> <span class='ocrx_word' id='word_1_120' title='bbox 1085 1082 1138 1103; x_wconf 91' lang='lat' dir='ltr'>os-</span> 
     </span>
    </p>
   </div>
   <div class='ocr_carea' id='block_1_5' title="bbox 155 1127 1138 1165">
    <p class='ocr_par' dir='ltr' id='par_1_5' title="bbox 155 1127 1138 1165">
     <span class='ocr_line' id='line_1_20' title="bbox 155 1127 1138 1165; baseline -0.004 -7"><span class='ocrx_word' id='word_1_121' title='bbox 155 1129 398 1158; x_wconf 79' lang='lat' dir='ltr'>tendebantur.</span> <span class='ocrx_word' id='word_1_122' title='bbox 418 1128 596 1158; x_wconf 72' lang='lat' dir='ltr'>Dicebatur</span> <span class='ocrx_word' id='word_1_123' title='bbox 611 1127 750 1165; x_wconf 87' lang='lat' dir='ltr'>insuper</span> <span class='ocrx_word' id='word_1_124' title='bbox 766 1127 873 1157; x_wconf 81' lang='lat' dir='ltr'>eidem</span> <span class='ocrx_word' id='word_1_125' title='bbox 890 1127 1001 1156; x_wconf 85' lang='lat' dir='ltr'>abbati</span> <span class='ocrx_word' id='word_1_126' title='bbox 1018 1131 1049 1155; x_wconf 82' lang='lat' dir='ltr'>et</span> <span class='ocrx_word' id='word_1_127' title='bbox 1065 1135 1138 1155; x_wconf 83' lang='lat' dir='ltr'>con-</span> 
     </span>
    </p>
   </div>
   <div class='ocr_carea' id='block_1_6' title="bbox 165 1180 1146 2701">
    <p class='ocr_par' dir='ltr' id='par_1_6' title="bbox 165 1180 1146 2701">
     <span class='ocr_line' id='line_1_21' title="bbox 166 1180 1139 1217; baseline -0.001 -7"><span class='ocrx_word' id='word_1_128' title='bbox 166 1181 281 1211; x_wconf 77' lang='lat' dir='ltr'>ventui</span> <span class='ocrx_word' id='word_1_129' title='bbox 300 1181 564 1211; x_wconf 73' lang='lat' dir='ltr'>Vallisumbrose</span> <span class='ocrx_word' id='word_1_130' title='bbox 587 1190 658 1210; x_wconf 85' lang='lat' dir='ltr'>esse</span> <span class='ocrx_word' id='word_1_131' title='bbox 680 1180 847 1210; x_wconf 86' lang='lat' dir='ltr'>indultum</span> <span class='ocrx_word' id='word_1_132' title='bbox 870 1190 887 1209; x_wconf 87' lang='lat' dir='ltr'>a</span> <span class='ocrx_word' id='word_1_133' title='bbox 907 1180 989 1210; x_wconf 84' lang='lat' dir='ltr'>Sede</span> <span class='ocrx_word' id='word_1_134' title='bbox 1009 1184 1139 1217; x_wconf 87' lang='lat' dir='ltr'>aposto-</span> 
     </span>
     <span class='ocr_line' id='line_1_22' title="bbox 168 1232 1138 1271; baseline -0.002 -8"><span class='ocrx_word' id='word_1_135' title='bbox 168 1233 244 1269; x_wconf 76' lang='lat' dir='ltr'>lica,</span> <span class='ocrx_word' id='word_1_136' title='bbox 257 1238 291 1263; x_wconf 87' lang='lat' dir='ltr'>ut</span> <span class='ocrx_word' id='word_1_137' title='bbox 308 1234 547 1263; x_wconf 85' lang='lat' dir='ltr'>monasterium</span> <span class='ocrx_word' id='word_1_138' title='bbox 565 1234 616 1262; x_wconf 88' lang='lat' dir='ltr'>sui</span> <span class='ocrx_word' id='word_1_139' title='bbox 631 1233 758 1263; x_wconf 75' lang='lat' dir='ltr'>ordinis</span> <span class='ocrx_word' id='word_1_140' title='bbox 775 1233 857 1271; x_wconf 75' lang='lat' dir='ltr'>ipsis</span> <span class='ocrx_word' id='word_1_141' title='bbox 874 1233 1001 1268; x_wconf 72' lang='lat' dir='ltr'>insciis,</span> <span class='ocrx_word' id='word_1_142' title='bbox 1022 1232 1138 1262; x_wconf 76' lang='lat' dir='ltr'>invitis</span> 
     </span>
     <span class='ocr_line' id='line_1_23' title="bbox 169 1285 1138 1325; baseline -0.004 -8"><span class='ocrx_word' id='word_1_143' title='bbox 169 1291 199 1317; x_wconf 89' lang='lat' dir='ltr'>et</span> <span class='ocrx_word' id='word_1_144' title='bbox 218 1287 422 1325; x_wconf 77' lang='lat' dir='ltr'>irrequisitis</span> <span class='ocrx_word' id='word_1_145' title='bbox 441 1287 479 1316; x_wconf 91' lang='lat' dir='ltr'>de</span> <span class='ocrx_word' id='word_1_146' title='bbox 498 1295 563 1316; x_wconf 91' lang='lat' dir='ltr'>uno</span> <span class='ocrx_word' id='word_1_147' title='bbox 579 1286 649 1316; x_wconf 84' lang='lat' dir='ltr'>loco</span> <span class='ocrx_word' id='word_1_148' title='bbox 667 1286 707 1315; x_wconf 89' lang='lat' dir='ltr'>ad</span> <span class='ocrx_word' id='word_1_149' title='bbox 723 1286 863 1315; x_wconf 86' lang='lat' dir='ltr'>alterum</span> <span class='ocrx_word' id='word_1_150' title='bbox 881 1285 1056 1315; x_wconf 82' lang='lat' dir='ltr'>transferri</span> <span class='ocrx_word' id='word_1_151' title='bbox 1073 1294 1138 1314; x_wconf 90' lang='lat' dir='ltr'>non</span> 
     </span>
     <span class='ocr_line' id='line_1_24' title="bbox 167 1337 1140 1378; baseline -0.003 -9"><span class='ocrx_word' id='word_1_152' title='bbox 167 1343 303 1378; x_wconf 78' lang='lat' dir='ltr'>possent</span> <span class='ocrx_word' id='word_1_153' title='bbox 322 1348 381 1369; x_wconf 88' lang='lat' dir='ltr'>nec</span> <span class='ocrx_word' id='word_1_154' title='bbox 397 1339 570 1374; x_wconf 81' lang='lat' dir='ltr'>deberent,</span> <span class='ocrx_word' id='word_1_155' title='bbox 589 1339 630 1368; x_wconf 90' lang='lat' dir='ltr'>ad</span> <span class='ocrx_word' id='word_1_156' title='bbox 645 1348 727 1377; x_wconf 80' lang='lat' dir='ltr'>quos</span> <span class='ocrx_word' id='word_1_157' title='bbox 743 1338 948 1377; x_wconf 83' lang='lat' dir='ltr'>probandum</span> <span class='ocrx_word' id='word_1_158' title='bbox 964 1337 1140 1376; x_wconf 71' lang='lat' dir='ltr'>privilegia</span> 
     </span>
     <span class='ocr_line' id='line_1_25' title="bbox 169 1391 1138 1430; baseline -0.002 -9"><span class='ocrx_word' id='word_1_159' title='bbox 169 1401 374 1422; x_wconf 90' lang='lat' dir='ltr'>summorum</span> <span class='ocrx_word' id='word_1_160' title='bbox 403 1392 597 1430; x_wconf 80' lang='lat' dir='ltr'>pontificum</span> <span class='ocrx_word' id='word_1_161' title='bbox 627 1391 903 1430; x_wconf 80' lang='lat' dir='ltr'>producebantur.</span> <span class='ocrx_word' id='word_1_162' title='bbox 938 1391 1034 1421; x_wconf 81' lang='lat' dir='ltr'>Unde</span> <span class='ocrx_word' id='word_1_163' title='bbox 1065 1400 1138 1419; x_wconf 81' lang='lat' dir='ltr'>cum</span> 
     </span>
     <span class='ocr_line' id='line_1_26' title="bbox 169 1443 1136 1483; baseline -0.003 -9"><span class='ocrx_word' id='word_1_164' title='bbox 169 1453 268 1483; x_wconf 91' lang='lat' dir='ltr'>super</span> <span class='ocrx_word' id='word_1_165' title='bbox 294 1445 448 1474; x_wconf 90' lang='lat' dir='ltr'>omnibus</span> <span class='ocrx_word' id='word_1_166' title='bbox 477 1449 508 1474; x_wconf 89' lang='lat' dir='ltr'>et</span> <span class='ocrx_word' id='word_1_167' title='bbox 536 1444 679 1482; x_wconf 80' lang='lat' dir='ltr'>singulis</span> <span class='ocrx_word' id='word_1_168' title='bbox 707 1444 816 1474; x_wconf 86' lang='lat' dir='ltr'>felicis</span> <span class='ocrx_word' id='word_1_169' title='bbox 844 1443 1082 1473; x_wconf 84' lang='lat' dir='ltr'>recordationis</span> <span class='ocrx_word' id='word_1_170' title='bbox 1111 1444 1136 1472; x_wconf 91' lang='lat' dir='ltr'>I.</span> 
     </span>
     <span class='ocr_line' id='line_1_27' title="bbox 166 1497 1139 1536; baseline -0.002 -9"><span class='ocrx_word' id='word_1_171' title='bbox 166 1507 248 1536; x_wconf 83' lang='lat' dir='ltr'>pape</span> <span class='ocrx_word' id='word_1_172' title='bbox 265 1497 459 1535; x_wconf 81' lang='lat' dir='ltr'>diligentem</span> <span class='ocrx_word' id='word_1_173' title='bbox 474 1497 671 1528; x_wconf 79' lang='lat' dir='ltr'>relationem</span> <span class='ocrx_word' id='word_1_174' title='bbox 688 1497 896 1532; x_wconf 68' lang='lat' dir='ltr'>fecissemus,</span> <span class='ocrx_word' id='word_1_175' title='bbox 910 1506 1011 1536; x_wconf 80' lang='lat' dir='ltr'>qnare</span> <span class='ocrx_word' id='word_1_176' title='bbox 1031 1501 1139 1526; x_wconf 85' lang='lat' dir='ltr'>tamen</span> 
     </span>
     <span class='ocr_line' id='line_1_28' title="bbox 165 1549 1139 1588; baseline -0.002 -9"><span class='ocrx_word' id='word_1_177' title='bbox 165 1555 358 1588; x_wconf 86' lang='lat' dir='ltr'>procurator</span> <span class='ocrx_word' id='word_1_178' title='bbox 372 1550 535 1580; x_wconf 88' lang='lat' dir='ltr'>dictorum</span> <span class='ocrx_word' id='word_1_179' title='bbox 549 1550 694 1588; x_wconf 83' lang='lat' dir='ltr'>episcopi</span> <span class='ocrx_word' id='word_1_180' title='bbox 709 1553 738 1580; x_wconf 88' lang='lat' dir='ltr'>et</span> <span class='ocrx_word' id='word_1_181' title='bbox 753 1549 881 1579; x_wconf 86' lang='lat' dir='ltr'>Alberti</span> <span class='ocrx_word' id='word_1_182' title='bbox 895 1549 1016 1579; x_wconf 86' lang='lat' dir='ltr'>dictam</span> <span class='ocrx_word' id='word_1_183' title='bbox 1030 1553 1139 1578; x_wconf 86' lang='lat' dir='ltr'>trans—</span> 
     </span>
     <span class='ocr_line' id='line_1_29' title="bbox 165 1602 1139 1640; baseline -0.002 -7"><span class='ocrx_word' id='word_1_184' title='bbox 165 1603 414 1633; x_wconf 82' lang='lat' dir='ltr'>lationem‘esse</span> <span class='ocrx_word' id='word_1_185' title='bbox 432 1604 554 1633; x_wconf 78' lang='lat' dir='ltr'>factam</span> <span class='ocrx_word' id='word_1_186' title='bbox 570 1603 609 1633; x_wconf 86' lang='lat' dir='ltr'>de</span> <span class='ocrx_word' id='word_1_187' title='bbox 630 1612 794 1633; x_wconf 85' lang='lat' dir='ltr'>consensu</span> <span class='ocrx_word' id='word_1_188' title='bbox 819 1606 850 1632; x_wconf 88' lang='lat' dir='ltr'>et</span> <span class='ocrx_word' id='word_1_189' title='bbox 871 1602 1039 1632; x_wconf 82' lang='lat' dir='ltr'>voluntate</span> <span class='ocrx_word' id='word_1_190' title='bbox 1064 1612 1139 1640; x_wconf 80' lang='lat' dir='ltr'>pre-</span> 
     </span>
     <span class='ocr_line' id='line_1_30' title="bbox 166 1655 1139 1686; baseline -0.001 -1"><span class='ocrx_word' id='word_1_191' title='bbox 166 1656 329 1686; x_wconf 87' lang='lat' dir='ltr'>dictarum</span> <span class='ocrx_word' id='word_1_192' title='bbox 346 1656 475 1686; x_wconf 86' lang='lat' dir='ltr'>abbatis</span> <span class='ocrx_word' id='word_1_193' title='bbox 492 1660 522 1686; x_wconf 86' lang='lat' dir='ltr'>et</span> <span class='ocrx_word' id='word_1_194' title='bbox 539 1660 721 1686; x_wconf 90' lang='lat' dir='ltr'>conventus</span> <span class='ocrx_word' id='word_1_195' title='bbox 742 1655 1005 1686; x_wconf 79' lang='lat' dir='ltr'>Vallisumbrose</span> <span class='ocrx_word' id='word_1_196' title='bbox 1026 1664 1060 1685; x_wconf 87' lang='lat' dir='ltr'>se</span> <span class='ocrx_word' id='word_1_197' title='bbox 1082 1655 1139 1684; x_wconf 91' lang='lat' dir='ltr'>ob-</span> 
     </span>
     <span class='ocr_line' id='line_1_31' title="bbox 167 1709 1140 1748; baseline -0.002 -9"><span class='ocrx_word' id='word_1_198' title='bbox 167 1709 243 1739; x_wconf 89' lang='lat' dir='ltr'>tulit</span> <span class='ocrx_word' id='word_1_199' title='bbox 260 1710 477 1748; x_wconf 88' lang='lat' dir='ltr'>probaturum</span> <span class='ocrx_word' id='word_1_200' title='bbox 502 1709 659 1740; x_wconf 80' lang='lat' dir='ltr'>articulos</span> <span class='ocrx_word' id='word_1_201' title='bbox 682 1718 781 1748; x_wconf 92' lang='lat' dir='ltr'>super</span> <span class='ocrx_word' id='word_1_202' title='bbox 796 1709 858 1738; x_wconf 87' lang='lat' dir='ltr'>hoc</span> <span class='ocrx_word' id='word_1_203' title='bbox 875 1709 980 1738; x_wconf 84' lang='lat' dir='ltr'>factos</span> <span class='ocrx_word' id='word_1_204' title='bbox 998 1709 1140 1738; x_wconf 89' lang='lat' dir='ltr'>eundem</span> 
     </span>
     <span class='ocr_line' id='line_1_32' title="bbox 166 1761 1140 1800; baseline -0.001 -9"><span class='ocrx_word' id='word_1_205' title='bbox 166 1766 413 1800; x_wconf 83' lang='lat' dir='ltr'>procuratorem</span> <span class='ocrx_word' id='word_1_206' title='bbox 428 1762 624 1792; x_wconf 81' lang='lat' dir='ltr'>admisimus</span> <span class='ocrx_word' id='word_1_207' title='bbox 639 1762 679 1791; x_wconf 86' lang='lat' dir='ltr'>ad</span> <span class='ocrx_word' id='word_1_208' title='bbox 692 1761 910 1800; x_wconf 86' lang='lat' dir='ltr'>probandum.</span> <span class='ocrx_word' id='word_1_209' title='bbox 926 1761 1140 1791; x_wconf 79' lang='lat' dir='ltr'>Postmodum</span> 
     </span>
     <span class='ocr_line' id='line_1_33' title="bbox 166 1814 1139 1853; baseline 0 -9"><span class='ocrx_word' id='word_1_210' title='bbox 166 1814 255 1845; x_wconf 89' lang='lat' dir='ltr'>idem</span> <span class='ocrx_word' id='word_1_211' title='bbox 271 1815 425 1844; x_wconf 90' lang='lat' dir='ltr'>dominus</span> <span class='ocrx_word' id='word_1_212' title='bbox 441 1824 525 1853; x_wconf 87' lang='lat' dir='ltr'>papa</span> <span class='ocrx_word' id='word_1_213' title='bbox 543 1838 576 1850; x_wconf 85' lang='lat'>..,</span> <span class='ocrx_word' id='word_1_214' title='bbox 593 1814 700 1845; x_wconf 88' lang='lat' dir='ltr'>sancti</span> <span class='ocrx_word' id='word_1_215' title='bbox 715 1814 841 1852; x_wconf 81' lang='lat' dir='ltr'>Ypoliti</span> <span class='ocrx_word' id='word_1_216' title='bbox 858 1818 888 1844; x_wconf 87' lang='lat' dir='ltr'>et</span> <span class='ocrx_word' id='word_1_217' title='bbox 905 1818 1017 1844; x_wconf 81' lang='lat' dir='ltr'>sancte</span> <span class='ocrx_word' id='word_1_218' title='bbox 1034 1814 1139 1844; x_wconf 84' lang='lat' dir='ltr'>Marie</span> 
     </span>
     <span class='ocr_line' id='line_1_34' title="bbox 168 1867 1141 1906; baseline -0.002 -9"><span class='ocrx_word' id='word_1_219' title='bbox 168 1867 391 1906; x_wconf 88' lang='lat' dir='ltr'>Forisportam</span> <span class='ocrx_word' id='word_1_220' title='bbox 408 1867 595 1903; x_wconf 86' lang='lat' dir='ltr'>abbatibus,</span> <span class='ocrx_word' id='word_1_221' title='bbox 616 1871 647 1898; x_wconf 87' lang='lat' dir='ltr'>et</span> <span class='ocrx_word' id='word_1_222' title='bbox 664 1868 831 1906; x_wconf 86' lang='lat' dir='ltr'>preposito</span> <span class='ocrx_word' id='word_1_223' title='bbox 850 1867 1032 1897; x_wconf 85' lang='lat' dir='ltr'>Faventino</span> <span class='ocrx_word' id='word_1_224' title='bbox 1051 1867 1141 1896; x_wconf 83' lang='lat' dir='ltr'>dedit</span> 
     </span>
     <span class='ocr_line' id='line_1_35' title="bbox 169 1920 1140 1959; baseline -0.001 -8"><span class='ocrx_word' id='word_1_225' title='bbox 169 1921 240 1951; x_wconf 88' lang='lat' dir='ltr'>suis</span> <span class='ocrx_word' id='word_1_226' title='bbox 256 1921 377 1951; x_wconf 87' lang='lat' dir='ltr'>litteris</span> <span class='ocrx_word' id='word_1_227' title='bbox 394 1921 428 1950; x_wconf 90' lang='lat' dir='ltr'>in</span> <span class='ocrx_word' id='word_1_228' title='bbox 445 1921 610 1951; x_wconf 88' lang='lat' dir='ltr'>mandatis</span> <span class='ocrx_word' id='word_1_229' title='bbox 625 1925 659 1951; x_wconf 91' lang='lat' dir='ltr'>ut</span> <span class='ocrx_word' id='word_1_230' title='bbox 674 1930 773 1959; x_wconf 83' lang='lat' dir='ltr'>super</span> <span class='ocrx_word' id='word_1_231' title='bbox 786 1920 937 1950; x_wconf 78' lang='lat' dir='ltr'>articulis</span> <span class='ocrx_word' id='word_1_232' title='bbox 955 1921 1015 1950; x_wconf 84' lang='lat' dir='ltr'>sub</span> <span class='ocrx_word' id='word_1_233' title='bbox 1031 1924 1140 1950; x_wconf 81' lang='lat' dir='ltr'>vestro</span> 
     </span>
     <span class='ocr_line' id='line_1_36' title="bbox 171 1973 1141 2013; baseline -0.002 -9"><span class='ocrx_word' id='word_1_234' title='bbox 171 1973 281 2012; x_wconf 83' lang='lat' dir='ltr'>sigillo</span> <span class='ocrx_word' id='word_1_235' title='bbox 296 1974 438 2004; x_wconf 83' lang='lat' dir='ltr'>inclusis</span> <span class='ocrx_word' id='word_1_236' title='bbox 456 1978 556 2004; x_wconf 90' lang='lat' dir='ltr'>testes</span> <span class='ocrx_word' id='word_1_237' title='bbox 571 1974 757 2013; x_wconf 82' lang='lat' dir='ltr'>reciperent</span> <span class='ocrx_word' id='word_1_238' title='bbox 774 1978 804 2003; x_wconf 91' lang='lat' dir='ltr'>et</span> <span class='ocrx_word' id='word_1_239' title='bbox 820 1974 998 2011; x_wconf 82' lang='lat' dir='ltr'>diligenter</span> <span class='ocrx_word' id='word_1_240' title='bbox 1017 1973 1141 2003; x_wconf 83' lang='lat' dir='ltr'>exami-</span> 
     </span>
     <span class='ocr_line' id='line_1_37' title="bbox 171 2026 1142 2065; baseline -0.001 -9"><span class='ocrx_word' id='word_1_241' title='bbox 171 2036 251 2057; x_wconf 83' lang='lat' dir='ltr'>nare</span> <span class='ocrx_word' id='word_1_242' title='bbox 283 2031 438 2056; x_wconf 86' lang='lat' dir='ltr'>curarent</span> <span class='ocrx_word' id='word_1_243' title='bbox 470 2031 501 2057; x_wconf 90' lang='lat' dir='ltr'>et</span> <span class='ocrx_word' id='word_1_244' title='bbox 530 2027 619 2057; x_wconf 86' lang='lat' dir='ltr'>infra</span> <span class='ocrx_word' id='word_1_245' title='bbox 648 2031 775 2057; x_wconf 90' lang='lat' dir='ltr'>certum</span> <span class='ocrx_word' id='word_1_246' title='bbox 804 2026 961 2065; x_wconf 86' lang='lat' dir='ltr'>temporis</span> <span class='ocrx_word' id='word_1_247' title='bbox 993 2027 1142 2064; x_wconf 76' lang='lat' dir='ltr'>spacium</span> 
     </span>
     <span class='ocr_line' id='line_1_38' title="bbox 172 2079 1142 2118; baseline -0.004 -8"><span class='ocrx_word' id='word_1_248' title='bbox 172 2080 387 2110; x_wconf 70' lang='lat' dir='ltr'>attestationes</span> <span class='ocrx_word' id='word_1_249' title='bbox 408 2080 447 2109; x_wconf 91' lang='lat' dir='ltr'>ad</span> <span class='ocrx_word' id='word_1_250' title='bbox 466 2080 593 2109; x_wconf 87' lang='lat' dir='ltr'>curiam</span> <span class='ocrx_word' id='word_1_251' title='bbox 609 2080 777 2110; x_wconf 86' lang='lat' dir='ltr'>remittere</span> <span class='ocrx_word' id='word_1_252' title='bbox 797 2083 1024 2118; x_wconf 78' lang='lat' dir='ltr'>procurarent.</span> <span class='ocrx_word' id='word_1_253' title='bbox 1042 2079 1142 2109; x_wconf 90' lang='lat' dir='ltr'>Cum-</span> 
     </span>
     <span class='ocr_line' id='line_1_39' title="bbox 173 2132 1143 2172; baseline -0.003 -9"><span class='ocrx_word' id='word_1_254' title='bbox 173 2142 236 2172; x_wconf 87' lang='lat' dir='ltr'>que</span> <span class='ocrx_word' id='word_1_255' title='bbox 268 2133 376 2163; x_wconf 86' lang='lat' dir='ltr'>dictus</span> <span class='ocrx_word' id='word_1_256' title='bbox 410 2133 583 2172; x_wconf 85' lang='lat' dir='ltr'>episcopus</span> <span class='ocrx_word' id='word_1_257' title='bbox 617 2137 649 2163; x_wconf 90' lang='lat' dir='ltr'>et</span> <span class='ocrx_word' id='word_1_258' title='bbox 679 2132 836 2162; x_wconf 82' lang='lat' dir='ltr'>Albertus</span> <span class='ocrx_word' id='word_1_259' title='bbox 870 2132 1052 2162; x_wconf 86' lang='lat' dir='ltr'>monachus</span> <span class='ocrx_word' id='word_1_260' title='bbox 1084 2140 1143 2161; x_wconf 88' lang='lat' dir='ltr'>seu</span> 
     </span>
     <span class='ocr_line' id='line_1_40' title="bbox 173 2185 1143 2224; baseline -0.003 -8"><span class='ocrx_word' id='word_1_261' title='bbox 173 2186 280 2217; x_wconf 89' lang='lat' dir='ltr'>Guido</span> <span class='ocrx_word' id='word_1_262' title='bbox 296 2190 488 2224; x_wconf 85' lang='lat' dir='ltr'>procurator</span> <span class='ocrx_word' id='word_1_263' title='bbox 505 2195 619 2216; x_wconf 90' lang='lat' dir='ltr'>eorum</span> <span class='ocrx_word' id='word_1_264' title='bbox 635 2185 687 2216; x_wconf 92' lang='lat' dir='ltr'>vel</span> <span class='ocrx_word' id='word_1_265' title='bbox 703 2185 788 2215; x_wconf 90' lang='lat' dir='ltr'>alius</span> <span class='ocrx_word' id='word_1_266' title='bbox 808 2194 867 2223; x_wconf 84' lang='lat' dir='ltr'>pro</span> <span class='ocrx_word' id='word_1_267' title='bbox 887 2185 935 2215; x_wconf 89' lang='lat' dir='ltr'>eis</span> <span class='ocrx_word' id='word_1_268' title='bbox 959 2194 1019 2214; x_wconf 88' lang='lat' dir='ltr'>nec</span> <span class='ocrx_word' id='word_1_269' title='bbox 1042 2188 1143 2213; x_wconf 88' lang='lat' dir='ltr'>attes—</span> 
     </span>
     <span class='ocr_line' id='line_1_41' title="bbox 172 2237 1144 2277; baseline -0.004 -8"><span class='ocrx_word' id='word_1_270' title='bbox 172 2239 315 2269; x_wconf 83' lang='lat' dir='ltr'>tationes</span> <span class='ocrx_word' id='word_1_271' title='bbox 343 2243 559 2277; x_wconf 82' lang='lat' dir='ltr'>reportasset,</span> <span class='ocrx_word' id='word_1_272' title='bbox 583 2247 643 2269; x_wconf 87' lang='lat' dir='ltr'>nee</span> <span class='ocrx_word' id='word_1_273' title='bbox 665 2247 776 2269; x_wconf 84' lang='lat' dir='ltr'>eoram</span> <span class='ocrx_word' id='word_1_274' title='bbox 798 2238 894 2268; x_wconf 90' lang='lat' dir='ltr'>nobis</span> <span class='ocrx_word' id='word_1_275' title='bbox 918 2241 991 2276; x_wconf 88' lang='lat' dir='ltr'>post</span> <span class='ocrx_word' id='word_1_276' title='bbox 1015 2237 1144 2275; x_wconf 84' lang='lat' dir='ltr'>lapsum</span> 
     </span>
     <span class='ocr_line' id='line_1_42' title="bbox 173 2291 1144 2331; baseline -0.004 -8"><span class='ocrx_word' id='word_1_277' title='bbox 173 2293 353 2323; x_wconf 87' lang='lat' dir='ltr'>terminum</span> <span class='ocrx_word' id='word_1_278' title='bbox 378 2301 436 2331; x_wconf 89' lang='lat' dir='ltr'>per</span> <span class='ocrx_word' id='word_1_279' title='bbox 452 2302 487 2322; x_wconf 94' lang='lat' dir='ltr'>se</span> <span class='ocrx_word' id='word_1_280' title='bbox 506 2292 556 2322; x_wconf 90' lang='lat' dir='ltr'>vel</span> <span class='ocrx_word' id='word_1_281' title='bbox 576 2302 634 2331; x_wconf 91' lang='lat' dir='ltr'>per</span> <span class='ocrx_word' id='word_1_282' title='bbox 653 2292 793 2322; x_wconf 87' lang='lat' dir='ltr'>alterum</span> <span class='ocrx_word' id='word_1_283' title='bbox 812 2291 1051 2329; x_wconf 84' lang='lat' dir='ltr'>comparuisset</span> <span class='ocrx_word' id='word_1_284' title='bbox 1070 2300 1144 2329; x_wconf 82' lang='lat' dir='ltr'>pre-</span> 
     </span>
     <span class='ocr_line' id='line_1_43' title="bbox 171 2343 1145 2383; baseline -0.003 -9"><span class='ocrx_word' id='word_1_285' title='bbox 171 2345 285 2376; x_wconf 87' lang='lat' dir='ltr'>missis</span> <span class='ocrx_word' id='word_1_286' title='bbox 309 2345 541 2379; x_wconf 82' lang='lat' dir='ltr'>citationibus,</span> <span class='ocrx_word' id='word_1_287' title='bbox 559 2349 655 2383; x_wconf 90' lang='lat' dir='ltr'>prout</span> <span class='ocrx_word' id='word_1_288' title='bbox 672 2344 774 2374; x_wconf 88' lang='lat' dir='ltr'>moris</span> <span class='ocrx_word' id='word_1_289' title='bbox 791 2348 839 2374; x_wconf 88' lang='lat' dir='ltr'>est</span> <span class='ocrx_word' id='word_1_290' title='bbox 858 2344 892 2372; x_wconf 89' lang='lat' dir='ltr'>in</span> <span class='ocrx_word' id='word_1_291' title='bbox 919 2343 1090 2373; x_wconf 82' lang='lat' dir='ltr'>audientia</span> <span class='ocrx_word' id='word_1_292' title='bbox 1110 2346 1145 2371; x_wconf 90' lang='lat' dir='ltr'>ut</span> 
     </span>
     <span class='ocr_line' id='line_1_44' title="bbox 173 2396 1145 2437; baseline -0.005 -9"><span class='ocrx_word' id='word_1_293' title='bbox 173 2398 202 2428; x_wconf 91' lang='lat' dir='ltr'>si</span> <span class='ocrx_word' id='word_1_294' title='bbox 223 2398 298 2437; x_wconf 86' lang='lat' dir='ltr'>quis</span> <span class='ocrx_word' id='word_1_295' title='bbox 321 2407 379 2436; x_wconf 89' lang='lat' dir='ltr'>pro</span> <span class='ocrx_word' id='word_1_296' title='bbox 405 2397 530 2427; x_wconf 84' lang='lat' dir='ltr'>eisdem</span> <span class='ocrx_word' id='word_1_297' title='bbox 552 2397 705 2435; x_wconf 84' lang='lat' dir='ltr'>episcopo</span> <span class='ocrx_word' id='word_1_298' title='bbox 726 2401 755 2426; x_wconf 89' lang='lat' dir='ltr'>et</span> <span class='ocrx_word' id='word_1_299' title='bbox 775 2396 910 2426; x_wconf 88' lang='lat' dir='ltr'>Alberto</span> <span class='ocrx_word' id='word_1_300' title='bbox 931 2399 1017 2426; x_wconf 82' lang='lat' dir='ltr'>esset</span> <span class='ocrx_word' id='word_1_301' title='bbox 1036 2404 1145 2425; x_wconf 83' lang='lat' dir='ltr'>coram</span> 
     </span>
     <span class='ocr_line' id='line_1_45' title="bbox 173 2448 1145 2489; baseline -0.004 -9"><span class='ocrx_word' id='word_1_302' title='bbox 173 2451 269 2480; x_wconf 88' lang='lat' dir='ltr'>nobis</span> <span class='ocrx_word' id='word_1_303' title='bbox 293 2459 482 2489; x_wconf 86' lang='lat' dir='ltr'>comparere</span> <span class='ocrx_word' id='word_1_304' title='bbox 505 2450 649 2484; x_wconf 77' lang='lat' dir='ltr'>deberet,</span> <span class='ocrx_word' id='word_1_305' title='bbox 668 2449 831 2488; x_wconf 87' lang='lat' dir='ltr'>presbiter</span> <span class='ocrx_word' id='word_1_306' title='bbox 850 2448 1005 2478; x_wconf 84' lang='lat' dir='ltr'>Albertus</span> <span class='ocrx_word' id='word_1_307' title='bbox 1027 2456 1145 2486; x_wconf 70' lang='lat' dir='ltr'>prot-n-</span> 
     </span>
     <span class='ocr_line' id='line_1_46' title="bbox 172 2500 1143 2542; baseline -0.005 -9"><span class='ocrx_word' id='word_1_308' title='bbox 172 2508 262 2533; x_wconf 87' lang='lat' dir='ltr'>rator</span> <span class='ocrx_word' id='word_1_309' title='bbox 292 2503 516 2542; x_wconf 86' lang='lat' dir='ltr'>predictorum</span> <span class='ocrx_word' id='word_1_310' title='bbox 549 2502 695 2541; x_wconf 84' lang='lat' dir='ltr'>episcopi</span> <span class='ocrx_word' id='word_1_311' title='bbox 725 2506 755 2532; x_wconf 91' lang='lat' dir='ltr'>et</span> <span class='ocrx_word' id='word_1_312' title='bbox 785 2501 913 2531; x_wconf 83' lang='lat' dir='ltr'>Alberti</span> <span class='ocrx_word' id='word_1_313' title='bbox 943 2500 1143 2538; x_wconf 80' lang='lat' dir='ltr'>comparuit,</span> 
     </span>
     <span class='ocr_line' id='line_1_47' title="bbox 174 2552 1145 2595; baseline -0.006 -9"><span class='ocrx_word' id='word_1_314' title='bbox 174 2565 276 2595; x_wconf 89' lang='lat' dir='ltr'>quare</span> <span class='ocrx_word' id='word_1_315' title='bbox 293 2556 388 2586; x_wconf 84' lang='lat' dir='ltr'>nobis</span> <span class='ocrx_word' id='word_1_316' title='bbox 408 2556 631 2593; x_wconf 78' lang='lat' dir='ltr'>interrogatus</span> <span class='ocrx_word' id='word_1_317' title='bbox 653 2555 680 2584; x_wconf 87' lang='lat' dir='ltr'>si</span> <span class='ocrx_word' id='word_1_318' title='bbox 700 2564 798 2593; x_wconf 89' lang='lat' dir='ltr'>super</span> <span class='ocrx_word' id='word_1_319' title='bbox 817 2554 973 2593; x_wconf 80' lang='lat' dir='ltr'>predictis</span> <span class='ocrx_word' id='word_1_320' title='bbox 995 2552 1145 2582; x_wconf 80' lang='lat' dir='ltr'>articulis</span> 
     </span>
     <span class='ocr_line' id='line_1_48' title="bbox 175 2606 1146 2648; baseline -0.006 -9"><span class='ocrx_word' id='word_1_321' title='bbox 175 2609 305 2648; x_wconf 85' lang='lat' dir='ltr'>aliquas</span> <span class='ocrx_word' id='word_1_322' title='bbox 335 2609 547 2647; x_wconf 86' lang='lat' dir='ltr'>probationes</span> <span class='ocrx_word' id='word_1_323' title='bbox 576 2608 719 2638; x_wconf 83' lang='lat' dir='ltr'>habebat</span> <span class='ocrx_word' id='word_1_324' title='bbox 749 2607 919 2646; x_wconf 87' lang='lat' dir='ltr'>respondit</span> <span class='ocrx_word' id='word_1_325' title='bbox 948 2606 1033 2645; x_wconf 86' lang='lat' dir='ltr'>quod</span> <span class='ocrx_word' id='word_1_326' title='bbox 1064 2614 1146 2634; x_wconf 91' lang='lat' dir='ltr'>non-</span> 
     </span>
     <span class='ocr_line' id='line_1_49' title="bbox 176 2660 1146 2701; baseline -0.005 -9"><span class='ocrx_word' id='word_1_327' title='bbox 176 2671 286 2701; x_wconf 88' lang='lat' dir='ltr'>quam.</span> <span class='ocrx_word' id='word_1_328' title='bbox 308 2661 404 2692; x_wconf 87' lang='lat' dir='ltr'>Unde</span> <span class='ocrx_word' id='word_1_329' title='bbox 427 2661 589 2699; x_wconf 85' lang='lat' dir='ltr'>prelibato</span> <span class='ocrx_word' id='word_1_330' title='bbox 605 2661 728 2692; x_wconf 84' lang='lat' dir='ltr'>Jacobo</span> <span class='ocrx_word' id='word_1_331' title='bbox 749 2660 787 2690; x_wconf 83' lang='lat' dir='ltr'>de</span> <span class='ocrx_word' id='word_1_332' title='bbox 806 2660 914 2690; x_wconf 84' lang='lat' dir='ltr'>Aritio</span> <span class='ocrx_word' id='word_1_333' title='bbox 935 2663 1146 2698; x_wconf 82' lang='lat' dir='ltr'>procuratore</span> 
     </span>
    </p>
   </div>
   <div class='ocr_carea' id='block_1_7' title="bbox 137 2712 1148 2905">
    <p class='ocr_par' dir='ltr' id='par_1_7' title="bbox 137 2712 1148 2905">
     <span class='ocr_line' id='line_1_50' title="bbox 137 2712 1146 2744; baseline -0.004 -2"><span class='ocrx_word' id='word_1_334' title='bbox 137 2726 152 2742; x_wconf 73' lang='grc' dir='ltr'>ι»</span> <span class='ocrx_word' id='word_1_335' title='bbox 175 2715 339 2744; x_wconf 89' lang='lat' dir='ltr'>dictorum</span> <span class='ocrx_word' id='word_1_336' title='bbox 370 2713 500 2743; x_wconf 83' lang='lat' dir='ltr'>abbatis</span> <span class='ocrx_word' id='word_1_337' title='bbox 525 2718 556 2743; x_wconf 88' lang='lat' dir='ltr'>et</span> <span class='ocrx_word' id='word_1_338' title='bbox 580 2717 762 2743; x_wconf 86' lang='lat' dir='ltr'>conventus</span> <span class='ocrx_word' id='word_1_339' title='bbox 785 2712 1047 2743; x_wconf 84' lang='lat' dir='ltr'>Vallisumbrose</span> <span class='ocrx_word' id='word_1_340' title='bbox 1072 2718 1146 2739; x_wconf 84' lang='lat' dir='ltr'>cum</span> 
     </span>
     <span class='ocr_line' id='line_1_51' title="bbox 139 2762 1146 2804; baseline -0.004 -10"><span class='ocrx_word' id='word_1_341' title='bbox 139 2778 153 2794; x_wconf 76' lang='lat' dir='ltr'>n</span> <span class='ocrx_word' id='word_1_342' title='bbox 176 2767 339 2797; x_wconf 87' lang='lat' dir='ltr'>instantia</span> <span class='ocrx_word' id='word_1_343' title='bbox 360 2765 561 2795; x_wconf 83' lang='lat' dir='ltr'>sententiam</span> <span class='ocrx_word' id='word_1_344' title='bbox 584 2765 771 2804; x_wconf 82' lang='lat' dir='ltr'>postulante</span> <span class='ocrx_word' id='word_1_345' title='bbox 793 2774 850 2803; x_wconf 89' lang='lat' dir='ltr'>per</span> <span class='ocrx_word' id='word_1_346' title='bbox 868 2773 906 2794; x_wconf 88' lang='lat' dir='ltr'>ea</span> <span class='ocrx_word' id='word_1_347' title='bbox 924 2772 987 2802; x_wconf 83' lang='lat' dir='ltr'>que</span> <span class='ocrx_word' id='word_1_348' title='bbox 1004 2762 1146 2792; x_wconf 90' lang='lat' dir='ltr'>vidimus</span> 
     </span>
     <span class='ocr_line' id='line_1_52' title="bbox 140 2816 1148 2856; baseline -0.006 -7"><span class='ocrx_word' id='word_1_349' title='bbox 140 2830 153 2845; x_wconf 76' lang='lat' dir='ltr'>n</span> <span class='ocrx_word' id='word_1_350' title='bbox 179 2823 209 2849; x_wconf 88' lang='lat' dir='ltr'>et</span> <span class='ocrx_word' id='word_1_351' title='bbox 228 2818 458 2856; x_wconf 85' lang='lat' dir='ltr'>cognovimus,</span> <span class='ocrx_word' id='word_1_352' title='bbox 479 2817 613 2847; x_wconf 86' lang='lat' dir='ltr'>obtenta</span> <span class='ocrx_word' id='word_1_353' title='bbox 636 2821 744 2846; x_wconf 87' lang='lat' dir='ltr'>tamen</span> <span class='ocrx_word' id='word_1_354' title='bbox 769 2826 786 2846; x_wconf 89' lang='lat' dir='ltr'>a</span> <span class='ocrx_word' id='word_1_355' title='bbox 810 2816 941 2845; x_wconf 89' lang='lat' dir='ltr'>domino</span> <span class='ocrx_word' id='word_1_356' title='bbox 966 2824 1049 2853; x_wconf 89' lang='lat' dir='ltr'>papa</span> <span class='ocrx_word' id='word_1_357' title='bbox 1073 2823 1148 2852; x_wconf 90' lang='lat' dir='ltr'>pro-</span> 
     </span>
     <span class='ocr_line' id='line_1_53' title="bbox 141 2867 1148 2905; baseline -0.006 -4"><span class='ocrx_word' id='word_1_358' title='bbox 141 2883 154 2898; x_wconf 76' lang='lat' dir='ltr'>n</span> <span class='ocrx_word' id='word_1_359' title='bbox 179 2870 356 2901; x_wconf 86' lang='lat' dir='ltr'>nuntiandi</span> <span class='ocrx_word' id='word_1_360' title='bbox 371 2869 516 2905; x_wconf 85' lang='lat' dir='ltr'>licentia,</span> <span class='ocrx_word' id='word_1_361' title='bbox 528 2869 650 2899; x_wconf 85' lang='lat' dir='ltr'>dietam</span> <span class='ocrx_word' id='word_1_362' title='bbox 662 2869 914 2899; x_wconf 86' lang='lat' dir='ltr'>translationem</span> <span class='ocrx_word' id='word_1_363' title='bbox 926 2876 991 2897; x_wconf 91' lang='lat' dir='ltr'>non</span> <span class='ocrx_word' id='word_1_364' title='bbox 1003 2867 1148 2897; x_wconf 83' lang='lat' dir='ltr'>valuisse</span> 
     </span>
    </p>
   </div>
   <div class='ocr_carea' id='block_1_8' title="bbox 1256 288 2262 1430">
    <p class='ocr_par' dir='ltr' id='par_1_8' title="bbox 1256 288 2221 1164">
     <span class='ocr_line' id='line_1_54' title="bbox 1257 288 2218 327; baseline 0.002 -10"><span class='ocrx_word' id='word_1_365' title='bbox 1257 288 1499 318; x_wconf 86' lang='lat' dir='ltr'>sententialiter</span> <span class='ocrx_word' id='word_1_366' title='bbox 1521 289 1789 327; x_wconf 70' lang='lat' dir='ltr'>pronuntiamus,</span> <span class='ocrx_word' id='word_1_367' title='bbox 1807 292 1974 318; x_wconf 85' lang='lat' dir='ltr'>cassantes</span> <span class='ocrx_word' id='word_1_368' title='bbox 1996 293 2026 319; x_wconf 88' lang='lat' dir='ltr'>et</span> <span class='ocrx_word' id='word_1_369' title='bbox 2048 289 2218 320; x_wconf 87' lang='lat' dir='ltr'>irritantes</span> 
     </span>
     <span class='ocr_line' id='line_1_55' title="bbox 1256 340 2218 379; baseline 0.003 -10"><span class='ocrx_word' id='word_1_370' title='bbox 1256 340 1394 369; x_wconf 88' lang='lat' dir='ltr'>eandem</span> <span class='ocrx_word' id='word_1_371' title='bbox 1418 345 1448 370; x_wconf 91' lang='lat' dir='ltr'>et</span> <span class='ocrx_word' id='word_1_372' title='bbox 1469 341 1627 379; x_wconf 86' lang='lat' dir='ltr'>quicquid</span> <span class='ocrx_word' id='word_1_373' title='bbox 1649 351 1686 371; x_wconf 79' lang='lat' dir='ltr'>ex</span> <span class='ocrx_word' id='word_1_374' title='bbox 1709 350 1744 371; x_wconf 83' lang='lat' dir='ltr'>ea</span> <span class='ocrx_word' id='word_1_375' title='bbox 1769 345 1917 371; x_wconf 87' lang='lat' dir='ltr'>secutum</span> <span class='ocrx_word' id='word_1_376' title='bbox 1940 346 1988 371; x_wconf 83' lang='lat' dir='ltr'>est</span> <span class='ocrx_word' id='word_1_377' title='bbox 2010 342 2218 372; x_wconf 86' lang='lat' dir='ltr'>decernimus</span> 
     </span>
     <span class='ocr_line' id='line_1_56' title="bbox 1257 392 2220 430; baseline 0.004 -10"><span class='ocrx_word' id='word_1_378' title='bbox 1257 401 1321 421; x_wconf 90' lang='lat' dir='ltr'>non</span> <span class='ocrx_word' id='word_1_379' title='bbox 1349 392 1469 422; x_wconf 81' lang='lat' dir='ltr'>valere.</span> <span class='ocrx_word' id='word_1_380' title='bbox 1500 393 1748 423; x_wconf 79' lang='lat' dir='ltr'>Nichilominus</span> <span class='ocrx_word' id='word_1_381' title='bbox 1775 393 1955 430; x_wconf 85' lang='lat' dir='ltr'>predictum</span> <span class='ocrx_word' id='word_1_382' title='bbox 1981 395 2220 424; x_wconf 83' lang='lat' dir='ltr'>monasterium</span> 
     </span>
     <span class='ocr_line' id='line_1_57' title="bbox 1256 445 2219 483; baseline 0.003 -10"><span class='ocrx_word' id='word_1_383' title='bbox 1256 448 1368 474; x_wconf 87' lang='lat' dir='ltr'>sancte</span> <span class='ocrx_word' id='word_1_384' title='bbox 1391 445 1494 474; x_wconf 87' lang='lat' dir='ltr'>Marie</span> <span class='ocrx_word' id='word_1_385' title='bbox 1520 445 1558 475; x_wconf 86' lang='lat' dir='ltr'>de</span> <span class='ocrx_word' id='word_1_386' title='bbox 1582 445 1741 475; x_wconf 83' lang='lat' dir='ltr'>Flnmano</span> <span class='ocrx_word' id='word_1_387' title='bbox 1767 445 1805 474; x_wconf 88' lang='lat' dir='ltr'>ad</span> <span class='ocrx_word' id='word_1_388' title='bbox 1834 450 1954 475; x_wconf 86' lang='lat' dir='ltr'>statum</span> <span class='ocrx_word' id='word_1_389' title='bbox 1979 447 2157 483; x_wconf 88' lang='lat' dir='ltr'>pristinum</span> <span class='ocrx_word' id='word_1_390' title='bbox 2184 447 2219 476; x_wconf 89' lang='lat' dir='ltr'>in</span> 
     </span>
     <span class='ocr_line' id='line_1_58' title="bbox 1256 497 2218 535; baseline 0.004 -10"><span class='ocrx_word' id='word_1_391' title='bbox 1256 506 1319 535; x_wconf 81' lang='lat' dir='ltr'>quo</span> <span class='ocrx_word' id='word_1_392' title='bbox 1341 501 1408 526; x_wconf 88' lang='lat' dir='ltr'>erat</span> <span class='ocrx_word' id='word_1_393' title='bbox 1429 502 1505 527; x_wconf 83' lang='lat' dir='ltr'>ante</span> <span class='ocrx_word' id='word_1_394' title='bbox 1527 497 1707 535; x_wconf 82' lang='lat' dir='ltr'>predictam</span> <span class='ocrx_word' id='word_1_395' title='bbox 1729 497 1992 533; x_wconf 77' lang='lat' dir='ltr'>translationem,</span> <span class='ocrx_word' id='word_1_396' title='bbox 2011 499 2218 529; x_wconf 74' lang='lat' dir='ltr'>decernimus</span> 
     </span>
     <span class='ocr_line' id='line_1_59' title="bbox 1256 549 2218 587; baseline 0.003 -10"><span class='ocrx_word' id='word_1_397' title='bbox 1256 549 1326 578; x_wconf 82' lang='lat' dir='ltr'>sore</span> <span class='ocrx_word' id='word_1_398' title='bbox 1343 549 1596 578; x_wconf 86' lang='lat' dir='ltr'>restituendum.</span> <span class='ocrx_word' id='word_1_399' title='bbox 1615 549 1803 579; x_wconf 84' lang='lat' dir='ltr'>Sententias</span> <span class='ocrx_word' id='word_1_400' title='bbox 1818 558 1946 587; x_wconf 73' lang='lat' dir='ltr'>quoqne</span> <span class='ocrx_word' id='word_1_401' title='bbox 1961 551 2218 580; x_wconf 72' lang='lat' dir='ltr'>exeommunica-</span> 
     </span>
     <span class='ocr_line' id='line_1_60' title="bbox 1257 601 2219 639; baseline 0.003 -9"><span class='ocrx_word' id='word_1_402' title='bbox 1257 601 1357 631; x_wconf 88' lang='lat' dir='ltr'>tionis</span> <span class='ocrx_word' id='word_1_403' title='bbox 1380 602 1463 631; x_wconf 81' lang='lat' dir='ltr'>latas</span> <span class='ocrx_word' id='word_1_404' title='bbox 1486 611 1543 639; x_wconf 83' lang='lat' dir='ltr'>per</span> <span class='ocrx_word' id='word_1_405' title='bbox 1564 602 1703 631; x_wconf 80' lang='lat' dir='ltr'>eundem</span> <span class='ocrx_word' id='word_1_406' title='bbox 1727 602 1915 639; x_wconf 85' lang='lat' dir='ltr'>episcopum</span> <span class='ocrx_word' id='word_1_407' title='bbox 1937 602 1970 630; x_wconf 92' lang='lat' dir='ltr'>in</span> <span class='ocrx_word' id='word_1_408' title='bbox 1993 604 2169 633; x_wconf 62' lang='lat' dir='ltr'>monas-hos</span> <span class='ocrx_word' id='word_1_409' title='bbox 2188 608 2219 633; x_wconf 89' lang='lat' dir='ltr'>et</span> 
     </span>
     <span class='ocr_line' id='line_1_61' title="bbox 1257 644 2219 691; baseline 0.001 -8"><span class='ocrx_word' id='word_1_410' title='bbox 1257 663 1432 683; x_wconf 81' lang='lat' dir='ltr'>conversos</span> <span class='ocrx_word' id='word_1_411' title='bbox 1453 654 1624 683; x_wconf 76' lang='lat' dir='ltr'>occasione</span> <span class='ocrx_word' id='word_1_412' title='bbox 1646 654 1872 683; x_wconf 83' lang='lat' dir='ltr'>translationis</span> <span class='ocrx_word' id='word_1_413' title='bbox 1895 644 1991 683; x_wconf 61' lang='lat' dir='ltr'>istius</span> <span class='ocrx_word' id='word_1_414' title='bbox 2015 655 2145 691; x_wconf 70' lang='lat' dir='ltr'>penitus</span> <span class='ocrx_word' id='word_1_415' title='bbox 2168 664 2219 685; x_wconf 82' lang='lat' dir='ltr'>re-</span> 
     </span>
     <span class='ocr_line' id='line_1_62' title="bbox 1257 705 2220 743; baseline 0.002 -9"><span class='ocrx_word' id='word_1_416' title='bbox 1257 705 1406 735; x_wconf 76' lang='lat' dir='ltr'>laxamus</span> <span class='ocrx_word' id='word_1_417' title='bbox 1427 716 1432 734; x_wconf 89' lang='lat'>:</span> <span class='ocrx_word' id='word_1_418' title='bbox 1454 715 1471 735; x_wconf 93' lang='lat' dir='ltr'>a</span> <span class='ocrx_word' id='word_1_419' title='bbox 1495 705 1712 743; x_wconf 74' lang='lat' dir='ltr'>petitionibus</span> <span class='ocrx_word' id='word_1_420' title='bbox 1735 714 1825 740; x_wconf 70' lang='lat' dir='ltr'>vero,</span> <span class='ocrx_word' id='word_1_421' title='bbox 1847 714 1928 743; x_wconf 79' lang='lat' dir='ltr'>quas</span> <span class='ocrx_word' id='word_1_422' title='bbox 1953 706 2117 734; x_wconf 67' lang='lat' dir='ltr'>sariebant</span> <span class='ocrx_word' id='word_1_423' title='bbox 2142 707 2220 736; x_wconf 85' lang='lat' dir='ltr'>dicti</span> 
     </span>
     <span class='ocr_line' id='line_1_63' title="bbox 1259 758 2217 796; baseline 0.001 -9"><span class='ocrx_word' id='word_1_424' title='bbox 1259 758 1431 796; x_wconf 82' lang='lat' dir='ltr'>episcopus</span> <span class='ocrx_word' id='word_1_425' title='bbox 1447 762 1477 787; x_wconf 87' lang='lat' dir='ltr'>et</span> <span class='ocrx_word' id='word_1_426' title='bbox 1491 758 1646 787; x_wconf 79' lang='lat' dir='ltr'>Albertus</span> <span class='ocrx_word' id='word_1_427' title='bbox 1663 767 1719 787; x_wconf 86' lang='lat' dir='ltr'>seu</span> <span class='ocrx_word' id='word_1_428' title='bbox 1734 758 1840 787; x_wconf 87' lang='lat' dir='ltr'>Guido</span> <span class='ocrx_word' id='word_1_429' title='bbox 1856 763 2046 795; x_wconf 81' lang='lat' dir='ltr'>procurator</span> <span class='ocrx_word' id='word_1_430' title='bbox 2063 759 2217 796; x_wconf 75' lang='lat' dir='ltr'>ipsorum.</span> 
     </span>
     <span class='ocr_line' id='line_1_64' title="bbox 1259 811 2220 845; baseline 0 -4"><span class='ocrx_word' id='word_1_431' title='bbox 1259 820 1371 841; x_wconf 88' lang='lat' dir='ltr'>eornm</span> <span class='ocrx_word' id='word_1_432' title='bbox 1398 811 1546 845; x_wconf 80' lang='lat' dir='ltr'>nomine,</span> <span class='ocrx_word' id='word_1_433' title='bbox 1571 811 1681 839; x_wconf 86' lang='lat' dir='ltr'>abbati</span> <span class='ocrx_word' id='word_1_434' title='bbox 1709 815 1739 840; x_wconf 85' lang='lat' dir='ltr'>et</span> <span class='ocrx_word' id='word_1_435' title='bbox 1764 811 1939 840; x_wconf 82' lang='lat' dir='ltr'>conventui</span> <span class='ocrx_word' id='word_1_436' title='bbox 1959 811 2220 841; x_wconf 70' lang='lat' dir='ltr'>Vallisnmbrose</span> 
     </span>
     <span class='ocr_line' id='line_1_65' title="bbox 1259 864 2220 902; baseline 0 -9"><span class='ocrx_word' id='word_1_437' title='bbox 1259 874 1294 893; x_wconf 85' lang='lat' dir='ltr'>ac</span> <span class='ocrx_word' id='word_1_438' title='bbox 1306 864 1427 895; x_wconf 77' lang='lat' dir='ltr'>Jacobo</span> <span class='ocrx_word' id='word_1_439' title='bbox 1442 865 1586 902; x_wconf 85' lang='lat' dir='ltr'>ipsorum</span> <span class='ocrx_word' id='word_1_440' title='bbox 1602 864 1805 902; x_wconf 85' lang='lat' dir='ltr'>procuratori</span> <span class='ocrx_word' id='word_1_441' title='bbox 1821 873 1932 893; x_wconf 83' lang='lat' dir='ltr'>eorum</span> <span class='ocrx_word' id='word_1_442' title='bbox 1947 864 2078 892; x_wconf 74' lang='lat' dir='ltr'>nomine</span> <span class='ocrx_word' id='word_1_443' title='bbox 2091 865 2220 893; x_wconf 73' lang='lat' dir='ltr'>eosdem</span> 
     </span>
     <span class='ocr_line' id='line_1_66' title="bbox 1259 917 2221 953; baseline 0 -8"><span class='ocrx_word' id='word_1_444' title='bbox 1259 918 1410 946; x_wconf 78' lang='lat' dir='ltr'>abbatem</span> <span class='ocrx_word' id='word_1_445' title='bbox 1425 921 1455 946; x_wconf 82' lang='lat' dir='ltr'>ct</span> <span class='ocrx_word' id='word_1_446' title='bbox 1469 921 1664 946; x_wconf 87' lang='lat' dir='ltr'>conventum</span> <span class='ocrx_word' id='word_1_447' title='bbox 1681 926 1717 945; x_wconf 87' lang='lat' dir='ltr'>ac</span> <span class='ocrx_word' id='word_1_448' title='bbox 1731 917 1838 953; x_wconf 84' lang='lat' dir='ltr'>ipsum</span> <span class='ocrx_word' id='word_1_449' title='bbox 1853 920 2094 953; x_wconf 68' lang='lat' dir='ltr'>procuratorem</span> <span class='ocrx_word' id='word_1_450' title='bbox 2110 926 2221 945; x_wconf 88' lang='lat' dir='ltr'>eornm</span> 
     </span>
     <span class='ocr_line' id='line_1_67' title="bbox 1257 967 2220 998; baseline 0 -1"><span class='ocrx_word' id='word_1_451' title='bbox 1257 969 1389 998; x_wconf 80' lang='lat' dir='ltr'>nominc</span> <span class='ocrx_word' id='word_1_452' title='bbox 1415 968 1658 997; x_wconf 51' lang='lat' dir='ltr'>sententialiter</span> <span class='ocrx_word' id='word_1_453' title='bbox 1683 968 1835 997; x_wconf 82' lang='lat' dir='ltr'>duximus</span> <span class='ocrx_word' id='word_1_454' title='bbox 1859 967 2100 997; x_wconf 74' lang='lat' dir='ltr'>absolventjlos:</span> <span class='ocrx_word' id='word_1_455' title='bbox 2126 968 2220 997; x_wconf 78' lang='lat' dir='ltr'>dictis</span> 
     </span>
     <span class='ocr_line' id='line_1_68' title="bbox 1259 1020 2219 1059; baseline 0 -10"><span class='ocrx_word' id='word_1_456' title='bbox 1259 1022 1411 1059; x_wconf 72' lang='lat' dir='ltr'>episc-opo</span> <span class='ocrx_word' id='word_1_457' title='bbox 1438 1025 1466 1050; x_wconf 86' lang='lat' dir='ltr'>ct</span> <span class='ocrx_word' id='word_1_458' title='bbox 1498 1021 1632 1049; x_wconf 73' lang='lat' dir='ltr'>Alberto</span> <span class='ocrx_word' id='word_1_459' title='bbox 1655 1024 1685 1050; x_wconf 85' lang='lat' dir='ltr'>et</span> <span class='ocrx_word' id='word_1_460' title='bbox 1713 1021 1857 1049; x_wconf 88' lang='lat' dir='ltr'>Guidoni</span> <span class='ocrx_word' id='word_1_461' title='bbox 1879 1020 2080 1058; x_wconf 83' lang='lat' dir='ltr'>procuratori</span> <span class='ocrx_word' id='word_1_462' title='bbox 2110 1029 2219 1049; x_wconf 56' lang='lat' dir='ltr'>marum</span> 
     </span>
     <span class='ocr_line' id='line_1_69' title="bbox 1260 1072 2220 1112; baseline -0.002 -9"><span class='ocrx_word' id='word_1_463' title='bbox 1260 1074 1407 1112; x_wconf 82' lang='lat' dir='ltr'>ipsorum</span> <span class='ocrx_word' id='word_1_464' title='bbox 1435 1073 1567 1102; x_wconf 78' lang='lat' dir='ltr'>nominc</span> <span class='ocrx_word' id='word_1_465' title='bbox 1597 1082 1695 1110; x_wconf 87' lang='lat' dir='ltr'>super</span> <span class='ocrx_word' id='word_1_466' title='bbox 1722 1073 1804 1110; x_wconf 81' lang='lat' dir='ltr'>ipsis</span> <span class='ocrx_word' id='word_1_467' title='bbox 1831 1076 2025 1110; x_wconf 82' lang='lat' dir='ltr'>perpetuum</span> <span class='ocrx_word' id='word_1_468' title='bbox 2052 1072 2220 1101; x_wconf 73' lang='lat' dir='ltr'>silentium</span> 
     </span>
     <span class='ocr_line' id='line_1_70' title="bbox 1259 1127 1479 1164; baseline -0.005 -9"><span class='ocrx_word' id='word_1_469' title='bbox 1259 1127 1479 1164; x_wconf 78' lang='lat' dir='ltr'>imponentes.</span> 
     </span>
    </p>

    <p class='ocr_par' dir='ltr' id='par_1_9' title="bbox 1259 1178 2262 1430">
     <span class='ocr_line' id='line_1_71' title="bbox 1263 1178 2220 1216; baseline -0.002 -7"><span class='ocrx_word' id='word_1_470' title='bbox 1263 1193 1275 1205; x_wconf 70' lang='lat' dir='ltr'>n</span> <span class='ocrx_word' id='word_1_471' title='bbox 1301 1181 1379 1209; x_wconf 87' lang='lat' dir='ltr'>Lata</span> <span class='ocrx_word' id='word_1_472' title='bbox 1396 1184 1442 1208; x_wconf 80' lang='lat' dir='ltr'>est</span> <span class='ocrx_word' id='word_1_473' title='bbox 1458 1179 1516 1207; x_wconf 79' lang='lat' dir='ltr'>bec</span> <span class='ocrx_word' id='word_1_474' title='bbox 1530 1178 1695 1208; x_wconf 81' lang='lat' dir='ltr'>sententia</span> <span class='ocrx_word' id='word_1_475' title='bbox 1711 1178 1859 1215; x_wconf 51' lang='lat' dir='ltr'>Nomou,</span> <span class='ocrx_word' id='word_1_476' title='bbox 1876 1178 1910 1206; x_wconf 91' lang='lat' dir='ltr'>in</span> <span class='ocrx_word' id='word_1_477' title='bbox 1924 1178 2045 1215; x_wconf 79' lang='lat' dir='ltr'>palatio</span> <span class='ocrx_word' id='word_1_478' title='bbox 2058 1178 2220 1216; x_wconf 70' lang='lat' dir='ltr'>qnondam</span> 
     </span>
     <span class='ocr_line' id='line_1_72' title="bbox 1260 1231 2218 1265; baseline -0.001 -4"><span class='ocrx_word' id='word_1_479' title='bbox 1260 1232 1389 1263; x_wconf 77' lang='lat' dir='ltr'>Judicis</span> <span class='ocrx_word' id='word_1_480' title='bbox 1419 1231 1509 1261; x_wconf 86' lang='lat' dir='ltr'>Petri</span> <span class='ocrx_word' id='word_1_481' title='bbox 1537 1231 1575 1261; x_wconf 82' lang='lat' dir='ltr'>de</span> <span class='ocrx_word' id='word_1_482' title='bbox 1603 1231 1734 1265; x_wconf 67' lang='lat' dir='ltr'>Vincis,</span> <span class='ocrx_word' id='word_1_483' title='bbox 1763 1239 1848 1259; x_wconf 67' lang='lat' dir='ltr'>anno</span> <span class='ocrx_word' id='word_1_484' title='bbox 1870 1231 2000 1259; x_wconf 79' lang='lat' dir='ltr'>Domini</span> <span class='ocrx_word' id='word_1_485' title='bbox 2031 1232 2218 1260; x_wconf 42' lang='lat' dir='ltr'>§trec-&#39;LVQ</span> 
     </span>
     <span class='ocr_line' id='line_1_73' title="bbox 1480 1283 2219 1321; baseline -0.004 -7"><span class='ocrx_word' id='word_1_486' title='bbox 1480 1285 1582 1319; x_wconf 70' lang='lat' dir='ltr'>XIII,</span> <span class='ocrx_word' id='word_1_487' title='bbox 1626 1284 1835 1321; x_wconf 46' lang='lat' dir='ltr'>pontificatus</span> <span class='ocrx_word' id='word_1_488' title='bbox 1881 1283 2003 1311; x_wconf 82' lang='lat' dir='ltr'>domini</span> <span class='ocrx_word' id='word_1_489' title='bbox 2045 1283 2101 1311; x_wconf 58' lang='lat' dir='ltr'>„le</span> <span class='ocrx_word' id='word_1_490' title='bbox 2118 1284 2219 1312; x_wconf 51' lang='lat' dir='ltr'>ssiidj.</span> 
     </span>
     <span class='ocr_line' id='line_1_74' title="bbox 1260 1335 2262 1376; baseline -0.002 -9"><span class='ocrx_word' id='word_1_491' title='bbox 1260 1336 1436 1376; x_wconf 73' lang='lat' dir='ltr'>pape&#39;IIII</span> <span class='ocrx_word' id='word_1_492' title='bbox 1464 1346 1550 1366; x_wconf 88' lang='lat' dir='ltr'>anno</span> <span class='ocrx_word' id='word_1_493' title='bbox 1580 1336 1703 1374; x_wconf 78' lang='lat' dir='ltr'>primo,</span> <span class='ocrx_word' id='word_1_494' title='bbox 1736 1344 1848 1365; x_wconf 80' lang='lat' dir='ltr'>mense</span> <span class='ocrx_word' id='word_1_495' title='bbox 1876 1335 1989 1364; x_wconf 75' lang='lat' dir='ltr'>marcii</span> <span class='ocrx_word' id='word_1_496' title='bbox 2024 1336 2074 1363; x_wconf 79' lang='grc'><strong>1111·</strong></span> <span class='ocrx_word' id='word_1_497' title='bbox 2105 1336 2218 1365; x_wconf 68' lang='lat' dir='ltr'>X1x01</span> <span class='ocrx_word' id='word_1_498' title='bbox 2259 1355 2262 1357; x_wconf 90' lang='lat'>-</span> 
     </span>
     <span class='ocr_line' id='line_1_75' title="bbox 1259 1388 2217 1430; baseline -0.005 -9"><span class='ocrx_word' id='word_1_499' title='bbox 1259 1391 1470 1430; x_wconf 81' lang='lat' dir='ltr'>presentibus</span> <span class='ocrx_word' id='word_1_500' title='bbox 1488 1389 1645 1428; x_wconf 79' lang='lat' dir='ltr'>magistro</span> <span class='ocrx_word' id='word_1_501' title='bbox 1664 1388 1832 1418; x_wconf 74' lang='lat' dir='ltr'>Bet-nardo</span> <span class='ocrx_word' id='word_1_502' title='bbox 1848 1389 1980 1426; x_wconf 76' lang='lat' dir='ltr'>Yspano</span> <span class='ocrx_word' id='word_1_503' title='bbox 1996 1388 2118 1417; x_wconf 87' lang='lat' dir='ltr'>domini</span> <span class='ocrx_word' id='word_1_504' title='bbox 2137 1397 2217 1426; x_wconf 83' lang='lat' dir='ltr'>pape</span> 
     </span>
    </p>
   </div>
   <div class='ocr_carea' id='block_1_9' title="bbox 1258 1285 1439 1315">
    <p class='ocr_par' dir='ltr' id='par_1_10' title="bbox 1258 1285 1439 1315">
     <span class='ocr_line' id='line_1_76' title="bbox 1258 1285 1439 1315; baseline 0 -1"><span class='ocrx_word' id='word_1_505' title='bbox 1258 1285 1439 1315; x_wconf 70' lang='lat' dir='ltr'>indictione</span> 
     </span>
    </p>
   </div>
   <div class='ocr_carea' id='block_1_10' title="bbox 1259 1441 2225 2269">
    <p class='ocr_par' dir='ltr' id='par_1_11' title="bbox 1259 1441 2225 2223">
     <span class='ocr_line' id='line_1_77' title="bbox 1261 1441 2219 1483; baseline -0.006 -8"><span class='ocrx_word' id='word_1_506' title='bbox 1261 1444 1445 1483; x_wconf 78' lang='lat' dir='ltr'>capellano,</span> <span class='ocrx_word' id='word_1_507' title='bbox 1466 1443 1623 1479; x_wconf 73' lang='lat' dir='ltr'>magistro</span> <span class='ocrx_word' id='word_1_508' title='bbox 1639 1441 1765 1479; x_wconf 76' lang='lat' dir='ltr'>Angelo</span> <span class='ocrx_word' id='word_1_509' title='bbox 1786 1442 1949 1475; x_wconf 85' lang='lat' dir='ltr'>Romano,</span> <span class='ocrx_word' id='word_1_510' title='bbox 1968 1441 2124 1478; x_wconf 67' lang='lat' dir='ltr'>magistro</span> <span class='ocrx_word' id='word_1_511' title='bbox 2141 1441 2219 1470; x_wconf 85' lang='lat' dir='ltr'>Fer—</span> 
     </span>
     <span class='ocr_line' id='line_1_78' title="bbox 1261 1493 2218 1531; baseline -0.005 -4"><span class='ocrx_word' id='word_1_512' title='bbox 1261 1498 1384 1531; x_wconf 77' lang='lat' dir='ltr'>nando,</span> <span class='ocrx_word' id='word_1_513' title='bbox 1406 1495 1571 1525; x_wconf 82' lang='lat' dir='ltr'>advocatis</span> <span class='ocrx_word' id='word_1_514' title='bbox 1586 1495 1620 1523; x_wconf 92' lang='lat' dir='ltr'>in</span> <span class='ocrx_word' id='word_1_515' title='bbox 1640 1493 1741 1524; x_wconf 53' lang='lat' dir='ltr'>Curia,</span> <span class='ocrx_word' id='word_1_516' title='bbox 1761 1494 1923 1527; x_wconf 64' lang='lat' dir='ltr'>Romana,</span> <span class='ocrx_word' id='word_1_517' title='bbox 1939 1493 2070 1522; x_wconf 77' lang='grc'><strong>1101111110</strong></span> <span class='ocrx_word' id='word_1_518' title='bbox 2086 1493 2218 1522; x_wconf 84' lang='lat' dir='ltr'>()ddone</span> 
     </span>
     <span class='ocr_line' id='line_1_79' title="bbox 1259 1545 2218 1586; baseline -0.007 -6"><span class='ocrx_word' id='word_1_519' title='bbox 1259 1550 1461 1581; x_wconf 79' lang='lat' dir='ltr'>Vicecomite</span> <span class='ocrx_word' id='word_1_520' title='bbox 1486 1547 1654 1586; x_wconf 86' lang='lat' dir='ltr'>capellano</span> <span class='ocrx_word' id='word_1_521' title='bbox 1680 1545 1881 1576; x_wconf 85' lang='lat' dir='ltr'>venerabilis</span> <span class='ocrx_word' id='word_1_522' title='bbox 1903 1546 2005 1583; x_wconf 78' lang='lat' dir='ltr'>patris</span> <span class='ocrx_word' id='word_1_523' title='bbox 2032 1545 2156 1573; x_wconf 88' lang='lat' dir='ltr'>domini</span> <span class='ocrx_word' id='word_1_524' title='bbox 2181 1545 2218 1575; x_wconf 94' lang='lat' dir='ltr'>O.</span> 
     </span>
     <span class='ocr_line' id='line_1_80' title="bbox 1261 1597 2220 1633; baseline -0.008 0"><span class='ocrx_word' id='word_1_525' title='bbox 1261 1607 1372 1633; x_wconf 85' lang='lat' dir='ltr'>sancte</span> <span class='ocrx_word' id='word_1_526' title='bbox 1389 1601 1493 1631; x_wconf 81' lang='lat' dir='ltr'>Mai-ie</span> <span class='ocrx_word' id='word_1_527' title='bbox 1510 1601 1544 1629; x_wconf 93' lang='lat' dir='ltr'>in</span> <span class='ocrx_word' id='word_1_528' title='bbox 1562 1599 1694 1630; x_wconf 85' lang='lat' dir='ltr'>Vialata</span> <span class='ocrx_word' id='word_1_529' title='bbox 1710 1598 1840 1628; x_wconf 80' lang='lat' dir='ltr'>diaconi</span> <span class='ocrx_word' id='word_1_530' title='bbox 1857 1597 2044 1629; x_wconf 71' lang='lat' dir='ltr'>cardinalis,</span> <span class='ocrx_word' id='word_1_531' title='bbox 2064 1597 2220 1633; x_wconf 68' lang='lat' dir='ltr'>magistro</span> 
     </span>
     <span class='ocr_line' id='line_1_81' title="bbox 1260 1650 2221 1694; baseline -0.006 -8"><span class='ocrx_word' id='word_1_532' title='bbox 1260 1656 1366 1694; x_wconf 70' lang='lat' dir='ltr'>Helya</span> <span class='ocrx_word' id='word_1_533' title='bbox 1394 1658 1425 1685; x_wconf 87' lang='lat' dir='ltr'>et</span> <span class='ocrx_word' id='word_1_534' title='bbox 1452 1653 1596 1684; x_wconf 86' lang='lat' dir='ltr'>Berardo</span> <span class='ocrx_word' id='word_1_535' title='bbox 1627 1653 1665 1682; x_wconf 91' lang='lat' dir='ltr'>de</span> <span class='ocrx_word' id='word_1_536' title='bbox 1695 1651 1848 1681; x_wconf 84' lang='lat' dir='ltr'>Mevania</span> <span class='ocrx_word' id='word_1_537' title='bbox 1878 1651 2032 1685; x_wconf 87' lang='lat' dir='ltr'>notariis,</span> <span class='ocrx_word' id='word_1_538' title='bbox 2064 1650 2221 1685; x_wconf 50' lang='lat' dir='ltr'>Magistro</span> 
     </span>
     <span class='ocr_line' id='line_1_82' title="bbox 1260 1703 2222 1740; baseline -0.006 -2"><span class='ocrx_word' id='word_1_539' title='bbox 1260 1708 1492 1739; x_wconf 75' lang='lat' dir='ltr'>Bar-tholomeo</span> <span class='ocrx_word' id='word_1_540' title='bbox 1515 1707 1553 1736; x_wconf 91' lang='lat' dir='ltr'>de</span> <span class='ocrx_word' id='word_1_541' title='bbox 1575 1705 1714 1736; x_wconf 83' lang='lat' dir='ltr'>Corsino</span> <span class='ocrx_word' id='word_1_542' title='bbox 1737 1709 1767 1733; x_wconf 90' lang='lat' dir='ltr'>et</span> <span class='ocrx_word' id='word_1_543' title='bbox 1789 1705 1943 1733; x_wconf 88' lang='lat' dir='ltr'>Formoso</span> <span class='ocrx_word' id='word_1_544' title='bbox 1965 1703 2128 1732; x_wconf 76' lang='lat' dir='ltr'>serviente</span> <span class='ocrx_word' id='word_1_545' title='bbox 2149 1712 2222 1740; x_wconf 90' lang='lat' dir='ltr'>pre-</span> 
     </span>
     <span class='ocr_line' id='line_1_83' title="bbox 1261 1755 2223 1798; baseline -0.006 -7"><span class='ocrx_word' id='word_1_546' title='bbox 1261 1762 1340 1791; x_wconf 85' lang='lat' dir='ltr'>dicti</span> <span class='ocrx_word' id='word_1_547' title='bbox 1362 1760 1513 1798; x_wconf 80' lang='lat' dir='ltr'>magistri</span> <span class='ocrx_word' id='word_1_548' title='bbox 1533 1758 1651 1796; x_wconf 77' lang='lat' dir='ltr'>Angeli</span> <span class='ocrx_word' id='word_1_549' title='bbox 1677 1761 1707 1787; x_wconf 91' lang='lat' dir='ltr'>et</span> <span class='ocrx_word' id='word_1_550' title='bbox 1730 1756 1881 1795; x_wconf 84' lang='lat' dir='ltr'>pluribus</span> <span class='ocrx_word' id='word_1_551' title='bbox 1907 1755 1980 1785; x_wconf 91' lang='lat' dir='ltr'>aliis</span> <span class='ocrx_word' id='word_1_552' title='bbox 2006 1755 2127 1784; x_wconf 78' lang='lat' dir='ltr'>ibidem</span> <span class='ocrx_word' id='word_1_553' title='bbox 2151 1764 2223 1793; x_wconf 83' lang='lat' dir='ltr'>pre-</span> 
     </span>
     <span class='ocr_line' id='line_1_84' title="bbox 1262 1808 2223 1851; baseline -0.007 -6"><span class='ocrx_word' id='word_1_554' title='bbox 1262 1815 1424 1845; x_wconf 87' lang='lat' dir='ltr'>sentibus.</span> <span class='ocrx_word' id='word_1_555' title='bbox 1455 1813 1504 1842; x_wconf 75' lang='lat' dir='ltr'>Ad</span> <span class='ocrx_word' id='word_1_556' title='bbox 1527 1812 1683 1851; x_wconf 85' lang='lat' dir='ltr'>majorem</span> <span class='ocrx_word' id='word_1_557' title='bbox 1710 1815 1819 1840; x_wconf 86' lang='lat' dir='ltr'>autem</span> <span class='ocrx_word' id='word_1_558' title='bbox 1842 1810 1939 1839; x_wconf 78' lang='lat' dir='ltr'>tidem</span> <span class='ocrx_word' id='word_1_559' title='bbox 1960 1809 2037 1838; x_wconf 87' lang='lat' dir='ltr'>huic</span> <span class='ocrx_word' id='word_1_560' title='bbox 2061 1808 2223 1838; x_wconf 81' lang='lat' dir='ltr'>sententie</span> 
     </span>
     <span class='ocr_line' id='line_1_85' title="bbox 1260 1860 2223 1906; baseline -0.009 -8"><span class='ocrx_word' id='word_1_561' title='bbox 1260 1869 1295 1898; x_wconf 88' lang='lat' dir='ltr'>in</span> <span class='ocrx_word' id='word_1_562' title='bbox 1324 1872 1490 1906; x_wconf 80' lang='lat' dir='ltr'>posterum</span> <span class='ocrx_word' id='word_1_563' title='bbox 1515 1863 1735 1895; x_wconf 88' lang='lat' dir='ltr'>adhibendam</span> <span class='ocrx_word' id='word_1_564' title='bbox 1762 1863 1867 1901; x_wconf 88' lang='lat' dir='ltr'>ipsam</span> <span class='ocrx_word' id='word_1_565' title='bbox 1894 1871 1968 1891; x_wconf 72' lang='lat' dir='ltr'>cum</span> <span class='ocrx_word' id='word_1_566' title='bbox 1994 1861 2097 1890; x_wconf 88' lang='lat' dir='ltr'>nostri</span> <span class='ocrx_word' id='word_1_567' title='bbox 2122 1860 2223 1898; x_wconf 71' lang='lat' dir='ltr'>sigilli</span> 
     </span>
     <span class='ocr_line' id='line_1_86' title="bbox 1262 1913 2223 1960; baseline -0.01 -9"><span class='ocrx_word' id='word_1_568' title='bbox 1262 1920 1463 1960; x_wconf 87' lang='lat' dir='ltr'>appensione</span> <span class='ocrx_word' id='word_1_569' title='bbox 1486 1917 1649 1947; x_wconf 84' lang='lat' dir='ltr'>munitam</span> <span class='ocrx_word' id='word_1_570' title='bbox 1670 1925 1726 1954; x_wconf 90' lang='lat' dir='ltr'>per</span> <span class='ocrx_word' id='word_1_571' title='bbox 1747 1915 1953 1945; x_wconf 86' lang='lat' dir='ltr'>Leonardum</span> <span class='ocrx_word' id='word_1_572' title='bbox 1976 1913 2223 1951; x_wconf 75' lang='lat' dir='ltr'>infrascriptum</span> 
     </span>
     <span class='ocr_line' id='line_1_87' title="bbox 1261 1966 2224 2008; baseline -0.01 -4"><span class='ocrx_word' id='word_1_573' title='bbox 1261 1973 1429 2004; x_wconf 89' lang='lat' dir='ltr'>notarium</span> <span class='ocrx_word' id='word_1_574' title='bbox 1449 1971 1554 2008; x_wconf 80' lang='lat' dir='ltr'>redigi</span> <span class='ocrx_word' id='word_1_575' title='bbox 1574 1969 1715 1999; x_wconf 82' lang='lat' dir='ltr'>fecimus</span> <span class='ocrx_word' id='word_1_576' title='bbox 1735 1968 1770 1997; x_wconf 90' lang='lat' dir='ltr'>in</span> <span class='ocrx_word' id='word_1_577' title='bbox 1786 1967 1917 2006; x_wconf 86' lang='lat' dir='ltr'>publica</span> <span class='ocrx_word' id='word_1_578' title='bbox 1933 1967 2137 1996; x_wconf 76' lang='lat' dir='ltr'>documenta.</span> <span class='ocrx_word' id='word_1_579' title='bbox 2159 1966 2224 2002; x_wconf 78' lang='lat' dir='ltr'>Ego</span> 
     </span>
     <span class='ocr_line' id='line_1_88' title="bbox 1262 2017 2224 2061; baseline -0.01 -5"><span class='ocrx_word' id='word_1_580' title='bbox 1262 2025 1453 2056; x_wconf 85' lang='lat' dir='ltr'>Leonardus</span> <span class='ocrx_word' id='word_1_581' title='bbox 1469 2021 1634 2061; x_wconf 87' lang='lat' dir='ltr'>imperiali</span> <span class='ocrx_word' id='word_1_582' title='bbox 1651 2020 1844 2051; x_wconf 85' lang='lat' dir='ltr'>auctoritate</span> <span class='ocrx_word' id='word_1_583' title='bbox 1866 2019 2028 2053; x_wconf 79' lang='lat' dir='ltr'>notarius,</span> <span class='ocrx_word' id='word_1_584' title='bbox 2049 2017 2224 2056; x_wconf 78' lang='lat' dir='ltr'>prolationi</span> 
     </span>
     <span class='ocr_line' id='line_1_89' title="bbox 1262 2070 2225 2118; baseline -0.009 -10"><span class='ocrx_word' id='word_1_585' title='bbox 1262 2079 1407 2118; x_wconf 75' lang='lat' dir='ltr'>predicte</span> <span class='ocrx_word' id='word_1_586' title='bbox 1430 2075 1594 2106; x_wconf 86' lang='lat' dir='ltr'>sententie</span> <span class='ocrx_word' id='word_1_587' title='bbox 1617 2072 1756 2103; x_wconf 83' lang='lat' dir='ltr'>interfui</span> <span class='ocrx_word' id='word_1_588' title='bbox 1779 2076 1809 2101; x_wconf 87' lang='lat' dir='ltr'>et</span> <span class='ocrx_word' id='word_1_589' title='bbox 1831 2072 1936 2109; x_wconf 88' lang='lat' dir='ltr'>ipsam</span> <span class='ocrx_word' id='word_1_590' title='bbox 1959 2071 1997 2100; x_wconf 88' lang='lat' dir='ltr'>de</span> <span class='ocrx_word' id='word_1_591' title='bbox 2021 2070 2172 2100; x_wconf 88' lang='lat' dir='ltr'>mandato</span> <span class='ocrx_word' id='word_1_592' title='bbox 2194 2073 2225 2099; x_wconf 85' lang='lat' dir='ltr'>ct</span> 
     </span>
     <span class='ocr_line' id='line_1_90' title="bbox 1264 2122 2225 2166; baseline -0.01 -5"><span class='ocrx_word' id='word_1_593' title='bbox 1264 2130 1458 2161; x_wconf 84' lang='lat' dir='ltr'>auctoritate</span> <span class='ocrx_word' id='word_1_594' title='bbox 1496 2127 1634 2166; x_wconf 83' lang='lat' dir='ltr'>predicti</span> <span class='ocrx_word' id='word_1_595' title='bbox 1664 2125 1815 2163; x_wconf 80' lang='lat' dir='ltr'>magistri</span> <span class='ocrx_word' id='word_1_596' title='bbox 1851 2124 2011 2154; x_wconf 83' lang='lat' dir='ltr'>Rostandi</span> <span class='ocrx_word' id='word_1_597' title='bbox 2047 2122 2164 2160; x_wconf 79' lang='lat' dir='ltr'>scripsi</span> <span class='ocrx_word' id='word_1_598' title='bbox 2195 2126 2225 2152; x_wconf 90' lang='lat' dir='ltr'>et</span> 
     </span>
     <span class='ocr_line' id='line_1_91' title="bbox 1264 2183 1482 2223; baseline -0.014 -10"><span class='ocrx_word' id='word_1_599' title='bbox 1264 2183 1442 2223; x_wconf 81' lang='lat' dir='ltr'>publicavi.</span> <span class='ocrx_word' id='word_1_600' title='bbox 1470 2194 1482 2207; x_wconf 83' lang='lat'>»</span> 
     </span>
    </p>

    <p class='ocr_par' dir='ltr' id='par_1_12' title="bbox 1262 2227 2224 2269">
     <span class='ocr_line' id='line_1_92' title="bbox 1262 2227 2224 2269; baseline -0.01 -4"><span class='ocrx_word' id='word_1_601' title='bbox 1262 2235 1356 2266; x_wconf 88' lang='lat' dir='ltr'>Nulli</span> <span class='ocrx_word' id='word_1_602' title='bbox 1393 2238 1451 2264; x_wconf 87' lang='lat' dir='ltr'>etc.</span> <span class='ocrx_word' id='word_1_603' title='bbox 1492 2234 1564 2262; x_wconf 91' lang='lat' dir='ltr'>Dat.</span> <span class='ocrx_word' id='word_1_604' title='bbox 1603 2229 1758 2269; x_wconf 87' lang='lat' dir='ltr'>Neapoli,</span> <span class='ocrx_word' id='word_1_605' title='bbox 1796 2230 1823 2259; x_wconf 87' lang='lat' dir='ltr'>V</span> <span class='ocrx_word' id='word_1_606' title='bbox 1858 2228 1932 2258; x_wconf 79' lang='lat' dir='ltr'>idus</span> <span class='ocrx_word' id='word_1_607' title='bbox 1970 2227 2100 2266; x_wconf 79' lang='lat' dir='ltr'>aprilis,</span> <span class='ocrx_word' id='word_1_608' title='bbox 2139 2235 2224 2256; x_wconf 90' lang='lat' dir='ltr'>anno</span> 
     </span>
    </p>
   </div>
   <div class='ocr_carea' id='block_1_11' title="bbox 1224 2289 1376 2328">
    <p class='ocr_par' dir='ltr' id='par_1_13' title="bbox 1224 2289 1376 2328">
     <span class='ocr_line' id='line_1_93' title="bbox 1224 2289 1376 2328; baseline -0.013 -10"><span class='ocrx_word' id='word_1_609' title='bbox 1224 2289 1340 2328; x_wconf 89' lang='lat' dir='ltr'>primo.</span> <span class='ocrx_word' id='word_1_610' title='bbox 1364 2300 1376 2313; x_wconf 88' lang='lat'>»</span> 
     </span>
    </p>
   </div>
   <div class='ocr_carea' id='block_1_12' title="bbox 1827 2502 2155 2539">
    <p class='ocr_par' dir='ltr' id='par_1_14' title="bbox 1827 2502 2155 2539">
     <span class='ocr_line' id='line_1_94' title="bbox 1827 2502 2155 2539; baseline -0.006 -9"><span class='ocrx_word' id='word_1_611' title='bbox 1827 2504 1943 2539; x_wconf 82' lang='lat' dir='ltr'>Naples,</span> <span class='ocrx_word' id='word_1_612' title='bbox 1961 2504 1977 2530; x_wconf 81' lang='lat'>9</span> <span class='ocrx_word' id='word_1_613' title='bbox 1992 2503 2061 2529; x_wconf 82' lang='lat' dir='ltr'>avril</span> <span class='ocrx_word' id='word_1_614' title='bbox 2081 2502 2155 2528; x_wconf 61' lang='lat'>1255.</span> 
     </span>
    </p>
   </div>
   <div class='ocr_carea' id='block_1_13' title="bbox 1297 2511 1384 2541">
    <p class='ocr_par' dir='ltr' id='par_1_15' title="bbox 1297 2511 1384 2541">
     <span class='ocr_line' id='line_1_95' title="bbox 1297 2511 1384 2541; baseline -0.023 0"><span class='ocrx_word' id='word_1_615' title='bbox 1297 2511 1384 2541; x_wconf 68' lang='lat'>328</span> 
     </span>
    </p>
   </div>
   <div class='ocr_carea' id='block_1_14' title="bbox 1263 2577 2226 2612">
    <p class='ocr_par' dir='ltr' id='par_1_16' title="bbox 1263 2577 2226 2612">
     <span class='ocr_line' id='line_1_96' title="bbox 1263 2577 2226 2612; baseline -0.011 0"><span class='ocrx_word' id='word_1_616' title='bbox 1263 2586 1367 2612; x_wconf 84' lang='lat' dir='ltr'>Abbati</span> <span class='ocrx_word' id='word_1_617' title='bbox 1391 2593 1414 2611; x_wconf 89' lang='lat' dir='ltr'>s.</span> <span class='ocrx_word' id='word_1_618' title='bbox 1436 2584 1540 2610; x_wconf 84' lang='lat' dir='ltr'>Mariae</span> <span class='ocrx_word' id='word_1_619' title='bbox 1564 2581 1741 2607; x_wconf 71' lang='lat' dir='ltr'>Fini-eminae</span> <span class='ocrx_word' id='word_1_620' title='bbox 1762 2579 1886 2612; x_wconf 81' lang='lat' dir='ltr'>mandat,</span> <span class='ocrx_word' id='word_1_621' title='bbox 1903 2579 2038 2612; x_wconf 78' lang='lat' dir='ltr'>quatinus</span> <span class='ocrx_word' id='word_1_622' title='bbox 2058 2577 2226 2603; x_wconf 82' lang='lat' dir='ltr'>sententiam</span> 
     </span>
    </p>
   </div>
   <div class='ocr_carea' id='block_1_15' title="bbox 1227 2625 2226 2669">
    <p class='ocr_par' dir='ltr' id='par_1_17' title="bbox 1227 2625 2226 2669">
     <span class='ocr_line' id='line_1_97' title="bbox 1227 2625 2226 2669; baseline -0.012 -8"><span class='ocrx_word' id='word_1_623' title='bbox 1227 2633 1420 2669; x_wconf 82' lang='lat' dir='ltr'>supradictam</span> <span class='ocrx_word' id='word_1_624' title='bbox 1441 2631 1553 2658; x_wconf 87' lang='lat' dir='ltr'>debitae</span> <span class='ocrx_word' id='word_1_625' title='bbox 1572 2627 1736 2656; x_wconf 85' lang='lat' dir='ltr'>executioni</span> <span class='ocrx_word' id='word_1_626' title='bbox 1757 2626 1917 2653; x_wconf 83' lang='lat' dir='ltr'>demandet.</span> <span class='ocrx_word' id='word_1_627' title='bbox 1941 2626 2020 2658; x_wconf 72' lang='lat' dir='ltr'>(ltso.</span> <span class='ocrx_word' id='word_1_628' title='bbox 2043 2625 2085 2655; x_wconf 66' lang='lat'>²24,</span> <span class='ocrx_word' id='word_1_629' title='bbox 2106 2633 2131 2650; x_wconf 88' lang='lat' dir='ltr'>c.</span> <span class='ocrx_word' id='word_1_630' title='bbox 2153 2625 2226 2657; x_wconf 55' lang='grc' dir='ltr'>ι3772,</span> 
     </span>
    </p>
   </div>
   <div class='ocr_carea' id='block_1_16' title="bbox 1226 2683 1245 2709">
    <p class='ocr_par' dir='ltr' id='par_1_18' title="bbox 1226 2683 1245 2709">
     <span class='ocr_line' id='line_1_98' title="bbox 1226 2683 1245 2709; baseline 0 0"><span class='ocrx_word' id='word_1_631' title='bbox 1226 2683 1245 2709; x_wconf 84' lang='lat' dir='ltr'>f.</span> 
     </span>
    </p>
   </div>
   <div class='ocr_carea' id='block_1_17' title="bbox 1263 2683 1316 2712">
    <p class='ocr_par' dir='ltr' id='par_1_19' title="bbox 1263 2683 1316 2712">
     <span class='ocr_line' id='line_1_99' title="bbox 1263 2683 1316 2712; baseline -0.038 -2"><span class='ocrx_word' id='word_1_632' title='bbox 1263 2683 1316 2712; x_wconf 70' lang='lat'>35.)</span> 
     </span>
    </p>
   </div>
   <div class='ocr_carea' id='block_1_18' title="bbox 1271 2797 2227 2843">
    <p class='ocr_par' dir='ltr' id='par_1_20' title="bbox 1271 2797 2227 2843">
     <span class='ocr_line' id='line_1_100' title="bbox 1271 2797 2227 2843; baseline -0.01 -8"><span class='ocrx_word' id='word_1_633' title='bbox 1271 2821 1283 2835; x_wconf 82' lang='lat'>«</span> <span class='ocrx_word' id='word_1_634' title='bbox 1306 2832 1338 2843; x_wconf 86' lang='lat'>..,</span> <span class='ocrx_word' id='word_1_635' title='bbox 1356 2808 1456 2837; x_wconf 73' lang='lat' dir='ltr'>abban·</span> <span class='ocrx_word' id='word_1_636' title='bbox 1471 2810 1571 2835; x_wconf 78' lang='lat' dir='ltr'>sancte</span> <span class='ocrx_word' id='word_1_637' title='bbox 1587 2804 1680 2833; x_wconf 69' lang='lat' dir='ltr'>Marte</span> <span class='ocrx_word' id='word_1_638' title='bbox 1697 2803 1879 2831; x_wconf 72' lang='lat' dir='ltr'>Florentino.</span> <span class='ocrx_word' id='word_1_639' title='bbox 1899 2799 2017 2830; x_wconf 73' lang='lat' dir='ltr'>Petilio</span> <span class='ocrx_word' id='word_1_640' title='bbox 2038 2798 2147 2827; x_wconf 86' lang='lat' dir='ltr'>dilecti</span> <span class='ocrx_word' id='word_1_641' title='bbox 2167 2797 2227 2826; x_wconf 86' lang='lat' dir='ltr'>filii</span> 
     </span>
    </p>
   </div>
   <div class='ocr_carea' id='block_1_19' title="bbox 1230 2862 1583 2896">
    <p class='ocr_par' dir='ltr' id='par_1_21' title="bbox 1230 2862 1583 2896">
     <span class='ocr_line' id='line_1_101' title="bbox 1230 2862 1583 2896; baseline -0.025 -5"><span class='ocrx_word' id='word_1_642' title='bbox 1230 2879 1278 2890; x_wconf 87' lang='lat'>—.</span> <span class='ocrx_word' id='word_1_643' title='bbox 1298 2862 1371 2890; x_wconf 85' lang='lat' dir='ltr'>Dat.</span> <span class='ocrx_word' id='word_1_644' title='bbox 1389 2863 1425 2888; x_wconf 89' lang='lat' dir='ltr'>ut</span> <span class='ocrx_word' id='word_1_645' title='bbox 1440 2866 1550 2896; x_wconf 88' lang='lat' dir='ltr'>supra.</span> <span class='ocrx_word' id='word_1_646' title='bbox 1571 2868 1583 2882; x_wconf 85' lang='lat'>»</span> 
     </span>
    </p>
   </div>
  </div>
 </body>
</html>
