2498 3325
211 249 273 279 26ss
940 248 1180 279 REGISTRES
1201 247 1510 279 D'ALEXANDRE
1533 250 1586 280 IV.

211 315 324 344 dinaei.
357 314 496 344 Pietatis
527 323 626 352 opera
657 314 779 353 quibus
811 315 980 344 ferventer
1006 313 1164 352 invigilas
1192 317 1223 344 et

209 367 357 397 intendis
392 367 620 396 testimonium
649 367 688 398 de
718 371 748 398 te
779 367 973 406 perhibent,
1001 367 1088 406 quod
1117 367 1223 397 Deum

210 424 278 450 tota
306 424 417 450 mente
443 420 555 458 diligis
589 424 621 450 et
655 420 793 451 hanelas
826 421 867 451 ad
895 420 1034 459 gloriam
1066 423 1223 459 perpetue

209 472 384 502 claritatis.
403 472 554 502 Procedit
571 482 608 502 ex
623 473 685 503 hoc
701 474 805 512 quod,
824 473 991 504 exultante
1013 473 1144 512 spiritu,
1163 481 1223 503 nos

209 525 267 555 illa
285 525 346 554 tibi
367 525 520 555 facienda
541 526 796 561 committimus,
815 535 879 565 que
897 526 964 556 tuis
987 526 1051 564 piis
1073 529 1104 556 et
1122 525 1223 565 justis

209 577 386 607 desideriis
403 577 557 607 accedere
573 578 808 616 persentimur.
826 578 909 609 Cum
923 579 1035 618 itaque
1054 578 1171 608 dilecte
1188 578 1223 607 in

209 630 343 660 Christo
370 629 437 660 filie
461 639 607 665 sorores,
627 631 788 669 appellate
810 631 993 669 vulgariter
1017 631 1221 666 Penitentes,

210 691 273 721 que
293 682 327 711 in
349 687 463 712 sancta
484 683 590 712 Maria
614 683 653 713 de
674 684 824 713 Minerva
848 683 883 713 in
909 683 999 714 Urbe
1023 683 1084 713 sub
1106 683 1223 713 habitu

211 739 241 764 et
277 734 490 764 observantia
525 735 759 766 Cisterciensis
796 736 924 766 ordinis
961 739 1221 771 commorantur,

210 787 314 817 multa
335 787 381 816 ibi
403 792 535 826 propter
555 788 715 826 ineptiam
737 789 801 819 loci
824 789 994 827 patiantur
1016 788 1223 819 incommoda

211 840 399 870 sustineant
417 840 627 875 detrimenta,
649 850 727 875 nos,
752 842 959 872 attendentes
976 841 1063 881 quod
1083 845 1118 871 tu
1134 841 1223 879 ipsas

211 893 330 922 affectu
347 892 490 931 benigne
510 894 721 932 prosequaris
737 898 767 924 et
783 895 817 924 in
835 894 1091 925 necessitatibus
1108 903 1224 924 earun-

210 945 283 975 dem
303 950 464 984 oportuna
482 946 627 976 remedia
643 946 874 985 multipliciter
888 947 1103 986 impertiaris,
1124 946 1224 977 eccle-

210 998 294 1028 siam
319 999 425 1028 sancti
451 999 619 1029 Pancratii
643 999 682 1030 de
709 1000 799 1031 Urbe
822 1009 897 1030 cum
916 1000 1049 1040 juribus
1073 1004 1103 1030 et
1121 1000 1224 1039 perti-

210 1051 336 1081 nentiis
370 1051 456 1086 suis,
488 1061 525 1082 ac
552 1052 649 1084 libris
675 1058 706 1083 et
735 1054 939 1084 ornamentis
965 1053 1222 1089 ecclesiasticis,

211 1112 339 1134 necnon
357 1113 431 1133 cum
448 1104 603 1134 omnibus
626 1105 701 1136 aliis
722 1106 818 1136 bonis
840 1106 1071 1145 spiritualibus
1095 1110 1125 1136 et
1146 1110 1223 1136 tem-

210 1156 380 1194 poralibus
397 1157 624 1194 spectantibus
641 1159 681 1188 ad
697 1159 846 1195 eandem,
868 1159 927 1189 tibi
950 1159 990 1189 ad
1009 1168 1103 1198 opem
1124 1159 1224 1189 dicta-

211 1218 283 1238 rum
302 1218 452 1238 sororum
473 1210 511 1239 (10
532 1211 672 1240 fratrum
690 1215 878 1241 nostrorum
896 1211 1035 1242 consilio
1056 1211 1172 1241 damus
1193 1215 1224 1242 et

210 1261 422 1291 concedimus
439 1262 477 1292 de
489 1262 584 1292 Sedis
599 1264 776 1302 apostolice
794 1264 899 1301 gratia
910 1264 1053 1294 liberali.
1065 1264 1223 1295 Volentes

211 1314 297 1352 quod
313 1317 347 1343 tu
365 1322 494 1344 sorores
513 1315 646 1345 easdem
666 1316 706 1345 ad
721 1316 903 1354 predictam
924 1316 1098 1346 ecclesiam
1115 1320 1223 1346 aucto-

210 1366 307 1396 ritate
324 1370 437 1396 nostra
453 1367 636 1398 transferas
654 1372 685 1398 et
700 1368 790 1406 ipsas
807 1368 965 1398 instituas
987 1369 1021 1398 in
1040 1368 1169 1403 eadem,
1188 1373 1223 1398 ut

211 1419 256 1448 ibi
289 1419 350 1449 sub
381 1419 527 1457 regulari
558 1420 675 1450 habitu
704 1422 865 1451 virtutum
894 1422 1036 1451 Domino
1065 1425 1223 1460 perpetuo

211 1471 415 1501 famulentur
454 1472 605 1512 nullique
641 1478 855 1513 preterquam
892 1475 1042 1505 Romano
1074 1475 1224 1513 pontifici

211 1524 277 1553 sint
292 1524 449 1563 subjecte.
468 1525 623 1555 Ceterum
640 1526 678 1556 de
694 1526 842 1564 predicta
859 1527 998 1557 ecclesia
1017 1528 1123 1557 sancti
1141 1528 1222 1557 Pan-

211 1577 305 1606 cratii
331 1577 468 1616 ejusque
489 1577 621 1616 juribus
645 1582 676 1608 et
700 1579 925 1616 pertinentiis,
948 1589 985 1610 ac
1008 1580 1045 1610 de
1068 1580 1223 1611 omnibus

212 1628 306 1658 bonis
328 1629 410 1668 ejus,
428 1629 556 1659 licitum
576 1630 637 1660 tibi
654 1631 697 1661 sit
719 1631 889 1667 ordinare,
908 1636 1052 1663 statuere
1076 1642 1134 1663 seu
1156 1633 1224 1663 dis—

211 1691 331 1719 ponere
363 1683 522 1721 qnicquid
552 1683 614 1712 tibi
642 1684 824 1714 secundum
848 1686 954 1715 Deum
978 1685 1018 1715 ad
1044 1685 1224 1716 utilitatem

211 1743 360 1764 sororum
379 1735 525 1772 ipsorum
545 1735 712 1766 videbitur
726 1737 889 1775 expedire.
908 1737 970 1768 Illa
986 1738 1086 1767 etiam
1103 1748 1165 1777 que
1185 1739 1223 1769 de

211 1786 306 1816 bonis
320 1787 425 1825 ipsius
438 1788 576 1818 ecclesie
589 1789 695 1818 sancti
710 1790 878 1819 Pancratii
896 1789 1041 1820 alienata
1052 1791 1222 1821 inveneris

211 1838 328 1868 illicite
353 1839 403 1869 vel
432 1840 599 1875 distracta,
628 1841 762 1871 studeas
787 1841 827 1871 ad
854 1842 909 1881 jus
933 1847 963 1872 et
988 1843 1222 1882 proprietatem

211 1891 317 1928 ipsius
331 1891 479 1929 legitime
491 1902 656 1923 revocare.
670 1894 947 1925 Contradictores.
965 1896 1038 1925 Dat.
1054 1896 1221 1931 Laterani,

212 1943 362 1974 kalendis
379 1944 575 1981 decembris,
594 1955 681 1976 anno
697 1947 815 1985 primo.
836 1960 848 1974 »

282 2116 369 2144 896

250 2177 467 2205 Bartholomaeo
480 2179 663 2211 Tavernerio,
677 2181 732 2207 civi
750 2181 908 2215 Parmensi,
922 2183 1072 2210 confirmat
1088 2184 1222 2218 assigna-

212 2227 318 2252 tionem
337 2226 388 2252 XI,
406 2228 554 2254 unciarum
571 2229 632 2254 auri
648 2230 735 2255 annui
753 2230 896 2262 redditus,
914 2239 929 2257 a
946 2239 978 2257 se
999 2240 1221 2267 concessarum,

214 2276 239 2300 111
257 2275 410 2302 territoriis
426 2276 551 2302 civitatis
570 2276 757 2309 Puteolanae,
775 2280 861 2305 castri
878 2279 912 2305 de
936 2279 1071 2314 Miguano
1088 2284 1116 2306 ct
1131 2281 1223 2315 platea

214 2323 372 2351 Aversaua.
389 2324 471 2357 (Rau.
488 2325 532 2358 ⁵24,
551 2334 576 2352 c.
593 2326 654 2360 72⁶2,
672 2327 690 2352 f.
710 2327 781 2359 103⁴)

741 2118 852 2151 Lati-an.
869 2120 884 2145 ‘3
901 2119 1053 2146 decembre
1071 2120 1150 2147 1255.

255 2437 266 2449 «
285 2426 491 2455 liat-tholomeo
506 2427 698 2463 Tavernerio,
715 2429 777 2457 civi
788 2430 960 2459 Parmensi.
976 2431 1068 2460 Sicut
1080 2440 1117 2461 ex
1131 2436 1223 2470 parte

216 2481 267 2505 tua
288 2477 349 2505 suit
366 2479 568 2515 propositum
586 2488 695 2509 coram
709 2481 815 2512 nobis.
833 2482 950 2512 dilecto
962 2483 1030 2513 filio
1045 2489 1157 2514 nostro
1171 2485 1221 2521 O.,

214 2533 326 2558 sancte
344 2530 446 2559 Marie
467 2530 499 2559 in
517 2531 579 2560 Via
596 2533 676 2562 Lata
693 2533 830 2563 diacono
847 2535 1026 2571 cardinali,
1046 2537 1223 2574 apostolice

214 2581 308 2610 Sedis
326 2581 443 2619 legato,
463 2584 585 2613 nostris
602 2585 789 2615 dederimus
806 2587 927 2617 litteris
944 2588 977 2617 in
996 2589 1170 2625 mandatis,
1190 2594 1225 2619 ut

215 2633 248 2661 111
272 2643 373 2671 reguo
393 2635 507 2665 Sicilie
530 2646 587 2673 per
610 2646 643 2666 se
668 2638 718 2667 vel
741 2648 798 2676 per
822 2639 923 2669 alium
946 2641 979 2669 in
1004 2641 1224 2680 quadraginta

217 2686 324 2715 unciis
340 2687 412 2716 auri
424 2688 459 2716 in
473 2688 640 2726 aliquibus
656 2691 752 2720 terris
768 2695 797 2721 et
814 2692 905 2727 10015,
923 2703 1062 2731 quornm
1077 2694 1224 2725 redditus

216 2739 437 2776 predictarum
461 2741 635 2771 unciarum
656 2752 818 2773 sumniam
839 2746 1011 2775 annuatim
1029 2747 1221 2784 attingeret,

217 2792 378 2828 provideri
399 2793 457 2821 tibi
475 2794 581 2831 quoad
600 2794 729 2825 viveres
745 2803 948 2834 procuraret.
969 2799 1065 2829 Unde
1084 2800 1224 2829 dilectus

217 2844 306 2873 tilius
318 2845 438 2875 nobilis
449 2846 499 2875 vir
508 2847 647 2883 Ligorus
658 2849 963 2887 lt1a1·oganus,civis
972 2853 1223 2891 Neapolitanus,

217 2896 268 2925 cui
287 2897 393 2926 dictus
413 2898 541 2935 legatus
563 2910 661 2938 super
678 2901 740 2931 hoc
757 2903 959 2933 commiserit
978 2905 1065 2935 vices
1083 2915 1171 2941 suas,
1190 2907 1224 2936 in

1306 314 1485 344 territoriis
1505 319 1535 345 et
1550 316 1763 353 pertinentiis
1780 316 1925 346 civitatis
1946 316 2143 351 Puteolane,
2161 316 2263 348 castri
2278 317 2318 348 de

1307 366 1464 404 Mignano
1481 371 1512 397 et
1533 367 1641 406 platea
1660 369 1832 399 Aversana
1852 368 2044 409 hujusmodi
2060 369 2120 400 XL
2141 370 2319 400 unciarum

1306 418 1471 449 redditum
1494 429 1663 456 annuum,
1690 422 1850 460 quamdiu
1871 421 2012 457 vixeris,
2040 421 2080 452 de
2102 422 2318 460 proventibus

1307 480 1389 510 quos
1401 471 1447 501 ibi
1462 473 1611 503 Romana
1623 473 1772 505 Ecclesia
1787 474 1916 504 ratione
1928 474 2075 504 domanii
2090 475 2187 513 regni
2203 474 2319 506 Sicilie

1307 524 1449 558 obtinet,
1479 525 1540 554 tibi
1566 525 1658 556 duxit
1685 526 1881 557 auctoritate
1908 526 2096 558 litterarum
2124 526 2319 567 hujusmodi

1307 576 1544 607 conferendum
1559 589 1564 613 ;
1587 578 1687 618 idque
1703 579 1811 610 dictus
1829 579 1958 618 legatus
1976 579 2185 618 postmodum
2201 588 2320 618 appro-

1307 629 1408 665 bavit,
1426 634 1522 668 prout
1538 631 1573 660 in
1590 631 1712 662 litteris
1728 632 1805 662 inde
1825 632 1984 662 confectis
2001 641 2038 662 30
2053 631 2165 670 sigillo
2178 631 2319 662 muntiis

1307 682 1413 721 ipsius
1430 682 1561 721 plenius
1578 684 1778 714 continetur.
1802 685 1871 715 Nos
1889 685 2002 723 igitur,
2020 684 2088 714 tuis
2104 684 2322 723 supplicatio-2

1308 735 1407 765 nibus
1432 735 1601 772 inclinati,
1629 737 1716 776 quod
1743 746 1842 776 super
1866 737 1934 768 hiis
1960 737 2086 767 factum
2115 740 2182 773 est,
2209 741 2320 768 ratum

1307 788 1468 819 habentes
1483 793 1515 819 et
1531 794 1672 827 gratum,
1689 790 1776 820 idem
1791 790 1986 820 auctoritate
2003 789 2183 828 apostolica
2198 789 2320 820 confir-

1307 851 1437 872 mamus
1465 848 1526 872 etc.
1555 852 1660 882 usque
1689 853 1695 872 z
1722 843 1979 873 communimus.
2004 842 2098 873 Nulli
2117 846 2181 879 etc.¹
2207 845 2320 873 nostre

1307 896 1571 926 confirmationis
1590 900 1651 926 etc.
1672 897 1743 926 Dat.
1771 897 1943 932 Laterani,
1967 897 2036 926 IIII
2058 904 2164 926 nonas
2185 895 2317 926 decem—

1306 948 1387 984 bris,
1406 957 1492 978 anno
1510 949 1626 987 primo.
1648 960 1661 975 »

1377 1121 1463 1149 89¹2

1343 1182 1443 1215 Petro,
1459 1182 1585 1209 Jobanni
1604 1186 1633 1210 et
1651 1182 1737 1209 Paulo
1754 1181 1896 1214 Pii-ontis,
1914 1182 2065 1214 fratribus,
2082 1181 2196 1208 civibus
2211 1181 2319 1208 Terra-

1305 1231 1491 1264 cinensibus,
1517 1235 1607 1258 terras
1632 1232 1703 1258 sitas
1725 1232 1752 1258 in
1776 1230 1919 1257 territorio
1939 1230 2054 1257 Roccae
2070 1230 2315 1265 Aquaeputridae,

1306 1279 1334 1305 X
1351 1280 1496 1314 quartaria
1510 1279 1651 1306 sementis
1666 1280 1831 1314 capientes,
1849 1279 1996 1312 concedit3
2013 1287 2102 1305 unum
2117 1282 2212 1305 autem
2228 1278 2317 1305 balis-

1306 1329 1409 1355 tarium
1427 1336 1477 1362 1110
1498 1327 1666 1354 defensione
1690 1327 1806 1354 Roccae
1828 1331 1981 1354 teneantur
2003 1327 2150 1354 exhibere.
2166 1326 2251 1360 (Rau.
2265 1326 2316 1359 2⁴.

1305 1385 1330 1404 c.
1349 1377 1412 1409 723.
1427 1377 1445 1403 f.
1466 1376 1537 1409 105.)

1810 1120 1925 1153 Latran,
1944 1119 1976 1147 30
1994 1119 2149 1147 novembre
2165 1120 2244 1147 1255.

1348 1491 1360 1505 «
1379 1479 1535 1508 Nobilibus
1554 1479 1632 1508 viris
1650 1479 1750 1514 Petro,
1769 1478 1907 1508 Iohanni
1923 1483 1948 1506 et
1964 1478 2060 1506 Paulo
2078 1477 2232 1512 Ρίνοηιίε,
2248 1478 2318 1514 sra-

1306 1533 1418 1567 tribus,
1440 1532 1557 1561 civibus
1578 1532 1863 1566 Terracinensibus,
1883 1531 2040 1568 nepotibus
2055 1530 2159 1560 dilecti
2172 1529 2235 1568 filii
2249 1539 2320 1559 ma-

1304 1585 1534 1622 qistriJorclani
1543 1584 1724 1613 subdiaconi
1734 1589 1760 1613 et
1768 1585 1888 1613 notarii
1896 1584 2006 1612 nostri.
2018 1583 2105 1612 Pura
2115 1582 2208 1618 fides,
2219 1590 2318 1621 quam

1306 1638 1347 1668 ad
1365 1647 1424 1668 nos
1446 1641 1477 1667 et
1498 1636 1713 1676 apostolicam
1732 1636 1851 1667 Sedem
1871 1635 1994 1666 habere
2017 1635 2196 1665 noscimini
2209 1658 2216 1667 .
2241 1643 2320 1666 nos-

1306 1697 1393 1722 trum
1409 1692 1575 1721 instanter
1589 1690 1746 1720 sollicitat
1760 1689 1921 1724 animum,
1936 1693 1971 1719 ut
1989 1689 2028 1718 de
2040 1689 2134 1719 vobis
2150 1693 2321 1728 tamquam

1306 1745 1344 1774 de
1370 1743 1524 1774 fidelibus
1547 1743 1627 1773 filiis
1650 1747 1681 1773 et
1702 1742 1830 1772 devotis
1853 1741 2051 1780 propensius
2072 1741 2266 1779 cogitemus,
2288 1744 2321 1771 et

1306 1798 1438 1836 quidem
1456 1801 1694 1834 congruentem
1714 1795 1912 1837 instantiam
1935 1795 2139 1833 dignumque
2160 1793 2247 1833 quod
2262 1801 2321 1832 per

1305 1859 1377 1880 eam
1393 1849 1584 1887 suggeritur
1605 1848 1833 1882 advertentes,
1852 1847 1996 1876 libenter
2017 1847 2057 1876 ad
2077 1847 2185 1885 ipsius
2205 1845 2320 1884 pulsa-

1304 1903 1429 1933 tionem
1441 1901 1695 1941 cordisjanuam
1712 1900 1880 1938 aperimus
1894 1899 1982 1929 circa
1997 1903 2146 1929 vestrum
2159 1898 2320 1929 honorem

1305 1959 1335 1985 et
1358 1955 1566 1985 commodum
1588 1954 1767 1983 affectuosa
1791 1952 2006 1982 meditatione
2023 1955 2212 1990 pensantes.
2231 1951 2319 1981 Hinc

1305 2013 1353 2038 est
1372 2008 1459 2047 quod
1475 2016 1552 2042 nos,
1571 2006 1691 2037 vestris
1712 1996 2017 2044 supplicationibus¹
2030 2004 2195 2039 inclinati,
2214 2009 2320 2034 terras

1306 2062 1387 2092 sitas
1408 2061 1443 2090 in
1461 2060 1628 2090 territorio
1647 2061 1754 2089 Roccc
1774 2058 2014 2098 Aqueputride,
2037 2058 2069 2087 X
2085 2057 2256 2096 quartaria
2271 2065 2320 2088 se-

1305 2114 1427 2145 mentis
1447 2114 1533 2143 sicut
1548 2113 1699 2143 asseritis
1717 2112 1896 2150 capientes,
1916 2119 1998 2149 quas
2015 2110 2182 2149 quondam
2196 2109 2320 2141 Johan-

1306 2176 1364 2198 nes
1392 2167 1497 2205 Caput
1525 2166 1678 2203 longum,
1707 2163 1856 2202 Angelus
1884 2163 2061 2202 Caputius,
2089 2162 2255 2193 Robertus
2279 2162 2320 2193 de

1305 2221 1430 2254 Rocca,
1466 2223 1497 2248 et
1526 2218 1685 2255 magister
1715 2218 1834 2247 Petrus
1864 2215 2091 2254 Indeppliconi
2125 2223 2144 2245 a
2172 2215 2321 2254 predicta

1305 2274 1414 2303 Rocca
1438 2272 1499 2302 sub
1524 2271 1624 2301 certis
1649 2270 1797 2300 servitiis
1818 2269 1968 2298 tenuisse
1990 2268 2157 2303 dicuntur,
2181 2272 2213 2298 et
2236 2276 2319 2307 quas

1306 2326 1406 2356 etiam
1436 2334 1494 2355 vos
1524 2333 1560 2354 ex
1587 2323 1802 2353 concessione
1833 2321 2007 2351 castellani
2038 2320 2186 2359 ejusdem
2212 2321 2320 2351 Rocee

1305 2379 1426 2410 tenetis
1444 2381 1475 2408 et
1491 2376 1669 2416 possidetis
1687 2375 1726 2405 ad
1744 2383 1892 2413 presens,
1908 2374 2003 2403 vobis
2019 2373 2206 2412 vestrisque
2222 2373 2321 2404 here·

1307 2432 1404 2461 dibus
1436 2432 1470 2460 in
1503 2434 1699 2468 perpetuum
1729 2428 1767 2457 de
1797 2427 1903 2465 gratia
1928 2426 2140 2456 concedimus
2170 2425 2318 2464 speciali.

1305 2484 1468 2515 Volumus
1493 2487 1600 2512 autem
1630 2481 1730 2520 quod,
1760 2480 1787 2510 51
1813 2479 1962 2518 predicta
1988 2480 2097 2508 Rocca
2123 2478 2321 2509 imminente

1307 2537 1505 2568 necessitate
1529 2534 1724 2564 defensione
1751 2536 1865 2562 contra
1886 2531 2041 2560 inimicos
2065 2530 2213 2560 Ecclesie
2236 2530 2320 2560 indi-

1307 2590 1433 2629 guerit,
1452 2598 1508 2618 vos
1525 2587 1671 2625 dictique
1692 2585 1832 2615 heredes
1857 2593 1962 2614 unum
1984 2583 2196 2613 balistarium
2219 2583 2321 2614 armis

1307 2642 1507 2674 necessariis
1529 2641 1683 2671 decenter
1702 2639 1869 2669 munitum
1894 2637 2075 2667 castellano
2091 2637 2198 2675 ipsius
2214 2637 2322 2667 Rocce

1308 2696 1365 2735 qui
1376 2704 1433 2734 pro
1449 2700 1592 2732 tempore
1608 2693 1707 2722 suerit
1723 2700 1781 2730 pro
1793 2690 1987 2720 defensione
2002 2689 2193 2728 hujusmodi
2206 2693 2322 2719 tenea-

1307 2748 1391 2777 mini
1410 2747 1576 2778 exhibere.
1596 2756 1652 2784 per
1670 2750 1735 2774 tres
1752 2744 1823 2774 dies
1842 2744 1876 2772 iu
1894 2742 2041 2781 ejusdem
2060 2742 2167 2771 Rocce
2182 2741 2321 2771 servitio

1308 2801 1369 2831 sub
1392 2800 1512 2831 vestris
1538 2798 1725 2837 sumptibus
1751 2800 1971 2826 moraturum.
1998 2793 2091 2824 Nulli
2117 2798 2176 2823 etc.
2207 2797 2323 2823 nostre

1308 2853 1533 2884 concessionis
1546 2856 1606 2882 etc.
1621 2852 1693 2881 Dat.
1711 2849 1880 2884 Laterani,
1899 2848 1932 2878 ΙΙ
1947 2847 2107 2877 kalendas
2122 2845 2320 2882 decembris,

1309 2916 1395 2936 anno
1410 2906 1527 2944 primo.
1544 2918 1556 2931 n
