2498 3325
203 246 259 283 ‘232
929 246 1169 278 REGISTRES
1190 245 1497 277 D’ALEXANDRE
1519 247 1576 277 IV.

203 310 332 340 litteras
352 311 622 348 confirmandam,
638 312 795 343 dilectum
814 312 921 342 filium
939 312 1136 350 magistrum
1152 312 1212 342 Ge-

204 362 337 392 rardum
354 364 579 399 parmensem,
598 365 793 403 scriptorem
811 370 972 400 nostrum,
991 369 1067 395 ante
1083 365 1212 395 ordina-

205 415 327 446 tionem
344 416 450 454 ipsam
469 420 499 446 et
515 417 737 455 receptionem
750 418 856 456 ipsius
872 419 911 448 A.
927 422 1105 456 receptum,
1123 426 1212 447 man-

203 467 293 496 davit
322 468 476 498 omnibus
507 469 649 508 receptis
684 474 756 508 post
787 470 896 508 ipsum
933 470 968 499 in
1003 469 1212 500 assecutione

203 519 357 550 beneficii
376 521 556 557 anteferri‚·
572 523 721 560 prefatus
739 524 778 552 A.
799 531 856 561 per
871 522 932 552 1106
955 527 986 552 61
1002 523 1212 552 constitutio-

204 580 280 601 nem
296 576 442 602 nostram
461 582 525 612 qua
546 575 751 612 receptiones
771 574 859 605 ultra
879 579 1021 613 quatuor
1041 575 1075 604 in
1097 575 1213 613 singu-

203 623 245 653 lis
268 624 451 662 collegiatis
479 626 630 656 ecclesiis
656 627 818 657 beneficia
843 628 1085 666 expectantium
1116 636 1213 657 vaca-

203 681 277 706 tura
292 678 492 715 generaliter
512 679 735 715 cassavimus,
758 680 823 710 sibi
846 680 953 719 quoad
968 680 1211 719 perceptionem

203 729 348 767 predicte
364 730 552 761 medietatis
568 740 740 770 quousque
757 732 956 762 beneficium
971 733 1139 770 integrum
1154 733 1212 762 im-

204 781 345 812 mediate
365 786 438 820 post
461 783 654 822 scriptorem
678 789 876 823 assequatur
895 785 1052 820 eundem,
1073 789 1104 815 et
1126 794 1212 815 asse-

203 835 335 864 cutione
353 835 507 866 beneficii
531 836 721 875 hujusmodi
746 842 897 868 metuens
921 838 1140 877 prejudicium
1161 847 1211 876 ge-

205 888 326 923 nerari,
348 889 525 927 apostolice
551 890 585 919 in
612 890 673 920 hac
698 895 789 929 parte
812 891 1012 930 provisionis
1030 892 1211 921 remedium

204 940 401 979 imploravit.
423 942 505 973 Cum
524 943 627 980 igitur
646 944 767 981 prefati
789 944 1033 982 predecessoris
1054 944 1212 974 intentio-

204 993 257 1023 nis
274 994 379 1024 fuisse
395 994 556 1030 videatur,
572 999 617 1030 ut,
632 995 725 1035 juxta
741 996 962 1026 ordinationis
974 997 1119 1035 predicte
1136 1006 1213 1027 nec-

205 1043 270 1076 non
289 1051 319 1076 et
344 1048 606 1078 confirmationis
630 1057 687 1079 506
711 1053 875 1085 tenorem,
900 1050 987 1079 idem
1007 1051 1046 1080 A.
1065 1059 1211 1080 mensam

206 1104 373 1138 tamquam
392 1100 531 1131 ecclesie
552 1102 695 1139 predicte
716 1102 856 1132 clericus
877 1107 908 1133 et
932 1103 1123 1142 hujusmodi
1144 1113 1213 1134 me-

205 1151 360 1182 dietatem
376 1153 571 1191 perciperet,
584 1154 687 1184 donec
701 1155 784 1184 soret
797 1156 1000 1185 antedictum
1014 1156 1211 1186 beneficium

205 1209 394 1240 assecutus,
419 1206 571 1243 quamvis
594 1207 632 1236 de
656 1207 902 1245 receptionibus
926 1208 1066 1238 aliorum
1089 1209 1214 1238 mentio

205 1258 291 1287 facta
308 1266 373 1287 non
390 1258 491 1288 suerit
506 1259 540 1288 in
557 1259 766 1289 ordinatione
784 1264 815 1290 et
826 1261 1076 1291 confirmatione
1089 1262 1213 1300 predic-

206 1310 258 1345 tis,
274 1318 333 1340 066
349 1319 407 1348 per
420 1310 481 1340 1106
496 1311 583 1350 quod
596 1311 719 1341 dictum
732 1312 926 1350 scriptorem
937 1313 1002 1352 ipsi
1015 1315 1053 1343 A.
1063 1314 1211 1352 pretulit,

200 1363 255 1401 jus
271 1363 378 1401 ipsius
396 1363 502 1393 minui
522 1364 625 1394 voluit
647 1365 681 1394 in
704 1365 850 1403 predicte
868 1366 1056 1396 medietatis
1079 1376 1213 1406 percep-

205 1416 305 1451 tione,
326 1426 498 1455 quousque
516 1426 659 1456 sequens
673 1418 871 1448 beneficium
885 1423 957 1457 post
970 1419 1054 1449 illud
1067 1421 1154 1459 quod
1170 1421 1212 1451 ei-

204 1469 277 1498 dem
304 1469 456 1507 scriptori
475 1470 627 1505 debetur,
650 1471 737 1509 quod
759 1471 948 1509 supradicto
965 1472 1004 1502 A.
1023 1482 1060 1502 ex
1079 1473 1213 1504 ordina—

204 1521 293 1551 tione
315 1522 463 1560 predicta
479 1527 554 1553 ante
576 1523 794 1561 prelationem
812 1524 1003 1563 hujusmodi
1019 1526 1211 1562 debebatur,

204 1573 351 1604 obtineat
360 1574 394 1603 in
405 1574 544 1605 ecclesia
554 1576 741 1614 supradicta
753 1587 758 1612 ;
772 1586 843 1611 nos,
853 1577 1001 1616 ejusdem
1010 1579 1046 1608 A.
1058 1579 1212 1617 precibus

204 1626 373 1662 inclinati,
394 1627 480 1666 quod
497 1637 556 1666 per
575 1633 789 1659 memoratam
805 1630 1048 1661 revocationem
1066 1637 1211 1662 nostram

205 1688 263 1709 seu
280 1679 391 1715 aliam,
413 1689 470 1719 per
488 1690 587 1719 quam
603 1681 638 1710 in
655 1681 805 1712 eeclesiis
827 1682 886 1712 ubi
904 1687 953 1713 est
977 1685 1212 1722 quaternarius

204 1732 438 1762 canonicorum
451 1742 510 1763 seu
526 1733 723 1763 clericorum
735 1743 905 1770 numerus,
924 1745 1011 1766 11005
1029 1741 1157 1766 tantum
1173 1737 1211 1768 de

205 1785 344 1823 receptis
361 1790 392 1815 et
408 1786 584 1824 prebendis
606 1788 854 1825 expectantibus
870 1789 925 1827 jus
947 1789 1070 1819 ibidem
1096 1790 1210 1820 debeat

203 1837 367 1873 obtinere,
389 1842 419 1868 et
436 1838 501 1868 alia
522 1839 669 1877 predicta
685 1839 771 1869 61163
787 1849 937 1870 mensam
954 1846 984 1871 et
1000 1842 1210 1873 medietatem

204 1890 379 1929 predictas,
398 1891 433 1920 111
449 1900 589 1930 quarum
606 1893 816 1930 possessione
829 1893 981 1931 pluribus
995 1895 1092 1925 annis
1107 1895 1211 1926 fuisse

203 1943 335 1979 dicitur⁷
352 1952 388 1973 36
402 1944 501 1973 etiam
515 1945 759 1975 assecutionem
770 1946 925 1976 beneficii
940 1951 1013 1985 post
1030 1947 1111 1977 illud
1125 1948 1211 1986 quod

203 1996 347 2034 predicto
361 1996 498 2026 debetur
510 1997 662 2036 scriptori
675 1999 823 2036 proximo
836 2000 985 2030 vacaturi
999 2000 1129 2030 nullum
1142 2010 1211 2039 pre-

199 2048 362 2087 judicium
379 2049 443 2079 sibi
462 2056 649 2087 generetur,
668 2051 863 2082 auctoritate
878 2053 1084 2090 presentium
1103 2054 1210 2084 decer-

203 2106 335 2136 nentes,
359 2102 555 2132 mandamus
579 2104 737 2141 quatinus
755 2110 936 2135 memorato
954 2106 993 2135 Α.
1011 2115 1161 2136 1116053111
1180 2111 1211 2137 61

202 2154 411 2184 medietatem
428 2155 592 2192 predictas
608 2156 712 2185 facias
724 2165 782 2194 per
797 2161 825 2186 te
838 2157 888 2187 vel
906 2157 1009 2187 alium
1024 2159 1209 2189 ministrari

201 2211 232 2236 et
254 2207 293 2237 de
314 2207 474 2237 beneficio
498 2208 562 2237 sibi
584 2212 620 2238 ut
645 2209 769 2239 dictum
788 2213 837 2239 est
856 2210 983 2246 debito,
1004 2211 1032 2241 si
1055 2216 1148 2242 vacat
1171 2213 1211 2242 ad

200 2268 338 2297 presens
358 2259 407 2289 rel
431 2261 675 2298 quamprimum
698 2262 738 2291 ad
762 2262 796 2291 id
816 2262 973 2292 obtulerit
995 2272 1028 2293 se
1051 2264 1208 2301 facultas,

200 2312 374 2350 provideas
398 2321 456 2342 seu
480 2313 578 2343 etiam
599 2314 765 2351 provideri
790 2324 958 2353 procures.
982 2316 1210 2347 Contradicto-

201 2373 254 2394 res
271 2368 331 2394 etc.
347 2365 415 2395 Nos
431 2366 520 2395 enim
534 2366 744 2396 decernimus
760 2367 893 2397 irritum
911 2373 941 2398 et
958 2369 1069 2404 inane,
1088 2370 1115 2399 si
1130 2369 1210 2409 quid

201 2422 314 2446 contra
331 2422 479 2447 nostrum
497 2418 529 2447 in
546 2418 607 2448 hac
620 2423 711 2457 parte
722 2420 915 2450 mandatum
928 2430 945 2450 a
957 2430 1122 2461 quoquam
1136 2431 1210 2453 con-

201 2468 313 2506 tigerit
330 2470 529 2508 attemptari.
546 2471 618 2500 Dat.
633 2472 794 2509 Anagnie‚
814 2473 860 2502 IX
877 2473 1036 2503 kalendas
1053 2475 1207 2510 octobris,

200 2530 287 2551 anno
301 2522 419 2560 primo.
439 2535 451 2549 ))

272 2770 361 2799 '258
683 2774 807 2808 Anagni,
828 2775 859 2801 12
876 2775 1040 2810 septembre
1057 2776 1135 2803 1‘255.

235 2837 433 2873 Iasi-ascriptis
453 2840 578 2872 mandat,
603 2846 643 2872 ut,
666 2842 778 2868 abbatis
801 2844 965 2870 monasterii
985 2852 1010 2872 s.
1032 2844 1160 2872 Victoris
1178 2845 1206 2872 in

201 2885 308 2918 Caleto,
333 2887 579 2923 Rothomagensis
602 2889 738 2921 diocesis,
763 2892 895 2918 cessione
919 2895 1042 2927 recepta,
1068 2893 1159 2920 eidem
1181 2898 1207 2920 et

1296 312 1344 338 uni
1367 312 1507 339 monacho
1531 312 1566 339 de
1591 313 1675 340 bonis
1695 313 1860 340 monasterii
1883 321 2041 348 congruam
2061 314 2303 340 sustentationem

1295 359 1474 394 provideant.
1492 360 1575 394 (Rau.
1592 361 1638 390 24.
1651 369 1679 388 c.
1696 361 1758 392 603,
1775 362 1795 389 f.
1812 362 1866 392 92.)

1337 479 1349 493 «
1365 490 1397 501 ..,
1409 468 1520 503 abbati,
1534 473 1560 498 et
1571 491 1603 503 ..,
1618 470 1722 506 priori
1736 470 1918 498 monasterii
1931 470 1954 499 F
1954 470 2133 504 iscanensis,
2146 469 2186 498 ad
2199 470 2302 499 Roma-

1294 529 1366 549 nam
1382 521 1547 550 Ecclesiam
1561 522 1647 550 nullo
1659 522 1757 551 medio
1765 523 1960 560 pertinentis,
1973 527 1998 551 et
2010 523 2157 560 magistro
2165 523 2303 552 ,Iohanni

1294 573 1328 602 de
1347 574 1415 602 Ros.
1437 574 1620 603 subdiacono
1638 579 1754 609 nostro,
1777 575 1924 604 canonico
1940 575 2124 604 Leoeoviensi.
2147 574 2192 604 Ex
2211 578 2302 613 parte

1294 625 1407 655 dilecti
1432 625 1493 655 filii
1521 649 1554 661 ..,
1580 626 1710 657 abbatis
1737 627 1932 657 monasterii
1961 627 2068 657 sancti
2092 627 2238 657 Victoris
2266 627 2302 656 in

1294 677 1418 714 Caleto,
1445 678 1573 709 ordinis
1596 679 1702 709 sancti
1723 679 1912 715 Benedicti,
1935 679 2214 718 Rothomagensis
2231 680 2303 710 dio-

1294 730 1391 766 cesis,
1409 731 1473 760 fuit
1489 732 1693 769 propositum
1707 741 1815 762 coram
1831 732 1938 767 nobis,
1952 732 2039 762 idem
2056 732 2212 770 regimini
2227 723 2310 771 pre-v

1294 782 1375 813 dicti
1392 784 1586 814 monasterii
1609 784 1724 815 cedere
1745 784 1909 815 desideret
1926 785 2019 815 senio
2034 785 2103 824 jam
2119 785 2300 820 consectus,

1295 836 1373 875 quia
1389 836 1497 866 dictus
1513 836 1615 866 abbas
1629 837 1735 867 eidem
1748 837 1950 867 monasterio
1962 837 2175 867 laudabiliter
2191 846 2228 868 36
2241 837 2303 868 uti-

1294 888 1371 919 liter
1390 889 1511 919 dicitur
1530 890 1706 927 prefuisse.
1724 890 1921 920 mandamus
1939 890 2111 929 quatinus,
2129 890 2158 920 si
2174 894 2224 920 est
2238 890 2300 926 ita,

1295 942 1366 981 ejus
1389 941 1494 972 libera
1516 942 1666 972 cessione
1689 946 1830 981 recepta,
1854 943 2054 981 provideatis
2079 942 2187 973 eidem
2206 943 2303 973 bonis

1294 994 1401 1033 ipsius
1423 995 1628 1031 monasterii,
1648 995 1686 1025 de
1703 996 1824 1034 quibus
1841 1004 1915 1026 cum
1935 1004 2000 1025 uno
2016 995 2178 1026 monacho
2196 995 2303 1026 valeat

1294 1056 1438 1085 congrue
1466 1048 1658 1077 sustentari.
1687 1048 1965 1079 Contradictores.
1994 1049 2068 1079 Non
2093 1048 2245 1079 obstante
2273 1049 2303 1079 si

1295 1100 1463 1138 aliquibus
1480 1100 1566 1139 quod
1582 1101 1876 1136 excommunicari,
1899 1102 2058 1140 suspendi
2074 1101 2125 1132 vel
2147 1101 2304 1132 interdici

1295 1162 1360 1183 non
1372 1153 1504 1183 valeant
1517 1162 1534 1183 a
1550 1153 1634 1184 Sede
1650 1153 1829 1192 apostolica
1842 1154 1885 1184 sit
1898 1154 2076 1184 indultum.
2091 1154 2185 1191 Quod
2196 1154 2302 1184 sinon

1294 1214 1409 1236 0111065
1436 1210 1496 1236 etc.
1522 1207 1595 1236 Dat.
1621 1207 1790 1244 Anagnie,
1818 1207 1850 1237 11
1876 1207 1952 1237 idus
1977 1207 2188 1246 septembris,
2216 1215 2303 1237 anno

1292 1259 1411 1297 primo.
1431 1271 1444 1285 1)

1367 1458 1456 1486 ’259
1785 1458 1911 1493 Anagni,
1930 1459 1961 1485 10
1975 1458 2138 1493 septembre
2152 1458 2230 1486 1255.

1332 1526 1538 1561 Berengariae,
1556 1527 1671 1553 moniali
1687 1527 1854 1554 monasterii
1869 1534 1893 1554 s.
1913 1526 2018 1553 Mariae
2035 1526 2168 1561 Regalis,
2187 1527 2214 1554 in
2229 1527 2302 1553 sub-

1296 1576 1378 1602 urbio
1396 1575 1547 1610 Bur-gensi,
1566 1575 1705 1610 indulget,
1724 1579 1755 1602 ut
1767 1575 1859 1602 oblata
1876 1575 2003 1610 recipere
2019 1576 2111 1602 valeat
2121 1575 2156 1602 ad
2169 1575 2303 1611 pauperi-

1295 1625 1350 1650 bus
1366 1624 1606 1651 succurrendum.
1622 1624 1705 1658 (Res.
1722 1624 1766 1656 24,
1784 1632 1810 1650 c.
1827 1615 1890 1658 604',
1905 1624 1924 1652 f.
1941 1624 1998 1657 92.)

1336 1745 1349 1759 «
1367 1734 1562 1770 Berenqczrie,
1585 1734 1717 1762 moniali
1738 1734 1920 1763 monasterii
1936 1738 2038 1763 sancte
2057 1733 2152 1762 Marie
2168 1734 2299 1771 Regalis,

1294 1786 1500 1815 cisterciensis
1519 1786 1653 1821 ordinis,
1673 1787 1712 1825 riq
1728 1786 1872 1815 suburbio
1886 1786 2046 1823 Burqensi.
2069 1785 2114 1816 Ex
2132 1790 2188 1816 tue
2204 1785 2302 1816 devo-

1294 1838 1395 1868 tionis
1406 1837 1553 1876 procedit
1569 1838 1709 1873 meritis,
1726 1842 1762 1867 ut
1779 1838 1838 1867 tibi
1852 1838 2032 1876 benignius
2048 1842 2208 1877 quantum
2227 1846 2302 1868 cum

1293 1892 1360 1921 Deo
1382 1900 1558 1930 possumus
1579 1891 1791 1926 assistamus,
1815 1891 1850 1920 in
1873 1890 1940 1921 hiis
1965 1890 2107 1921 maxime
2133 1899 2197 1929 que
2219 1899 2301 1929 opus

1292 1944 1476 1982 respiciunt
1494 1943 1637 1982 pietatis.
1657 1944 1754 1978 Sane⁷
1773 1943 1858 1973 sicut
1874 1943 2077 1981 accepimus,
2097 1952 2115 1973 a
2131 1942 2301 1973 nobilibus

1293 2001 1324 2026 et
1344 1996 1548 2034 ignobilibus
1567 1996 1768 2034 pauperibus
1790 2005 1848 2034 pro
1871 1996 1941 2025 suis
1965 1995 2153 2026 relevandis
2177 1996 2302 2034 inopiis

1274 2049 1334 2079 'ad
1356 2053 1386 2079 te
1406 2049 1599 2088 frequenter
1619 2049 1814 2083 recurritur,
1832 2048 1889 2078 sed
1910 2057 2024 2078 eorum
2042 2048 2301 2079 necessitatibus

1293 2105 1324 2132 et
1347 2106 1402 2131 tuo
1423 2101 1457 2130 in
1474 2101 1535 2131 hac
1556 2105 1648 2139 parte
1664 2101 1841 2136 desiderio,
1859 2101 1984 2139 absque
2000 2101 2141 2131 fratrum
2157 2109 2300 2132 consan-

1293 2154 1489 2192 guineorum
1502 2157 1533 2183 61
1549 2154 1730 2183 amicorum
1746 2157 1877 2183 tuorum
1894 2153 2124 2189 subventione,
2139 2162 2198 2192 per
2209 2158 2239 2184 te
2251 2163 2300 2184 sa-

1292 2206 1411 2236 tisfieri
1434 2207 1566 2245 nequit,
1591 2215 1664 2236 eum
1688 2216 1705 2236 a
1727 2211 1756 2236 te
1779 2206 1948 2244 proprium
1969 2207 2101 2244 penitus
2122 2206 2299 2237 abdicaris.

1293 2259 1376 2290 Cum
1402 2259 1506 2297 igitur
1530 2259 1623 2297 pium
1650 2259 1692 2288 sit
1723 2259 1952 2289 favorabiliter
1983 2259 2140 2298 prosequi
2165 2259 2300 2298 pietatis

1293 2312 1459 2351 operibus,
1478 2312 1707 2347 intendentes,
1727 2312 1814 2351 quod
1834 2312 1926 2342 licite
1953 2321 2016 2351 que
2038 2312 2099 2341 tibi
2119 2321 2178 2351 pro
2200 2321 2301 2343 causa

1292 2365 1484 2405 hujusmodi
1502 2365 1604 2403 gratis
1626 2365 1738 2395 offerri
1755 2365 1948 2403 contigerit,
1966 2365 2028 2395 1136
2045 2365 2232 2396 intentione
2247 2374 2301 2396 re·

1292 2418 1401 2457 cipere
1423 2427 1458 2448 ac
1480 2422 1611 2456 recepta
1634 2418 1668 2447 in
1692 2418 1882 2457 hujusmodi
1905 2418 1977 2456 pios
1999 2426 2081 2448 usus
2108 2422 2299 2448 convertere

1292 2471 1418 2506 valeas,
1444 2471 1610 2501 devotioni
1632 2476 1685 2501 tue
1706 2471 1901 2501 auctoritate
1920 2471 2126 2509 presentium
2146 2470 2300 2509 indulge-

1291 2532 1377 2554 mus.
1397 2523 1490 2553 Nulli
1512 2527 1570 2553 etc.
1595 2528 1703 2554 vestre
1719 2523 1945 2554 concessionis
1964 2527 2024 2553 ete.
2041 2523 2115 2552 Dat.
2132 2523 2296 2561 Anagnie,

1292 2577 1360 2606 IIII
1378 2576 1452 2606 idus
1470 2576 1677 2614 septembris,
1697 2585 1783 2606 anno
1799 2576 1917 2614 primo.
1938 2588 1950 2602 »

1363 2778 1451 2806 '2⁴30
1774 2778 1900 2812 Anagni,
1922 2779 1952 2805 12
1968 2779 2130 2813 septembre
2146 2778 2224 2806 1255.

1327 2847 1500 2874 Abbatissae
1516 2853 1543 2873 et
1559 2848 1713 2874 couventui
1729 2848 1894 2874 monasterii
1910 2847 2094 2875 s.Trinitatis
2108 2846 2296 2874 cadomensis

1291 2895 1440 2930 indulget,
1457 2900 1487 2922 ut
1503 2896 1536 2922 de
1554 2896 1709 2927 laboribus.
1727 2897 1834 2928 hortis,
1851 2896 1984 2931 virgultis
1998 2900 2026 2923 et
2039 2896 2204 2923 animalium
2219 2896 2295 2931 ipsa-
