2498 3325
148 288 163 302 ))

148 340 164 355 ))

147 393 163 408 1)

148 497 164 512 29
147 445 163 460 ἕ

144 602 171 1144 &assessu-uzu

144 1234 167 1991 υυὲῦὲἕῦυῦυυδθὸυ

987 201 1218 240 DEUXIEME
1240 202 1400 240 ANNEE.
2186 215 2242 244 451⁷

184 276 317 315 jaceant
334 276 367 305 in
386 276 594 309 dormitorio,
614 276 678 305 nisi
695 285 733 305 ex
756 285 855 305 causa
876 275 1084 310 rationabili,
1103 275 1155 304 vel

189 328 227 358 de
244 328 379 358 licentia
397 328 449 357 sui
466 328 583 366 prelati
598 329 722 357 fuerint
740 328 898 359 excusati,
917 332 944 357 et
965 328 1076 357 nullus
1095 327 1155 356 ha·-

188 381 263 410 bcat
282 382 328 410 ibi
352 381 391 410 ad
413 381 589 419 jacendum
611 390 774 410 camerani
795 381 987 419 specialem,
1012 385 1039 409 et
1059 381 1087 410 si
1107 384 1155 410 est

188 434 235 462 ibi
252 434 379 472 aliqua,
404 438 612 463 removeatur
633 434 768 463 omnino
792 438 821 463 et
839 434 1015 463 reducatur
1032 433 1071 463 ad
1088 434 1155 463 for-

188 495 275 515 mam
292 495 500 515 communem
517 485 658 515 aliorum
675 485 844 515 lectorum.

188 551 203 565 »
228 539 309 576 (Α11.
333 539 435 577 XIV).
463 539 621 568 Habitum
647 539 817 569 decentem
843 543 874 568 et
896 539 1053 576 religioni
1078 548 1156 568 con-

189 600 307 629 gruum
325 595 354 620 et
373 595 479 620 vestes
496 591 668 625 honestas,
688 600 751 620 11011
770 591 947 628 brevitate,
967 601 1030 621 non
1048 591 1156 629 longi-

188 643 303 672 tudine
320 643 371 673 vel
388 643 495 673 colore
520 643 700 678 notabiles,
726 644 891 678 deferant,
916 648 1086 673 tonsuram
1103 653 1156 673 10-

188 696 336 725 tundam.
355 705 509 725 coronam
528 696 670 733 amplam
685 700 715 725 et
736 696 890 733 religioni
903 697 1156 727 convenientem

187 748 347 783 habe-anm
372 749 419 778 ita
441 749 543 787 quod.
564 749 737 778 occasione
756 749 906 784 habitus,
925 750 1079 779 vestium.
1103 759 1156 779 00-

189 810 269 831 rone
286 801 336 831 vel
355 806 504 837 tonsure,
532 810 597 831 non
622 802 750 840 possint
771 802 888 831 merito
911 802 1075 836 denotari,
1096 812 1156 832 nec

190 854 343 883 affectent
364 854 512 884 vestibus
529 854 673 892 placere,
696 855 753 884 sed
771 854 931 889 moribus,
950 855 1035 883 sicut
1053 855 1087 883 in
1104 864 1157 884 re-

189 905 265 944 gula
281 907 478 942 continetur,
502 911 532 936 et
549 907 680 945 quando
700 907 850 945 equitant
869 906 919 936 vel
940 911 1015 936 sunt
1033 907 1067 935 in
1086 907 1156 936 suis

188 958 345 996 hospitiis
362 958 412 987 vel
429 959 564 993 alienis,
584 959 655 988 sine
679 968 779 988 causa
800 959 989 989 necessaria
1008 963 1038 989 et
1055 959 1156 988 ratio-

188 1011 294 1040 nabili
311 1011 460 1040 habitum
482 1020 547 1040 non
568 1012 738 1041 dimittant
755 1020 814 1041 nec
833 1012 1082 1047 transforment,
1102 1021 1156 1041 ca-

187 1073 246 1102 pas
263 1063 393 1093 clausas
413 1068 444 1094 et
465 1064 624 1094 rotundas
641 1064 802 1100 deferant,
821 1065 906 1094 sicut
923 1064 1084 1095 hactenus
1102 1074 1157 1095 ex-

188 1117 253 1146 titit
269 1117 303 1146 in
321 1118 434 1147 eadem
451 1117 591 1148 ecclesia
606 1118 806 1155 regulariter
821 1118 1044 1148 observatum.

187 1181 202 1196 n
227 1170 310 1209 (Art.
336 1171 422 1209 XV).
447 1171 570 1200 Omnes
596 1171 653 1209 qui
680 1171 799 1201 debent
825 1175 855 1201 01
881 1171 987 1201 solent
1011 1171 1157 1209 recipere

187 1227 308 1257 vestes,
327 1232 382 1252 eas
405 1223 567 1261 recipiant
588 1224 626 1253 de
645 1224 829 1258 communi,
849 1233 908 1254 000
931 1224 979 1254 015
1003 1233 1060 1262 pro
1084 1233 1158 1254 ves-

189 1275 279 1305 tibus
306 1276 448 1313 pecunia
472 1276 693 1306 ministretur.
714 1277 838 1312 Quare,
860 1281 896 1307 ut
917 1277 1156 1313 intelleximus,

186 1327 247 1358 hec
270 1332 319 1357 est
341 1329 388 1358 eis
410 1329 538 1359 occasio
565 1330 735 1367 proprium
761 1329 905 1359 habendi
928 1334 958 1360 et
982 1330 1158 1368 pecuniam

190 1382 431 1419 congregandi,
457 1382 528 1417 sed,
554 1383 640 1412 sicut
662 1383 742 1412 dicit
764 1383 889 1421 regula,
908 1383 1107 1413 vestimenta
1128 1387 1159 1413 01

187 1434 416 1469 calciamenta,
428 1435 559 1473 quando
572 1436 697 1465 suerint
711 1436 940 1474 indigentibus
957 1437 1157 1471 necessaria,

191 1487 269 1517 dare
295 1497 360 1517 non
386 1488 541 1518 differant
566 1488 617 1518 illi
648 1488 708 1518 sub
736 1498 876 1527 quorum
903 1493 980 1519 5001
1009 1489 1160 1519 custodia

189 1549 253 1579 que
266 1544 460 1570 noscuntur.
472 1542 610 1571 Veteres
622 1550 753 1580 quoque
765 1546 874 1571 vestes
887 1546 917 1572 et
929 1541 1158 1577 calciamenta,

191 1593 323 1632 quando
347 1593 571 1629 dimittuntur,
590 1594 824 1624 elemosinario
846 1595 1029 1630 tradantur⁷
1047 1598 1083 1624 ut
1102 1604 1160 1633 per

188 1655 264 1676 eum
298 1646 500 1684 pauperibus
539 1651 715 1684 erogentur
732 1657 737 1683 ς
776 1647 835 1676 001
870 1647 971 1677 alicui
1005 1647 1161 1677 ministro

188 1698 318 1737 ydoneo
345 1699 579 1734 committatur,
604 1699 661 1738 qui
686 1699 880 1737 diligentem
905 1709 1017 1730 curam
1040 1699 1162 1730 habeat

190 1751 399 1780 infirmorum
426 1755 456 1781 et
479 1751 709 1790 quodcumque
735 1761 871 1782 necesse
892 1753 1099 1791 prospexerit
1122 1753 1161 1783 de

190 1803 326 1834 cellario
342 1808 441 1842 petat,
456 1805 542 1834 sicut
557 1804 593 1834 in
608 1805 724 1842 regula
739 1805 938 1835 continetur.
954 1807 999 1837 Ut
1013 1806 1060 1836 eis
1075 1806 1161 1836 cari-

192 1856 294 1887 tative
310 1856 490 1892 ministret,
508 1857 720 1895 provideatur
739 1859 838 1888 etiam
854 1858 946 1889 locus
963 1859 1114 1898 ydoneus
1131 1863 1163 1890 et

190 1909 353 1940 honestus
370 1910 405 1939 in
424 1919 488 1948 quo
504 1910 637 1949 jaceant
653 1911 815 1947 canonici,
835 1912 967 1951 quando
983 1921 1038 1942 eos
1056 1913 1162 1942 conti-

190 1964 276 2002 gerit
293 1963 469 1993 infirmari.

189 2028 204 2043 »
229 2016 312 2055 (Art.
330 2016 431 2053 XVI).
455 2017 663 2053 Mandamus,
683 2018 780 2056 quod,
799 2027 874 2048 cum
891 2018 1032 2049 ecclesia
1048 2020 1162 2049 Sancti

188 2069 320 2099 Andree
337 2069 596 2107 Burdogalensis
614 2070 736 2100 nobilis
758 2071 801 2100 sit
820 2075 851 2100 et
866 2071 1009 2105 famosa,
1027 2081 1085 2109 per
1101 2072 1162 2102 Dei

147 2133 165 2149 x>
186 2121 328 2160 gratiam
350 2122 384 2150 in
408 2121 624 2152 facultatibus
648 2123 729 2153 satis
754 2123 968 2159 habundans,
987 2124 1163 2162 hospitali-

147 2186 164 2202 D

147 2240 166 2256 Ι)

148 2345 165 2361 1)

149 2399 165 2415 ¹³

148 2451 165 2467 D

150 2503 167 2520 D

148 2557 166 2573 D

150 2609 167 2625 J>

149 2662 167 2678 D

148 2715 166 2732 1³

150 2769 166 2784 D

149 2821 167 2838 Ι)

192 2179 291 2204 tatem
309 2179 418 2204 servet
428 2175 600 2205 caritative
614 2176 649 2205 in
667 2177 866 2206 necessariis
884 2177 954 2207 51115
973 2177 1162 2216 hospitibus

190 2228 261 2258 suis
278 2228 491 2266 providendo,
510 2228 595 2258 sicut
612 2229 787 2259 ecclesiam
805 2234 933 2259 tantum
952 2230 1055 2260 decet.

190 2292 204 2307 n
229 2281 314 2319 (Art.
334 2281 454 2319 XVII).
478 2281 690 2320 Injungimus
706 2281 829 2312 decano
851 2286 882 2312 et
899 2282 1057 2321 capitulo,
1076 2284 1163 2321 quod

187 2334 224 2363 in
249 2333 400 2364 ecclesiis
421 2334 698 2372 parrochialibus,
717 2344 799 2373 quas
823 2335 948 2365 habent
973 2336 1007 2365 in
1029 2336 1163 2366 civitate

190 2392 223 2417 et
254 2387 378 2416 diocesi
408 2386 714 2424 Burdegalensibus
741 2387 793 2417 vel
819 2392 929 2424 extra,
960 2388 1162 2428 ubicumque

189 2439 345 2474 habeant,
364 2444 487 2477 ponant
503 2439 573 2469 sive
590 2439 768 2469 instituant
784 2440 920 2470 idoneos
938 2445 968 2470 01
986 2446 1163 2479 perpetuos

192 2492 336 2522 vicarios
359 2491 557 2526 sacerdotes,
576 2496 673 2530 prout
693 2492 728 2521 in
746 2492 894 2529 generali
911 2493 1052 2523 concilio
1068 2503 1164 2524 cave-

194 2549 256 2579 tur,
275 2544 397 2583 quibus
415 2545 453 2574 de
476 2544 694 2582 proventibus
717 2544 866 2582 ipsarum
890 2545 1105 2576 ecclesiarum
1124 2547 1164 2577 ab

191 2597 317 2628 eisdem
334 2606 480 2634 congrua
496 2602 527 2627 et
545 2597 715 2627 sufficiens
737 2598 843 2635 portio
865 2599 1070 2636 assignetur;
1096 2609 1163 2630 non

191 2655 241 2680 est
265 2650 353 2680 enim
375 2650 444 2689 juri
469 2659 651 2680 consonum
668 2650 719 2680 vel
742 2655 1003 2682 consuetaneum
1027 2653 1161 2689 rationi,

190 2704 278 2743 quod
296 2703 440 2741 singulis
457 2704 554 2733 annis
574 2703 624 2733 vel
641 2704 917 2744 quandocumque
930 2705 1109 2741 voluerint,
1125 2707 1162 2737 de

191 2756 342 2787 ecclesiis
357 2756 428 2786 suis
447 2756 634 2786 sacerdotes
648 2761 857 2786 ammoveant
873 2766 931 2796 pro
949 2767 1008 2789 500
1024 2759 1163 2789 arbitrio

194 2809 386 2840 voluntatis.

194 2875 208 2889 »
230 2864 311 2899 (Art.
327 2862 461 2902 XVIII).
481 2862 714 2898 Prohibemus,
729 2872 768 2893 ne
785 2863 944 2894 mulieres
960 2869 1016 2895 aut
1029 2865 1105 2896 laici
1123 2867 1163 2896 ad

1276 276 1477 313 prebendam
1502 276 1536 305 in
1558 276 1698 306 ecclesia
1722 277 1834 306 Sancti
1856 278 1986 308 Andr-§e
2003 280 2243 315 But-*legalensi

1278 328 1443 358 ullatenus
1461 329 1688 361 admittantur.
1709 338 1767 358 1100
1784 330 1882 359 etiam
1903 334 1946 359 tot
1963 331 2075 361 clerici
2093 332 2159 361 sint
2175 341 2244 369 pre-

1277 380 1439 415 bendarii,
1453 391 1509 419 per
1523 391 1604 419 quos
1617 391 1775 411 numerus
1790 383 2024 412 canonicorum
2039 384 2244 413 diminuatur

1279 437 1309 463 et
1326 433 1475 463 divinum
1494 434 1639 464 officium
1656 434 1689 463 in
1709 435 1779 472 ipsa
1797 435 1937 464 ecclesia
1954 436 2178 465 defraudetur.

1280 498 1292 511 »
1310 485 1393 524 (Art.
1412 487 1517 525 XIX).
1538 487 1632 517 Circa
1650 487 1892 516 ordinationem
1910 489 2155 523 canonicorum,
2169 498 2244 526 pen—

1276 538 1357 568 satis
1380 538 1518 569 ecclesie
1542 539 1774 573 facultatibus
1798 544 1958 569 statutum
1981 541 2110 570 numeri
2136 541 2245 571 taliter

1279 591 1498 625 moderamur,
1524 596 1558 620 ut
1583 592 1618 620 in
1644 592 1757 621 eadem
1781 591 1920 621 ecclesia
1947 592 2083 627 triginta.
2108 594 2244 622 canoni-

1278 652 1389 672 corum
1410 653 1568 673 numerus
1587 644 1796 677 ol›scrv‹=tu1·;
1815 653 1911 681 quem
1931 653 1995 673 non
2012 645 2109 674 liceat
2125 646 2243 680 minui,

1279 696 1345 725 nisi
1370 696 1548 726 casualiter
1570 696 1744 726 facultates
1767 697 1905 726 ecclesie
1928 702 2054 726 tantum
2075 698 2245 728 ‹leci-esce—

1278 754 1361 783 rent,
1380 754 1415 778 ut
1431 753 1594 787 oporteret
1612 758 1787 778 numerum
1804 750 2037 779 canonicorum
2059 751 2246 780 necessario

1277 801 1448 836 minorari,
1464 802 1521 831 sed
1537 811 1593 839 pro
1611 802 1705 830 1110110
1723 802 1983 831 excrescentium
2001 803 2194 832 facultatum
2211 804 2245 832 111

1278 858 1458 891 posterum,
1476 854 1728 891 archiepiscopi,
1744 854 1867 883 decano
1883 858 1913 883 et
1929 854 2065 891 capituli
2081 857 2247 885 communi

1280 916 1316 936 ac
1346 907 1481 945 provida
1511 907 1749 936 deliberatione
1783 907 2008 944 ampliandum
2039 908 2247 938 decernimus

1279 968 1456 989 numerum
1475 959 1684 989 servitorum.

1282 1025 1294 1038 η
1321 1012 1516 1050 Supradicta
1539 1013 1650 1042 onmia
1669 1022 1732 1051 que
1754 1013 1793 1042 ad
1809 1013 1976 1049 decorem,
1994 1014 2199 1043 commodum
2218 1019 2248 1044 et

1279 1066 1439 1096 honorem
1457 1065 1604 1104 ejusdem
1621 1065 1759 1095 ecclesie
1781 1075 1838 1103 per
1855 1075 1913 1095 nos
1935 1066 1969 1094 in
1993 1076 2096 1096 unum
2114 1067 2250 1097 collecta

1281 1123 1369 1153 sunt,
1386 1119 1544 1149 resecatis
1557 1119 1733 1157 superfluis
1749 1123 1779 1148 et
1793 1119 1970 1148 inutilibus
1986 1129 2022 1148 ex
2037 1119 2102 1149 hiis
2116 1129 2178 1158 que
2192 1129 2251 1157 per

1280 1172 1499 1210 inquisitores
1514 1176 1544 1201 et
1561 1172 1768 1209 postmodum
1786 1181 1843 1209 per
1858 1172 2113 1201 Lascurrenscm
2128 1173 2250 1210 cpisco-

1280 1234 1358 1263 pum
1377 1225 1438 1254 sub
1454 1224 1675 1262 mitigationis
1692 1224 1800 1262 specie
1818 1224 1915 1253 aliter
1930 1224 2081 1253 ordinata
2101 1225 2248 1259 fuerunt,

1281 1277 1540 1315 Burdegalensis
1569 1277 1838 1314 archiepiscopus
1860 1276 2038 1314 diligenter
2064 1281 2093 1306 et
2117 1278 2251 1315 provide

1280 1339 1339 1368 per
1356 1330 1501 1360 officium
1523 1330 1691 1359 ordinarie
1714 1329 1886 1367 potestatis
1909 1330 2009 1358 saciat
2030 1330 2199 1359 observari
2221 1335 2251 1360 et

1282 1384 1317 1414 in
1341 1384 1546 1421 corrigendis
1575 1383 1766 1413 excessibus
1792 1392 1828 1412 ac
1856 1383 2004 1412 moribus
2030 1384 2252 1414 reformandis

1278 1437 1372 1475 juxta
1396 1436 1484 1466 beati
1511 1436 1693 1473 Augustini
1723 1435 1871 1473 regulam
1898 1440 1927 1465 et
1953 1436 2129 1466 canonicas
2155 1446 2251 1466 sanc-

1283 1489 1402 1525 tiones,
1420 1493 1486 1518 tam
1504 1489 1538 1518 in
1556 1489 1679 1519 decano
1698 1498 1796 1527 quam
1818 1488 1893 1518 aliis
1910 1489 2127 1519 inferioribus
2144 1490 2253 1519 omni-

1283 1542 1345 1572 bus
1369 1546 1400 1572 01
1426 1541 1586 1579 singulis,
1612 1542 1792 1580 prudenter
1815 1545 1846 1571 et
1872 1541 2050 1571 salubriter
2072 1546 2254 1580 exequatur

1284 1595 1432 1625 debitum
1461 1595 1561 1625 officii
1597 1594 1790 1632 pastoralis,
1825 1594 1925 1623 salvis
1965 1598 2073 1624 tamen
2104 1595 2252 1633 ejusdem

1284 1648 1400 1679 decani
1417 1652 1448 1678 et
1465 1648 1585 1677 ceteris
1601 1648 1637 1677 in
1653 1647 1815 1685 dignitate
1835 1656 1893 1677 5011
1910 1651 2087 1685 personatu
2105 1647 2254 1686 quolibet

1285 1701 1717 1740 constitutisjurisdictione
1730 1701 1872 1738 propria,
1884 1700 2016 1739 juribus
2027 1705 2057 1729 et
2070 1700 2252 1730 honoribus

1285 1754 1490 1789 eorumdem,
1515 1753 1698 1783 secundum
1723 1753 1956 1783 rationabilem
1977 1753 2253 1782 consuetudinem

1284 1807 1320 1836 in
1341 1806 1583 1844 Burdegalensi
1605 1805 1746 1836 ecclesia
1769 1805 1967 1843 regulariter
1989 1810 2019 1835 et
2042 1805 2255 1835 laudabiliter

1285 1859 1447 1889 hactenus
1464 1859 1683 1894 observatam,
1702 1858 1756 1888 001
1779 1867 1844 1888 non
1862 1858 2068 1888 intendimus
2086 1858 2120 1886 in
2143 1857 2254 1896 aliquo

1287 1912 1456 1950 derogare.

1288 1978 1301 1992 η
1327 1965 1689 1996 Excommunicationis
1719 1968 1829 1994 autem
1862 1964 2079 1999 sententiam,
2114 1968 2181 1993 tam
2214 1963 2254 1993 ab

1288 2018 1547 2057 inquisitoribus
1572 2026 1671 2056 quam
1693 2026 1711 2046 a
1740 2017 1955 2046 Lascurrensi
1979 2017 2131 2054 episcopo
2154 2016 2256 2046 nimis

1288 2070 1488 2109 generaliter
1508 2074 1538 2100 et
1561 2070 1673 2100 minus
1696 2070 1830 2108 provide
1849 2069 2100 2107 promulgatam,
2124 2074 2256 2107 propter

1288 2124 1423 2154 evidens
1449 2123 1633 2161 periculum
1658 2127 1688 2152 et
1712 2123 1926 2152 manifestum
1948 2122 2102 2160 laqueum
2127 2123 2256 2152 anima-

1287 2186 1372 2211 rum,
1388 2176 1538 2214 exigente
1551 2176 1695 2215 justitia,
1709 2175 1914 2209 relaxanius;
1933 2175 1977 2204 ita
1998 2179 2103 2204 tamen
2120 2179 2165 2209 ut,
2181 2183 2256 2204 cum

1287 2230 1327 2260 ab
1348 2229 1587 2268 inquisitorum
1611 2229 1777 2259 sententia
1793 2229 1827 2257 in
1850 2228 1941 2258 nullo
1958 2237 2094 2266 prorsus
2116 2228 2256 2258 articulo

1287 2292 1305 2312 a
1322 2282 1491 2312 canonicis
1512 2282 1615 2312 fuerit
1635 2281 1835 2320 appellatum
1862 2290 1922 2311 nec
1943 2281 1977 2309 in
1995 2280 2107 2319 aliquo
2125 2285 2256 2310 contra-

1287 2336 1427 2370 dictum,
1452 2335 1481 2365 si
1501 2335 1576 2373 quis
1598 2335 1633 2364 in
1659 2335 1807 2373 ipsorum
1831 2334 1998 2364 sententia
2022 2334 2140 2363 incidit
2164 2337 2195 2363 et
2218 2342 2255 2363 ex

1286 2389 1348 2418 1100
1369 2393 1480 2418 notam
1500 2387 1758 2425 irregularitatis
1781 2387 1933 2422 incurrit,
1955 2396 2012 2425 per
2033 2386 2256 2424 archiepisco-

1286 2451 1363 2480 pum
1377 2442 1471 2481 juxta
1486 2442 1627 2470 sormam
1644 2440 1790 2470 Ecclesie
1808 2441 1880 2470 sine
1898 2439 2089 2469 difficultate
2107 2438 2256 2477 ‹Jiialibet

1286 2494 1487 2529 absolvatur,
1507 2497 1536 2523 et
1560 2502 1658 2531 super
1675 2493 1788 2522 eadem
1806 2491 2051 2529 irregularitate
2071 2491 2255 2528 archiepis-

1287 2556 1386 2585 copus
1403 2546 1573 2576 licentiam
1589 2546 1708 2575 habeat
1720 2546 1914 2575 auctoritate
1928 2544 2106 2582 apostolica
2121 2543 2256 2582 provide

1288 2599 1515 2638 dispensandi.

1288 2665 1301 2679 ι)
1328 2654 1433 2691 Super
1450 2652 1526 2682 aliis
1541 2651 1706 2690 capitulis,
1726 2660 1789 2689 que
1806 2650 1840 2679 in
1856 2649 2052 2688 penitentiis
2073 2649 2142 2678 sive
2160 2648 2256 2686 penis

1288 2706 1475 2744 singulares
1492 2714 1650 2744 personas
1667 2704 1874 2741 contingunt,
1894 2707 1924 2733 01
1940 2712 2002 2741 quo
2022 2712 2079 2740 per
2094 2702 2255 2731 decanum

1285 2765 1317 2790 01
1342 2759 1524 2798 capitulum
1547 2768 1645 2797 super
1663 2757 1899 2787 canonicorum
1924 2756 2073 2785 vestibus
2098 2759 2127 2783 et
2151 2754 2255 2792 sigilli

1286 2813 1435 2842 custodia
1449 2822 1506 2842 seu
1519 2811 1594 2841 aliis
1608 2810 1762 2849 capitulis
1776 2809 1981 2847 disponenda
1995 2812 2184 2846 supersunt,
2199 2816 2256 2844 per

1289 2866 1389 2897 aliam
1412 2865 1556 2895 litteram
1574 2868 1732 2899 nostram,
1747 2863 1886 2892 Domino
1899 2861 2108 2894 concedente,
2123 2860 2255 2888 curabi-
