2498 3325
975 221 1205 258 DEUXIEME
1227 221 1387 258 ANNEE.
2172 234 2233 264 327

131 295 302 325 libertates
319 299 349 324 et
366 294 589 332 exemptiones
609 294 809 325 secularium
827 295 1034 324 exactionum
1051 303 1068 322 a
1086 303 1139 323 re-

131 349 227 386 gibus
253 352 283 377 ct
308 347 514 386 principibus
539 347 591 377 vel
615 347 689 377 aliis
716 347 869 377 fidelibus
894 347 1139 377 rationabiliter

130 401 224 430 vobis
241 400 398 435 indultas,
417 400 611 430 auctoritate
629 400 807 438 apostolica
825 401 1059 430 confirmamus
1077 405 1138 431 etc.

130 462 236 491 usque
255 463 261 481 :
280 453 535 482 communimus.
553 453 770 482 Decernimus
790 462 866 491 ergo
882 458 917 483 ut
935 453 1019 483 nulli
1035 471 1083 482 —.
1105 454 1139 484 Si

132 516 196 545 qua
215 506 317 543 igitur
336 524 385 534 —.
405 506 542 536 Cunctis
563 510 672 536 autem
690 525 740 535 —.
758 507 878 540 Amen,
898 516 1011 542 amen,
1030 516 1137 537 amen.

131 560 203 589 Dat.
223 560 378 588 Laterani
394 568 452 597 per
467 568 603 589 manum
619 559 789 589 Guillelmi
809 560 960 597 magistri
976 560 1140 589 scolarum

133 612 341 647 Parmensis,
369 616 481 641 sancte
508 613 656 642 Romane
683 612 828 641 Ecclesie
854 612 1138 647 ricecancellarii,

130 664 364 695 VIIkalendas
377 665 549 699 februarii,
568 665 749 695 indictione
768 666 880 699 XIIII,
897 665 1139 695 incarnationis

132 717 296 747 dominice
333 726 419 747 anno
449 718 629 753 31⁰CC0LV,
660 718 871 756 pontificatus
905 727 981 748 vero
1015 719 1141 748 domini

131 770 311 800 Alexandri
327 780 408 808 pape
426 771 495 800 IIII
511 780 597 800 anno
613 771 768 800 secundo.
789 783 801 797 n

205 968 324 997 ¹030

165 1029 256 1056 Priori
273 1030 398 1063 generali
418 1033 446 1056 et
467 1030 610 1064 prloribus
628 1030 850 1064 provincialibus
868 1031 985 1057 fratrum
1005 1031 1139 1058 Heremi-

127 1082 220 1105 tarum
238 1078 271 1104 de
288 1078 383 1104 Monte
401 1077 522 1104 Carmeli
538 1078 682 1112 indulget,
701 1082 731 1105 ut
757 1079 784 1104 111
808 1079 939 1105 ecclesiis
955 1083 982 1105 et
1003 1079 1138 1106 domibus

126 1127 237 1154 ordinis
253 1135 318 1153 cum
336 1127 423 1153 libero
438 1127 572 1160 ingressu
589 1131 617 1153 et
633 1127 710 1153 exitu
725 1127 898 1154 visitationis
909 1130 936 1153 et
947 1128 1137 1154 correctionis

126 1176 251 1202 officium
275 1183 423 1206 exercere,
442 1179 552 1201 mutare
573 1176 675 1202 fratres
697 1183 730 1201 ac
754 1176 881 1210 recipere
903 1176 1027 1202 novitios
1050 1176 1137 1202 libere

127 1224 254 1256 valeant,
280 1224 405 1257 alicujus
432 1223 660 1250 contradictione
690 1223 877 1250 irrationabili
908 1231 963 1250 non
993 1224 1136 1250 obstante.

125 1271 211 1305 (Rau.
226 1272 270 1305 Ἡ,
286 1272 392 1303 1.131ν,
408 1280 473 1298 ann.
489 1272 526 1303 II,
544 1280 570 1299 0.
587 1273 648 1305 75v;
673 1272 818 1298 Porrmsr
836 1272 942 1306 16190.)

680 968 794 1002 Latmo,
813 969 844 995 15
858 970 970 1003 janvier
987 969 1065 997 1256.

171 1399 183 1413 κ
207 1410 244 1421 ..,
265 1388 417 1424 qenerali,
439 1392 464 1416 et
483 1388 728 1424 provincialibus
749 1388 908 1425 prioribus
930 1387 1049 1416 ordinis
1069 1388 1137 1423 sra-

129 1446 211 1470 trum
237 1441 462 1469 Heremilarum
486 1441 520 1469 de
540 1441 637 1470 Monte
657 1441 800 1470 Carmeli.
823 1440 1008 1478 Religionis
1029 1444 1137 1470 vestre

128 1497 275 1523 meretur
291 1511 340 1522 —.
361 1494 435 1523 Dat.
458 1493 630 1529 Laterani,
647 1494 763 1524 XVIII
781 1493 941 1523 kalendas
962 1493 1135 1527 februarii,

129 1554 217 1575 anno
234 1546 389 1576 secundo.
409 1558 422 1573 »

203 1738 316 1766 1091

162 1799 277 1826 Eisdem
296 1800 383 1833 priori
399 1799 524 1833 generali
539 1802 567 1825 et
582 1799 718 1826 fratribus
736 1799 948 1834 Hei-emitarum
961 1800 1071 1827 ordinis
1087 1801 1137 1827 de-

124 1848 327 1881 clarationem,
342 1848 550 1874 correctionem
567 1855 600 1873 ac
622 1848 829 1881 mitigationem
846 1849 960 1883 regulae
977 1849 1011 1875 ab
1029 1849 1082 1881 H„
1101 1850 1137 1875 ti-

125 1896 178 1923 tuti
208 1896 238 1923 S.
268 1896 390 1922 Sabinae
420 1896 588 1931 presbytero
618 1896 775 1928 cardinale,
802 1901 830 1923 et
858 1896 892 1923 G.
904 1919 910 1931 ,
942 1897 1136 1924 Anteradensi

126 1945 274 1980 0111500110,
290 1945 379 1971 factas
397 1944 498 1979 (Lyon,
510 1944 543 1971 28
559 1946 626 1971 aout
646 1945 721 1977 1243)
733 1948 760 1971 et
776 1945 810 1971 ab
826 1945 995 1972 Innocentio
1012 1945 1052 1971 lV
1065 1954 1135 1972 0011-

706 1737 818 1772 Latran,
835 1738 849 1765 3
865 1738 968 1764 sevi-ier
988 1739 1064 1766 1256.

125 1994 254 2020 firmatas
270 1993 370 2028 (Lyon,
392 1994 428 2019 ier
443 1993 559 2020 octobre
577 1994 654 2027 1248)
663 1994 857 2027 confirmatas,
875 1995 1035 2027 confirmat,
1052 1999 1136 2021 teno—

126 2051 187 2069 rem
209 2043 366 2069 litterarum
391 2042 601 2077 praedictarum
623 2047 707 2077 prout
727 2043 755 2069 iu
778 2047 892 2077 regesto
912 2043 1073 2071 Innocentii
1094 2044 1136 2070 IV

126 2092 311 2118 continentur
327 2091 489 2117 inserendo.
509 2091 592 2125 (Hm.
614 2091 657 2122 ς24,
676 2091 694 2117 f.
713 2092 785 2123 134',
803 2101 869 2118 ann.
887 2091 924 2124 ΙΙ,
942 2101 967 2119 c.
980 2093 1042 2124 75²;
1062 2092 1135 2119 Por-

126 2148 213 2167 ·fflasr
233 2140 338 2173 16225.)

169 2268 182 2281 α
209 2278 243 2292 ..,
262 2256 365 2292 priori
383 2255 531 2292 gloriandi,
555 2260 580 2284 et
597 2255 748 2291 fratribus
768 2255 887 2284 ordinis
905 2257 1134 2285 Heremitarum

127 2308 161 2337 de
175 2309 271 2337 Monte
288 2308 431 2337 Carmeli.
449 2307 532 2338 Cum
545 2316 561 2336 a
574 2307 669 2337 nobis
682 2324 730 2336 —.
743 2308 816 2338 Dat.
832 2308 999 2343 Laterani,
1014 2309 1063 2338 III
1076 2317 1135 2337 no-

127 2369 187 2391 nas
204 2360 377 2396 februarii,
396 2370 482 2390 anno
499 2360 655 2390 secundo.
676 2373 688 2386 ›>

201 2552 315 2580 1092

163 2613 308 2648 Episcopo
322 2613 458 2639 Trecensi
475 2612 629 2639 committit
644 2613 815 2639 revisionem
833 2614 933 2639 statuti
948 2613 1135 2640 monasterio-

128 2670 192 2689 rum
213 2670 237 2688 s.
256 2661 328 2696 Lupi
344 2666 372 2688 et
387 2661 607 2687 Cantumerulac
631 2660 665 2686 dc
690 2660 804 2687 duobus
826 2661 961 2688 fratribus
982 2662 1009 2687 in
1037 2670 1134 2687 mona·

129 2710 193 2737 chis
209 2709 391 2744 recipiendis.
409 2709 492 2741 (nm,
510 2708 553 2742 ⁶24,
576 2709 593 2734 f.
614 2709 672 2740 135,
690 2717 756 2735 ann.
773 2708 810 2740 ΙΙ,
826 2716 852 2735 0.
870 2709 913 2736 76.

674 2550 791 2585 Latran,
808 2552 838 2578 17
854 2551 967 2585 janvier
985 2551 1062 2579 1256.

173 2836 186 2852 ιι
209 2847 242 2858 ..,
266 2825 398 2862 episcopo
421 2824 569 2853 Trecensi.
587 2822 707 2852 Dileeti
723 2822 783 2852 filii
860 2823 898 2853 de
915 2827 1028 2853 sancto
1046 2824 1137 2861 Lupo

126 2877 305 2908 'Trecensis
327 2881 357 2907 et
380 2877 418 2907 de
443 2875 680 2907 Cantumerula
703 2876 876 2906 Trecensis
902 2876 1044 2906 diocesis
1067 2885 1138 2906 mo-

1224 295 1446 325 nasteriorum
1472 296 1624 332 abbates,
1651 302 1681 327 et
1707 307 1820 327 eorum
1845 303 2025 329 conventus
2052 308 2111 329 sua
2134 300 2230 330 nobis

1223 347 1382 385 petitione
1396 354 1607 380 monuerunt.
1620 350 1706 388 quod
1720 350 1783 388 ipsi
1794 350 1872 379 olim
1883 355 2069 381 statuerunt
2080 361 2115 381 ac
2129 353 2229 382 etiam

1221 400 1409 438 juramento
1432 402 1603 431 firmarunt
1627 412 1660 431 se
1679 403 1760 432 duos
1780 412 1953 441 germanos
1973 413 2029 434 seu
2049 405 2130 434 duos
2152 414 2231 435 con-

1225 453 1426 490 sanguineos
1456 459 1511 483 aut
1541 455 1622 484 duos
1649 455 1783 485 claudos
1813 456 1847 484 in
1878 465 1990 486 eorum
2018 458 2231 488 monasteriis

1226 505 1416 535 nullatenus
1433 511 1633 544 recepturos.
1649 508 1756 543 Quare
1773 508 1835 536 fuit
1852 517 1889 537 ex
1905 513 1995 546 parte
2012 509 2159 547 ipsorum
2175 520 2231 540 no-

1224 557 1275 586 bis
1301 558 1474 588 humiliter
1500 559 1731 597 supplicatum,
1757 564 1802 593 ut,
1828 569 1900 589 cum
1924 561 1957 589 id
1982 561 2015 590 in
2039 563 2230 592 eorumdem

1225 611 1502 640 monasteriorum
1519 612 1754 641 detrimentum
1769 621 1834 641 non
1848 613 2012 642 modicum
2030 624 2163 652 vergere
2183 615 2229 644 di-

1226 667 1391 697 noscatur,
1407 672 1505 701 super
1521 663 1581 693 hoc
1598 664 1755 693 adhibere
1772 673 1954 702 congruum
1970 667 2152 696 remedium
2166 667 2230 696 1111-

1225 714 1651 745 sericorditer‘curaremus.
1668 716 1828 745 Gerentes
1841 717 1951 755 itaque
1964 718 2001 747 de
2014 719 2230 757 circumspec-

1224 767 1314 796 tione
1337 771 1391 797 tua
1414 768 1568 797 fiduciam
1592 769 1626 797 in
1649 769 1789 798 Domino
1810 769 2004 807 pleniorem,
2024 772 2230 808 presentium

1225 820 1285 849 tibi
1308 820 1503 850 auctoritate
1523 821 1748 856 concedimus,
1772 825 1807 850 ut
1830 831 1928 859 super
1953 822 2014 851 hoc
2035 824 2230 854 auctoritate

1224 877 1334 901 nostra
1353 872 1508 910 disponas
1527 878 1558 902 ct
1573 874 1717 909 ordines,
1738 878 1833 911 prout
1850 874 1990 903 utilitati
2007 875 2230 913 predictorum

1222 925 1501 954 monasteriorum
1511 926 1633 955 videris
1644 926 1807 964 expedire.
1819 928 1891 956 Dat.
1906 928 2071 964 Laterani,
2086 929 2163 958 XVI
2175 928 2230 958 lia-

1222 976 1337 1007 lendas
1353 978 1526 1012 sebi-uarii,
1546 987 1632 1008 anno
1649 979 1804 1008 secundo.
1826 991 1837 1005 n

1298 1188 1416 1215 1093

1256 1249 1369 1283 Iringo,
1395 1250 1531 1284 episcopo
1556 1250 1774 1285 Herbipolenffl,
1799 1251 1956 1285 significat,
1983 1253 2057 1278 inter
2081 1253 2176 1286 ipsum
2201 1257 2230 1279 et

1772 1183 1885 1221 Latran,
1903 1190 1936 1217 ‘23
1950 1191 2063 1224 janvier
2082 1191 2157 1218 1256.

1220 1297 1378 1324 Heni-icum
1396 1297 1438 1328 Il,
1455 1298 1577 1324 electum
1596 1298 1778 1333 Spirensem,
1795 1308 1882 1334 super
1897 1301 2063 1334 episcopatu
2088 1301 2230 1336 Herbipo—

1219 1347 1293 1373 lensi
1314 1347 1484 1381 quaestione
1500 1350 1575 1380 orta,
1591 1346 1702 1381 judicio
1719 1347 1804 1374 trium
1826 1348 2012 1375 cardinalium
2029 1350 2228 1384 episcopatum

1220 1395 1342 1421 eundem
1375 1395 1429 1430 ipsi
1459 1395 1654 1430 adjudicatum
1685 1404 1765 1428 esse,
1796 1405 1918 1430 quorum
1952 1399 2123 1424 sententiam
2152 1407 2228 1425 anno

1220 1444 1376 1476 MCCLVI,
1391 1446 1516 1478 januarii
1533 1445 1573 1470 IV
1590 1445 1684 1479 latam,
1701 1446 1796 1472 refert.
1818 1445 1898 1477 (Hm.
1914 1446 1958 1479 ⁶24,
1976 1446 1994 1472 f.
2014 1447 2086 1478 135¹,
2103 1456 2169 1473 ann.
2187 1447 2226 1480 II,

1219 1502 1244 1520 0.
1263 1494 1313 1524 77;
1333 1493 1512 1525 Ronmnssno,
1532 1497 1553 1521 t.
1570 1493 1625 1525 ΙΙΙ,
1646 1500 1674 1520 n⁰
1691 1494 1762 1525 4⁶25.)

1263 1621 1275 1635 α
1297 1631 1331 1644 ..,
1350 1610 1483 1646 episcopo
1504 1610 1722 1646 Her-bipolensi.
1750 1609 1834 1639 Cum
1862 1619 1880 1639 a
1904 1610 1998 1640 nobis
2021 1611 2145 1648 petitur
2164 1614 2225 1640 etc.

1219 1670 1325 1699 usque
1346 1671 1352 1690 :
1371 1661 1534 1691 effectum.
1558 1662 1643 1691 Sane
1659 1661 1753 1691 nobis
1770 1671 1931 1699 exponere
1943 1663 2112 1698 curavisti,
2127 1663 2225 1702 quod,

1220 1718 1291 1743 orta
1312 1713 1390 1742 olim
1411 1713 1498 1743 inter
1524 1717 1553 1743 te
1577 1718 1608 1743 et
1631 1713 1787 1743 dilectum
1812 1714 1918 1744 filium
1934 1738 1970 1749 ..,
1989 1715 2130 1745 electum
2153 1716 2229 1754 Spi-

1219 1776 1362 1801 rensem,
1382 1770 1449 1796 tam
1465 1776 1564 1804 super
1581 1767 1771 1805 episcopatu
1788 1768 2036 1806 Herbipolensi‚
2056 1778 2154 1807 quam
2171 1778 2228 1799 su-

1218 1828 1276 1857 per
1295 1819 1464 1857 dampnis,
1492 1819 1626 1858 injuriis
1646 1824 1676 1849 et
1699 1820 1797 1849 rebus
1816 1820 1892 1850 aliis
1915 1830 2025 1850 coram
2044 1821 2228 1851 venerabili

1217 1871 1313 1900 fratri
1335 1876 1447 1901 nostro
1466 1895 1502 1907 ..,
1524 1872 1675 1910 episcopo
1692 1873 1904 1905 Prenestino,
1921 1874 2072 1912 partibus
2091 1884 2109 1904 a
2132 1875 2228 1904 nobis

1218 1924 1367 1954 auditore
1385 1933 1552 1960 concesso,
1572 1926 1711 1955 materia
1726 1926 1923 1964 questionis,
1942 1927 2074 1969 tandem
2090 1937 2161 1963 nos,
2179 1928 2228 1957 in-

1217 1976 1457 2015 tellectotquod
1474 1977 1727 2015 Herbipolensis
1753 1978 1907 2013 ecclesia,
1926 1979 2098 2009 occasione
2115 1979 2228 2019 hujus-

1218 2030 1306 2059 modi
1323 2030 1497 2065 discordie,
1517 2030 1747 2068 multipliciter
1760 2031 1794 2059 in
1809 2031 2041 2069 spiritualibus
2058 2037 2088 2061 et
2108 2036 2232 2071 tempo-

1217 2082 1345 2112 ralibus
1368 2082 1551 2117 laberetur,
1575 2092 1611 2112 ac
1630 2083 1784 2113 timentes
1808 2093 1879 2114 eam
1903 2084 1942 2113 ad
1963 2085 2229 2122 exina[ni]tionis

1218 2139 1361 2165 extreme
1377 2135 1578 2173 profundum
1595 2136 1813 2165 diuturnitate
1830 2136 1931 2174 litigii
1945 2137 2111 2172 devenire,
2129 2138 2227 2168 dilec-

1218 2188 1260 2218 tis
1287 2188 1367 2217 filiis
1393 2188 1515 2217 nostris
1542 2189 1582 2217 H.
1615 2188 1703 2217 tituli
1730 2189 1848 2218 Sancte
1877 2189 1998 2219 Sabine
2025 2190 2224 2228 presbitero,

1217 2242 1257 2271 R.
1278 2241 1390 2271 Sancti
1416 2241 1535 2278 ΑΗΕ-011
1560 2245 1590 2271 et
1615 2242 1647 2271 P.
1672 2242 1784 2271 Sancti
1810 2242 1944 2280 Georgii
1964 2243 2003 2272 ad
2019 2243 2138 2273 Velum
2160 2244 2229 2273 Α11-

1216 2303 1311 2323 reum
1327 2294 1475 2323 diaconis
1495 2293 1721 2323 cardinalibus
1738 2294 1813 2324 viva
1832 2304 1908 2324 voce
1931 2296 2122 2325 summatim
2140 2296 2230 2325 ordi-

1218 2346 1334 2381 nandi,
1365 2346 1562 2384 disponendi
1590 2346 1628 2376 de
1659 2347 1834 2385 questione
1862 2347 2068 2386 hujusmodi,
2099 2357 2228 2378 necnon

1217 2399 1384 2437 dampnis,
1408 2399 1576 2437 expensis,
1597 2399 1732 2438 injuriis
1752 2409 1788 2429 ac
1807 2400 1961 2430 omnibus
1980 2400 2055 2431 aliis
2080 2402 2230 2440 questio-

1218 2461 1291 2481 nem
1311 2452 1447 2481 eandem
1462 2452 1732 2490 contingentibus
1747 2457 1778 2482 et
1793 2462 1856 2491 que
1872 2453 2063 2491 contingere
2080 2457 2226 2492 possent,

1216 2505 1348 2543 plenam
1374 2505 1575 2535 contulimus
1600 2509 1807 2543 potestatem.
1829 2506 1907 2542 Qui,
1929 2506 2027 2541 visis,
2052 2507 2175 2536 auditis
2196 2510 2229 2536 et

1217 2557 1407 2592 intellectis,
1426 2566 1489 2595 quc
1509 2562 1574 2586 tam
1592 2562 1624 2587 tu
1645 2567 1702 2595 pro
1718 2562 1747 2587 te
1766 2567 1865 2596 quam
1882 2558 2040 2596 magister
2055 2559 2226 2593 Ditlierus,

1217 2615 1409 2649 procurator
1426 2610 1531 2648 ipsius
1548 2610 1644 2640 electi
1662 2611 1732 2649 ejus
1747 2611 1892 2647 nomine,
1912 2611 1946 2640 in
1964 2612 2141 2641 eorundem
2161 2621 2229 2641 car-

1218 2662 1379 2692 dinalium
1397 2663 1569 2692 constituti
1587 2663 1764 2701 presentia,
1783 2672 1892 2692 coram
1910 2663 1958 2693 eis
1974 2673 2154 2701 proponere
2172 2672 2230 2693 vo-

1217 2715 1340 2750 luistis,
1359 2715 1419 2745 Dei
1436 2716 1568 2745 nomine
1583 2716 1746 2751 invocato,
1766 2716 1960 2751 ordinando,
1979 2717 2230 2754 pronunciando

1219 2773 1250 2798 et
1269 2768 1513 2798 sententialiter
1529 2769 1737 2799 declarando.
1756 2769 1817 2798 tibi
1840 2769 1981 2799 eundem
2003 2769 2227 2807 episcopatum

1219 2820 1508 2859 Herbipollensem
1538 2821 1726 2860 adjudicare
1757 2826 1932 2856 curarunt,
1966 2821 2092 2859 prefato
2125 2821 2229 2851 electo

1220 2873 1371 2911 Spirensi
1394 2882 1493 2911 super
1520 2873 1591 2912 ipso
1617 2873 1807 2911 episcopatu
1835 2877 2030 2912 perpetuum
2056 2873 2229 2903 silentium
