2498 3325
250 268 306 299 330
975 270 999 299 R
1006 268 1212 298 EGISTRES
1235 267 1541 298 D‘ALEXANDRE
1566 269 1618 299 IV.

285 335 315 361 In
328 343 353 361 e.
366 343 403 361 m.
415 334 506 360 eidem
520 342 612 368 usque
626 346 630 360 :
644 334 677 359 ad
691 338 823 360 mutuum
837 339 952 369 propter
965 335 1018 360 boc
1032 342 1122 368 usque
1133 334 1167 360 ad
1179 342 1255 360 sum-

250 392 322 410 mam
342 383 367 409 X
384 383 492 409 milium
512 382 705 409 Bisautiorum
729 392 880 410 aureorum
901 383 1124 410 Sarracenorum
1141 383 1174 409 ad
1193 390 1257 408 rec-

248 436 308 458 tum
326 432 437 466 pondus
455 433 552 458 Accou
569 433 682 458 nomine
693 432 925 458 ‹lerosolimitane
937 433 1059 459 ecclesie
1071 436 1099 457 et
1111 431 1256 465 obligandi

247 481 437 507 creditoribus
455 489 546 515 usque
566 480 600 506 ad
624 489 765 507 summam
791 480 958 515 hujusmodi
974 484 1001 507 te
1017 485 1045 506 et
1068 488 1258 507 successores

248 533 322 560 tuos,
341 529 493 555 ecclesiam
510 528 772 555 Jerosolimitanam
791 533 845 555 ete.
864 537 956 563 usque
972 530 998 555 in
1017 529 1112 556 finem.

321 702 436 732 ¹⁰9¹?

285 765 422 800 Magistro
440 765 562 792 Radult'o
578 765 613 791 de
634 765 779 797 Vailbaco,
796 765 1000 792 archidiacono
1016 765 1050 791 de
1070 764 1193 797 Virtuto,
1210 774 1259 792 ca-

250 814 352 840 nonico
368 813 582 843 catalaunensi,
602 813 741 847 indulget,
761 817 790 839 ut
808 814 978 840 tractatibus
993 814 1109 848 capituli
1126 813 1258 840 Catalau-

249 862 348 889 neusis
360 862 537 895 admittatur,
556 870 610 888 non
628 862 760 888 obstante
776 863 851 897 quod
870 862 1059 897 praebendam
1072 871 1127 889 non
1145 863 1258 890 babeat.

252 910 332 941 (uso.
349 910 394 941 ⁴2²,
413 910 430 936 s.
450 911 510 944 136,
527 918 592 936 ann.
612 910 647 942 ll,
665 919 691 937 c.
709 910 766 942 81.)

821 703 933 736 Latran,
951 704 966 729 5
977 703 1091 737 janvicr
1109 702 1184 730 1256.

291 1023 304 1038 «
322 1012 465 1048 Mayistro
481 1012 609 1048 liudulfo
626 1013 659 1041 de
679 1013 834 1044 t'ailbaeo,
853 1013 1072 1042 archidiacono
1088 1013 1121 1041 ‹Ie
1144 1014 1260 1042 l'irtuto

248 1065 283 1093 in
303 1065 425 1093 ecelesia
449 1065 681 1099 Calhaloneusi,
709 1066 866 1102 capellano
888 1071 1000 1094 nostro.
1028 1066 1139 1100 Licet,
1164 1071 1260 1104 prout

250 1116 448 1154 accepimus,
469 1121 502 1146 tu
519 1117 558 1147 de
573 1118 727 1147 mandato
746 1118 925 1156 apostolico
937 1119 971 1147 in
988 1118 1126 1148 ecclesia
1141 1119 1259 1150 Catha-

250 1169 405 1199 lauuensi
425 1170 570 1199 existens
594 1170 848 1201 archidiaconus
867 1172 901 1200 in
924 1180 961 1201 ea
983 1176 1134 1210 receptus
1158 1172 1204 1202 sis
1223 1172 1258 1201 in

250 1222 446 1251 canonicum
473 1226 503 1251 et
529 1222 562 1251 in
589 1223 742 1256 fratrem,
773 1224 954 1261 capitulum
979 1228 1087 1254 tamen
1111 1224 1258 1263 ejusdem

251 1274 390 1304 ecclesie
408 1278 438 1304 te
456 1275 494 1304 ad
512 1284 704 1305 comumnes
723 1280 880 1305 tractatus
897 1277 1014 1314 ipsius,
1032 1286 1068 1307 ea
1086 1278 1259 1308 occasione

250 1327 418 1357 dumtaxat
444 1327 531 1365 quod
556 1327 661 1357 adhuc
686 1328 809 1357 ibidem
830 1328 997 1366 prebenda
1020 1338 1085 1359 non
1106 1329 1255 1365 obtines,

249 1385 398 1418 pretextu
417 1381 588 1420 cujusdam
606 1381 858 1411 consuetudinis
875 1392 932 1420 per
948 1392 1047 1421 quam
1060 1388 1211 1421 receptus
1223 1384 1257 1413 in

250 1434 445 1463 canonicum
465 1434 571 1471 ipsius
595 1434 733 1464 ecclesie
756 1444 774 1464 a
793 1435 966 1473 premissis
987 1436 1172 1466 excluditur
1192 1436 1259 1466 nisi

250 1486 450 1524 prebendam
469 1486 605 1522 habeat,
629 1496 694 1517 non
716 1487 871 1517 admittit.
886 1489 1028 1524 Verum,
1047 1490 1126 1528 quia
1141 1489 1258 1520 incon-

250 1539 388 1569 veniens
403 1543 451 1569 est
469 1544 510 1574 te,
527 1539 583 1578 qui
601 1540 639 1569 de
656 1540 838 1579 majoribus
855 1541 1012 1572 membris
1029 1542 1136 1580 ipsius
1154 1543 1258 1573 eccle-

250 1592 298 1622 sie
319 1593 388 1622 sore
409 1592 609 1627 dinosceris,
633 1593 673 1622 ad
695 1594 864 1624 tractanda
879 1596 1034 1634 precipue
1057 1596 1091 1625 in
1115 1597 1258 1635 capitulo

250 1645 398 1684 ejusdem
425 1645 564 1676 ecclesie
593 1647 731 1684 negocia
759 1656 823 1677 non
850 1648 994 1682 admitti,
1019 1649 1160 1679 maxime
1184 1659 1258 1679 cum

249 1702 381 1736 propter
397 1699 623 1729 maturitatem
637 1699 768 1729 consilii
786 1704 815 1729 et
832 1701 954 1730 donum
970 1702 1121 1737 scientie,
1137 1703 1259 1741 quibus

252 1760 309 1789 per
332 1751 392 1781 Dei
414 1752 553 1788 gratiam
579 1752 701 1790 pollere
725 1752 862 1788 diceris,
890 1758 945 1783 tua
968 1755 1135 1792 presentia
1156 1756 1261 1794 possit

250 1812 322 1833 esse
344 1804 407 1842 ipsi
430 1804 569 1834 ecclesie
592 1805 627 1834 in
651 1805 773 1835 talibus
798 1815 862 1835 non
888 1807 1054 1837 modicum
1077 1808 1257 1844 fructuosa,

250 1858 455 1895 presentium
476 1858 535 1887 tibi
559 1859 755 1888 auctoritate
780 1860 1010 1896 concedimus,
1035 1866 1086 1895 ut,
1114 1871 1179 1891 non
1201 1862 1259 1892 ob-

251 1914 358 1940 stante
376 1910 567 1949 hujusmodi
583 1911 689 1949 ipsius
713 1911 851 1941 ecclesie
868 1913 1108 1944 consuetudine
1126 1914 1175 1944 vel
1192 1919 1259 1944 sta-

251 1967 330 1997 tuto,
345 1963 546 2002 juramento,
565 1972 624 1993 seu
635 1964 886 1995 confirmatione
902 1966 997 1996 Sedis
1014 1967 1191 2005 apostolice
1208 1968 1259 1998 vel

250 2025 458 2054 quacumque
476 2016 541 2046 alia
560 2017 716 2047 firmitate
733 2018 880 2051 vallatis,
902 2018 1093 2058 hujusmodi
1111 2021 1260 2050 tractati-

251 2068 311 2098 bus
326 2069 433 2106 ipsius
448 2069 584 2107 capituli
599 2070 753 2108 quotiens
767 2075 965 2109 oportunum
979 2072 1080 2102 suerit
1096 2072 1259 2104 interesse

250 2121 353 2151 libere
367 2121 478 2151 valeas
493 2126 523 2151 et
538 2122 578 2152 ad
592 2122 635 2154 id,
653 2132 843 2162 quanquam
860 2124 983 2154 ibidem
998 2125 1105 2155 adhuc
1118 2126 1259 2164 preben-

250 2174 325 2203 dam
342 2182 406 2203 non
426 2174 564 2209 habeas,
586 2175 784 2205 admittaris.
807 2176 971 2207 Nolumus
990 2182 1099 2208 tamen
1122 2188 1180 2216 per
1197 2179 1259 2209 hoc

250 2226 441 2265 hujusmodi
457 2228 691 2257 consuetudini
709 2228 760 2258 vel
782 2233 904 2259 statuto
924 2230 958 2259 in
980 2235 1148 2268 posterum
1165 2231 1259 2262 dero-

251 2279 330 2316 gari.
358 2279 450 2309 Nulli
477 2284 535 2310 etc.
565 2281 638 2310 Dat.
662 2281 836 2316 Laterani,
865 2282 962 2312 nonis
981 2283 1146 2322 januarii,
1172 2292 1259 2314 anno

251 2332 408 2362 secundo.
429 2344 440 2357 n

324 2510 438 2538 1098

286 2572 392 2598 Abbati
409 2575 436 2598 et
451 2573 606 2598 conventui
624 2571 874 2604 Cluuiacensibus,
887 2575 994 2609 quibus
1007 2575 1156 2611 Philippus
1167 2586 1259 2612 quon-

251 2620 314 2646 dam
337 2628 385 2646 rex
407 2618 584 2646 Francorum
604 2620 697 2646 locum
715 2621 763 2654 qui
780 2626 897 2648 vocatur
913 2630 938 2648 s.
955 2623 1070 2650 Martini
1085 2625 1120 2651 ad
1135 2625 1259 2661 Campos

252 2667 426 2694 Parisiensis
442 2668 559 2694 donavit
575 2668 649 2694 hanc
662 2668 843 2695 donationem
859 2671 1020 2704 confirmat,
1037 2677 1127 2700 actam
1145 2674 1259 2709 publice

251 2716 324 2750 apud
343 2720 474 2742 sanctum
492 2715 680 2742 Benedictum
699 2716 733 2742 de
757 2716 899 2752 Floriaco‚
920 2728 995 2746 anuo
1016 2721 1154 2748 incarnati
1172 2722 1259 2750 Verbi

252 2764 450 2795 M0LXXIX0,
465 2773 539 2790 auno
556 2765 636 2799 regni
653 2764 738 2791 XIX.
754 2766 836 2799 (Heu.
849 2767 893 2794 ⁵24,
911 2768 928 2794 f.
949 2768 1010 2803 2136,
1026 2778 1091 2796 anu.
1110 2770 1146 2802 11,
1166 2780 1191 2799 c.
1208 2772 1258 2801 823

252 2812 398 2839 Porrmsr
418 2813 523 2846 143‘203.)

797 2511 913 2544 Latran,
931 2512 960 2539 ‘21
979 2514 1091 2548 janvicr
1110 2515 1186 2543 1256.

294 2926 306 2939 (ι
388 2915 505 2950 abbati,
529 2921 553 2943 el
574 2918 738 2945 couventui
758 2917 1020 2947 cluniacensibus.
1042 2920 1260 2957 Exigentibus

1339 338 1446 363 vestre
1463 334 1648 365 devotionis
1668 336 1809 371 meritis,
1830 336 1914 366 votis
1932 337 2050 366 vestris
2069 336 2212 366 libenter
2227 337 2348 366 annui-

1340 396 1413 416 mus
1430 391 1460 416 et
1477 387 1653 425 petitiones
1675 393 1801 418 vestras
1817 394 1978 428 quantuni
1995 398 2069 419 cum
2088 390 2155 419 Deo
2171 398 2348 428 possumus

1339 439 1568 470 favorabiliter
1596 441 1802 471 exaudimus.
1831 442 1914 472 Cum
1938 442 2051 479 igitur.
2082 442 2167 472 sicut
2192 452 2229 472 ex
2257 447 2348 481 parte

1339 496 1449 521 vestra
1475 492 1537 521 suit
1562 493 1766 531 propositum
1789 503 1899 523 coram
1931 494 2044 529 nobis,
2076 494 2162 524 clare
2191 495 2348 526 memorie

1341 544 1526 584 Phylippus
1557 556 1612 575 rex
1645 547 1846 577 Francorum
1874 547 1982 577 locum
2007 548 2065 586 qui
2093 548 2214 578 dieitur
2242 548 2350 579 sancti

1341 598 1477 627 Martini
1499 598 1538 627 ad
1560 598 1700 637 Campos
1724 600 1943 635 Parisiensis⁷
1967 610 2065 639 quem
2087 600 2174 631 clare
2190 601 2349 632 memorie

1340 651 1507 680 Hem-icus
1523 656 1616 689 pater
1632 652 1703 691 ejus
1719 652 1927 688 fundaverat,
1946 654 2148 683 monasterio
2164 658 2274 684 vestro
2291 663 2349 693 pro

1340 711 1476 732 suorum
1493 707 1524 732 et
1541 704 1789 741 progenitorum
1810 705 1881 744 ejus
1904 710 2112 743 peccatorum
2132 706 2279 736 remedio
2294 706 2349 745 pia

1340 755 1541 786 liberalitate
1557 757 1758 786 concesserit
1775 761 1805 787 et
1820 757 1961 792 donarit,
1977 762 2073 796 prout
2086 758 2120 788 in
2134 757 2256 789 litteris
2271 758 2349 789 inde

1340 808 1500 838 consectis
1518 808 1623 846 ipsius
1647 814 1676 839 et
1699 810 1916 848 quorumdam
1937 809 2078 840 aliorum
2095 810 2351 850 subscriptioni-

1340 861 1402 890 bus
1425 861 1563 900 ejusque
1591 861 1702 899 sigillo
1725 863 1864 892 munitis
1890 862 2021 901 plenius
2045 863 2244 899 continetur,
2270 872 2346 899 nos,

1342 913 1461 943 vestris
1478 913 1778 952 supplicationibus
1796 915 1960 951 inclinati,
1979 916 2228 946 concessionem
2247 920 2277 946 et
2292 916 2351 946 do-

1342 966 1510 996 nationem
1527 966 1719 1005 hujusmodi
1733 972 1821 999 ratas
1836 972 1866 998 et
1881 973 1991 1005 gratas
2005 968 2176 1004 habentes,
2191 977 2227 998 ac
2240 968 2351 1000 defec-

1343 1022 1428 1054 tum,
1450 1020 1477 1049 si
1496 1020 1570 1058 quis
1588 1030 1625 1050 ex
1644 1030 1852 1060 quacumque
1870 1031 1968 1051 causa
1986 1021 2037 1051 vel
2053 1022 2234 1052 omissione
2250 1022 2284 1052 in
2301 1023 2350 1053 eis

1342 1072 1460 1106 extitit.
1477 1072 1668 1111 supplentes
1685 1073 1723 1103 de
1740 1074 1948 1112 plenitudine
1964 1075 2148 1113 potestatis,
2166 1075 2256 1112 ipsas
2273 1083 2351 1105 auc-

1341 1125 1472 1155 toritate
1492 1126 1670 1164 apostolica
1689 1127 1923 1156 confirmamus
1940 1132 2000 1157 etc.
2018 1136 2124 1166 usque
2141 1137 2147 1156 :
2166 1127 2352 1158 communi-

1342 1187 1426 1208 mus.
1446 1178 1645 1208 Litterarum
1662 1179 1809 1217 ipsarum
1828 1184 1974 1209 tenorem
1991 1180 2030 1210 de
2047 1180 2147 1210 verbo
2163 1180 2202 1210 ad
2214 1180 2352 1211 verbum

1340 1231 1552 1269 presentibus
1571 1231 1675 1261 inseri
1691 1232 1864 1267 facientes,
1883 1232 1940 1270 qui
1958 1232 2033 1262 talis
2050 1237 2098 1262 est
2117 1243 2123 1262 :

1807 1324 2182 1352 saint-Bonoit-sur-Loire
2202 1325 2278 1370 1979.

1383 1398 1396 1413 α
1417 1387 1456 1416 In
1475 1386 1609 1416 nomine
1628 1390 1740 1416 sancte
1757 1390 1787 1415 et
1801 1386 1972 1417 individue
1988 1387 2174 1421 Trinitatis,
2194 1388 2303 1418 Patris
2319 1392 2350 1418 et

1343 1452 1356 1465 n
1382 1444 1412 1469 et
1440 1439 1517 1469 Filii
1543 1444 1574 1469 et
1598 1439 1743 1477 Spiritus
1768 1439 1886 1469 sancti.
1916 1440 2076 1470 Noverint
2100 1440 2211 1470 cuncti
2235 1439 2350 1471 fideles

1343 1503 1356 1518 »
1382 1496 1494 1522 sancte
1511 1492 1571 1522 Dei
1589 1491 1735 1522 Ecclesie
1752 1492 1839 1530 quod
1853 1501 1923 1529 ego,
1939 1492 2045 1530 gratia
2061 1493 2122 1523 Dei
2139 1502 2193 1523 rex
2207 1494 2351 1524 Franco-

1343 1557 1355 1571 »
1381 1554 1465 1580 rum⁷
1480 1544 1665 1583 Phylippus
1677 1545 1823 1579 nomine,
1837 1544 1921 1574 dono
1933 1549 1964 1574 et
1976 1545 2118 1575 concedo
2129 1545 2270 1576 Domino
2283 1546 2352 1576 Deo

1344 1610 1356 1624 n
1382 1602 1413 1627 et
1437 1598 1562 1627 sanctis
1582 1597 1749 1635 Apostolis
1777 1598 1848 1637 ejus
1877 1598 1973 1628 Petro
2000 1602 2030 1628 et
2059 1598 2162 1628 Paulo
2185 1598 2226 1628 ad
2244 1598 2352 1629 locum

1343 1664 1356 1678 »
1381 1651 1580 1682 Cluniacum
1596 1651 1630 1680 in
1650 1660 1750 1680 manu
1768 1651 1894 1681 domini
1913 1652 2065 1689 I-lugonis
2081 1651 2211 1682 abbatis
2230 1655 2261 1682 et
2282 1660 2353 1682 om-

1343 1717 1356 1732 »
1382 1705 1475 1734 nium
1501 1705 1657 1734 abbatum
1680 1704 1738 1743 qui
1762 1704 1797 1733 in
1821 1704 1934 1734 eodem
1956 1704 2026 1734 loco
2049 1705 2155 1734 futuri
2178 1709 2255 1735 sunt
2280 1710 2352 1744 post

1344 1771 1356 1785 »
1382 1767 1457 1788 eum
1473 1758 1507 1787 in
1525 1762 1688 1792 eternum,
1704 1757 1812 1787 locum
1827 1757 1884 1796 qui
1899 1757 2021 1787 dicitur
2038 1758 2144 1788 sancti
2161 1758 2298 1788 Martini
2311 1758 2352 1788 ad

1343 1823 1356 1838 n
1381 1812 1533 1849 Campos,
1553 1819 1650 1848 quem
1667 1814 1759 1848 pater
1774 1819 1868 1840 meus
1886 1810 2051 1840 lieni-icus
2067 1811 2231 1846 fundavit,
2247 1815 2283 1841 ut
2295 1811 2351 1842 ha-

1343 1876 1356 1891 »
1381 1864 1479 1894 beant
1497 1867 1527 1893 et
1543 1863 1733 1901 possideant
1751 1863 1784 1892 in
1801 1868 2011 1901 perpetuum,
2030 1872 2105 1892 cum
2120 1864 2275 1895 omnibus
2294 1873 2351 1903 ap-

1343 1929 1356 1944 »
1379 1916 1539 1955 penditiis
1556 1916 1595 1945 ad
1613 1916 1753 1946 eundem
1771 1915 1878 1945 locum
1894 1916 2152 1954 pertinentibus,
2170 1917 2205 1946 id
2220 1921 2269 1947 est
2285 1921 2352 1948 ter-

1344 1983 1356 1997 »
1381 1970 1439 2000 ris.
1465 1970 1583 2004 vineis,
1607 1970 1693 1999 sicut
1715 1969 1920 2007 Engelardus
1944 1969 2045 1999 abbas
2069 1970 2215 2008 possedit
2232 1971 2268 2000 in
2284 1971 2352 2001 vita

1344 2036 1356 2050 »
1381 2023 1485 2062 patris
1502 2023 1566 2052 mei
1586 2027 1617 2052 et
1632 2022 1667 2051 in
1685 2026 1829 2059 tempore
1846 2030 1929 2051 meo.
1951 2022 2048 2051 Facio
2065 2026 2175 2052 antem
2190 2023 2278 2053 hanc
2293 2023 2352 2054 do-

1344 2088 1357 2103 »
1382 2076 1550 2106 nationem
1567 2084 1624 2114 pro
1641 2074 1838 2104 remissione
1852 2078 2061 2112 peccatorum
2076 2083 2236 2111 meorum,
2251 2080 2283 2106 et
2297 2085 2354 2114 ge-

1344 2142 1357 2155 »
1383 2129 1519 2163 nitoris,
1545 2127 1783 2166 genitricisque
1802 2136 1873 2157 mee
1896 2131 1927 2157 et
1947 2127 2096 2157 omnium
2118 2137 2232 2166 regum
2250 2129 2354 2159 Fran-

1344 2194 1357 2208 »
1383 2190 1494 2211 corum
1512 2185 1760 2211 antecessorum
1776 2189 1936 2214 meorum,
1951 2184 1987 2209 ut
2004 2189 2079 2209 cum
2095 2181 2186 2210 omni
2201 2180 2354 2212 libertate

1345 2248 1357 2261 ι)
1383 2239 1412 2265 et
1442 2235 1553 2273 quiete
1581 2233 1705 2272 absque
1732 2232 1799 2263 ulla
1825 2233 2015 2271 calumpnia
2041 2232 2183 2272 alicujus
2209 2233 2353 2264 viventis

1344 2299 1357 2314 n
1382 2296 1522 2326 persone
1539 2286 1589 2316 vel
1614 2290 1775 2324 potestate
1796 2286 1945 2324 prefatus
1968 2285 2059 2316 locus
2082 2285 2262 2317 Cluniacus
2278 2295 2355 2326 pos-

1344 2353 1357 2367 »
1383 2340 1504 2373 sideat,
1523 2344 1557 2369 ut
1577 2340 1665 2369 Deus
1683 2338 1906 2377 omnipotens.
1925 2338 2228 2370 intervenientibus
2246 2339 2353 2370 beatis

1343 2405 1357 2419 n
1383 2392 1540 2432 apostolis
1558 2393 1655 2422 Petro
1676 2395 1706 2422 et
1727 2391 1841 2422 Paulo.
1866 2400 2005 2429 regnum
2029 2395 2060 2422 et
2081 2392 2182 2422 vitam
2206 2398 2354 2423 nostram

1379 2455 1453 2476 cum
1477 2454 1556 2484 pace
1577 2449 1608 2475 et
1632 2444 1873 2482 tranquillitate
1897 2444 2050 2482 disponat
2073 2445 2107 2474 in
2130 2445 2278 2483 presenti
2300 2454 2353 2476 se-

1345 2511 1358 2526 »
1383 2498 1456 2529 culo
1474 2502 1505 2528 et
1520 2498 1554 2527 in
1571 2498 1683 2527 futuro
1697 2497 1899 2535 sempiterna
1913 2497 2033 2534 gaudia
2049 2497 2216 2528 concedat.
2235 2498 2280 2529 Ut
2293 2506 2352 2528 au-

1345 2565 1357 2578 »
1382 2556 1448 2582 tem
1470 2551 1531 2581 hec
1553 2550 1686 2580 donatio
1710 2550 1805 2579 firma
1829 2554 1860 2580 et
1882 2549 2012 2579 stabilis
2036 2554 2134 2588 atque
2157 2549 2353 2580 inconvulsa

1344 2617 1357 2632 »
1382 2608 1589 2643 permaneat,
1621 2603 1682 2633 hoc
1704 2607 1895 2641 preceptum
1919 2612 2020 2632 manu
2045 2603 2178 2641 propria
2202 2602 2296 2633 firmo
2321 2607 2353 2632 et

1344 2670 1357 2684 n
1383 2657 1557 2688 corroboro
1578 2666 1615 2686 ac
1639 2656 1750 2694 sigillo
1770 2656 1901 2694 proprio
1922 2655 2069 2693 sigillare
2092 2656 2238 2694 precipio
2258 2656 2353 2686 testi-

1345 2723 1359 2738 »
1383 2711 1512 2749 busque
1539 2709 1734 2739 firmandam
1764 2708 1866 2738 trado.
1898 2708 2037 2746 Signum
2065 2707 2223 2747 Phytippi
2251 2708 2350 2746 regis.

1346 2776 1359 2791 »
1385 2764 1524 2801 Signum
1549 2762 1717 2801 phylippi.
1736 2762 1824 2799 regis
1842 2763 2054 2791 Francorum.
2079 2761 2218 2799 Signum
2241 2762 2352 2800 Hagn-

1346 2830 1358 2843 n
1385 2818 1494 2847 nonis.
1515 2816 1679 2846 Eduensis
1703 2815 1858 2853 episcopi.
1880 2815 2019 2852 Signum
2035 2815 2166 2844 comitis
2185 2815 2352 2854 Raynaldi

1346 2882 1359 2896 »
1385 2870 1423 2900 dc
1439 2869 1609 2900 Nivernis.
1633 2868 1771 2905 Signum
1788 2867 1924 2897 Roberti
1947 2867 2100 2905 dapiferi.
2125 2867 2264 2905 Signum
2285 2869 2352 2898 Ro-

1347 2935 1359 2949 »
1386 2922 1468 2952 berti
1485 2922 1523 2951 de
1541 2921 1657 2951 Attico.
1676 2920 1815 2957 Signum
1832 2919 1994 2949 Gualterii
2008 2919 2047 2949 de
2064 2919 2123 2958 (de)
2139 2919 2350 2950 Clamiciaco.

1344 2458 1350 2472 )

1350 2459 1357 2473 v
