2498 3325
972 192 1201 230 DEUXIEME
1222 189 1380 228 ANNEE.
2170 197 2226 227 469

133 276 218 297 onus
246 267 409 296 sustineat
434 266 521 296 unde
547 266 763 296 emolumenti
796 266 859 295 sibi
890 266 1045 295 solatium
1073 273 1138 294 non

134 320 296 358 provenit.
315 319 381 349 tuis
398 319 551 357 precibus
568 319 733 354 inclinati,
754 323 789 348 ut
805 319 845 348 ad
866 318 1064 348 solutionem
1083 318 1139 347 de-

134 372 278 401 bitorum
298 372 435 402 minime
459 372 620 407 tenearis,
640 381 679 401 ne
698 371 814 410 quavis
836 371 1031 400 auctoritate
1051 379 1140 399 com—

134 424 213 462 pelli
230 424 356 459 valeas,
375 425 442 454 nisi
458 434 495 454 ea
512 425 547 453 in
564 424 669 462 ipsius
687 424 865 453 utilitatem
889 423 1027 453 ecclesie
1045 432 1141 452 versa

135 486 208 507 esse
224 477 372 515 legitime
391 477 492 507 fuerit
509 477 772 515 comprobatum,
790 481 845 506 aut
869 485 967 514 super
990 475 1051 505 hoc
1070 484 1141 505 cre-

135 530 299 560 ditoribus
317 540 333 559 a
347 530 429 560 Sede
447 530 628 568 apostolica
644 529 786 568 speciale
804 529 929 567 aliquid
947 529 989 558 sit
1007 537 1141 557 conces-

136 592 225 614 sum,
251 584 446 614 auctoritate
475 583 536 612 tibi
562 583 769 621 presentium
796 582 1019 619 indulgemus.
1048 581 1142 611 Nulli

136 641 196 666 etc.
216 642 326 666 nostre
342 637 568 666 concessionis
586 640 646 666 etc.
666 637 739 666 Dat.
753 635 923 673 Anagnie,
942 636 973 665 ΙΙ
992 635 1067 664 idus
1088 643 1142 664 oc-

137 690 252 726 tobris,
271 697 357 718 anno
375 689 529 718 secundo.
552 701 563 714 n

211 881 324 909 1499

175 942 298 969 Hamoni
323 943 432 973 Peche,
450 943 554 968 clerico
576 942 774 968 Nor-wicensis
796 941 935 971 diocesis,
953 940 1096 973 indulget,
1116 942 1146 965 ut

139 991 255 1016 0010010
272 990 366 1016 adhuc
382 990 456 1016 aliud
470 989 702 1016 ecclesiasticum
718 988 888 1014 beneficium
903 988 1029 1022 recipere
1042 987 1143 1013 valeat.

141 1038 221 1070 (Rea.
240 1038 282 1069 ⁶24,
300 1038 321 1065 f.
337 1037 399 1070 203,
416 1046 483 1063 ann.
501 1037 537 1068 11,
555 1045 581 1063 c.
596 1037 681 1068 412².)

682 879 809 913 Anagni,
827 880 842 906 9
860 879 976 905 octobre
996 878 1071 905 ¹256.

180 1152 192 1167 «
217 1140 349 1169 Hamoni
366 1140 468 1174 Peche,
489 1140 597 1168 clerico
613 1139 815 1168 Norwr‘censis
832 1138 966 1167 diocesis.
988 1136 1146 1167 Volentes

138 1193 200 1223 tibi
219 1193 359 1231 gratiam
375 1210 423 1221 -.
441 1193 515 1222 Dat.
534 1191 696 1230 Anagnie,
715 1192 779 1222 VII
795 1191 870 1220 idus
887 1190 1041 1225 octobris,
1060 1198 1146 1219 anno

139 1246 295 1276 secundo.
316 1258 328 1272 »

216 1434 235 1460 1
246 1432 337 1460 500

177 1494 359 1528 indulgentia
382 1497 497 1520 centum
514 1493 625 1519 dierum
641 1491 869 1526 poenitentibus,
892 1490 940 1524 qui
956 1489 1148 1515 eleemosinas

670 1430 796 1463 Anagni,
816 1429 841 1455 11
862 1429 979 1454 octobre
998 1427 1074 1454 1256.

140 1546 260 1575 erogent
276 1541 415 1568 ecclesiae
438 1541 468 1567 S.
486 1540 594 1567 Silvani
620 1540 654 1566 de
678 1539 822 1573 Leproso,
840 1537 1033 1564 Bituricensis
1052 1537 1148 1563 dioce-

140 1592 192 1618 sis.
214 1591 295 1622 11100.
312 1590 356 1618 24.
374 1590 392 1616 f.
412 1589 473 1622 2³03,
491 1597 557 1615 ann.
575 1588 612 1619 11,
629 1596 655 1614 c.
673 1587 745 1620 413.)

185 1704 197 1718 «
219 1693 373 1721 Universis
389 1692 503 1721 Christi
519 1691 658 1728 fidelibus
672 1699 725 1727 per
742 1699 872 1727 regnum
888 1689 1016 1718 Francie
1037 1689 1150 1717 consti-

144 1745 229 1774 tutis.
247 1744 422 1780 Quoniam,
435 1748 469 1773 ut
485 1743 529 1772 ait
544 1742 721 1781 apostolus,
736 1750 841 1780 usqne
856 1751 861 1770 ε
876 1741 975 1770 vitam
989 1745 1148 1770 eternam.

143 1798 229 1827 Sane
247 1796 358 1826 dilecti
374 1795 435 1824 filii
455 1819 487 1829 ..,
500 1795 591 1834 prior
603 1799 632 1825 et
645 1794 825 1833 capitulum
838 1793 998 1823 secularis
1012 1793 1151 1823 ecclesie

143 1850 256 1881 Sancti
273 1849 400 1880 Silvani
417 1849 456 1878 de
476 1849 630 1887 Leproso,
649 1847 871 1877 Bituricensis
885 1846 1038 1881 diocesis,
1055 1846 1150 1876 nobis

143 1903 333 1942 significare
347 1906 517 1936 curarunt,
532 1901 619 1940 quod
632 1900 785 1930 nonnulli
799 1900 941 1938 partium
959 1899 1149 1935 earundem,

144 1955 271 1985 occulto
283 1955 344 1984 Dei
357 1954 493 1993 judicio,
511 1954 623 1983 morbo
638 1953 694 1992 qui
707 1953 912 1983 Gehennalis
926 1953 1015 1990 ignis
1031 1953 1154 1982 dieitur

145 2007 310 2046 percussi,
340 2006 379 2036 ad
404 2006 537 2036 domum
563 2006 709 2044 porticus
735 2006 881 2044 ejusdem
909 2005 1062 2042 ecclesie,
1090 2014 1154 2043 que

146 2060 299 2090 consistit
316 2059 350 2088 in
368 2059 516 2098 ejusdem
533 2059 638 2088 sancti
653 2059 778 2089 honore
796 2062 995 2093 constructa,
1016 2067 1155 2088 coneur-

146 2117 224 2143 runt
243 2112 390 2150 undique
408 2112 626 2146 incessanter,
645 2111 703 2141 ubi
724 2111 916 2150 frequenter
934 2120 991 2149 per
1008 2110 1156 2150 ejusdem

147 2166 255 2196 sancti
272 2165 390 2194 merita
406 2164 519 2194 morbo
533 2164 722 2194 laborantes
740 2164 948 2203 hujusmodi,
970 2163 1042 2193 sani
1060 2163 1154 2192 fiunt.

148 2219 230 2249 Cum
248 2218 359 2256 itaque
373 2217 459 2246 dicta
477 2217 593 2246 domus
606 2217 685 2246 adeo
699 2221 814 2247 tenues
831 2217 952 2246 habeat
969 2216 1154 2251 facultates,

148 2272 234 2310 quod
252 2271 376 2301 eisdem
393 2271 536 2299 infirmis
551 2274 582 2300 et
600 2270 800 2308 pauperibus
817 2270 896 2300 illuc
913 2269 1156 2299 confluentibus

149 2333 214 2354 non
230 2324 357 2363 possint
374 2333 410 2353 ex
428 2324 476 2353 eis
490 2323 556 2353 vite
574 2323 764 2353 necessaria
779 2323 976 2357 ministrari,
994 2322 1157 2352 universi-

150 2382 251 2408 tatem
268 2381 411 2407 vcstram
429 2386 595 2414 rogamus,
609 2385 781 2406 monemus
794 2381 824 2405 et
836 2376 1007 2405 hortamur
1020 2379 1154 2412 attente,

150 2431 185 2460 in
206 2430 439 2460 remissionem
464 2429 556 2458 vobis
580 2429 807 2467 peccaminum
828 2429 1057 2467 injungentes,
1076 2438 1158 2467 qua-

151 2485 241 2514 tinus
258 2484 297 2513 110
314 2483 409 2513 bonis
427 2483 520 2511 vobis
538 2482 666 2512 collatis
684 2491 702 2511 a
716 2483 795 2515 Deo,
811 2482 859 2512 eis
879 2482 929 2512 vel
946 2491 1059 2512 eorum
1077 2491 1158 2511 nun-

152 2538 208 2567 tiis
222 2537 291 2575 pias
305 2536 505 2565 elemosinas
521 2540 550 2565 et
568 2539 660 2571 grata
676 2535 825 2564 caritatis
837 2535 987 2565 subsidia
1003 2535 1157 2573 erogetis,

153 2594 199 2623 ut,
228 2598 284 2627 per
309 2588 560 2618 subventionem
588 2592 746 2622 vestram,
771 2598 884 2617 eorum
907 2588 1018 2626 inopie
1041 2597 1161 2618 consu-

153 2642 257 2673 latur,
283 2646 314 2671 et
334 2650 389 2669 vos
408 2650 466 2679 per
484 2641 545 2669 liae
564 2645 594 2670 et
614 2641 678 2669 alia
698 2640 781 2669 bona
799 2650 878 2678 quc,
898 2641 1038 2670 Domino
1055 2641 1161 2678 inspi-

153 2699 258 2729 rante,
286 2694 450 2727 feceritis,
479 2694 518 2723 ad
545 2698 657 2723 eterne
683 2694 818 2731 psjtssitis
844 2694 1015 2723 felicitatis
1042 2695 1159 2731 gaudia

154 2747 339 2786 pervenire.
354 2748 421 2776 Nos
437 2747 536 2781 enirn,
552 2747 589 2775 de
604 2747 839 2783 omnipotentis
857 2747 915 2777 Dei
934 2747 1161 2777 misericordia

155 2805 186 2830 et
203 2801 372 2830 beatorum
387 2800 475 2830 Petri
490 2804 519 2829 ct
536 2799 630 2829 Pauli
646 2800 867 2837 apostolorum
882 2800 953 2837 ejus
968 2800 1163 2830 auctoritate

153 2854 283 2887 confisi,
304 2853 459 2882 omnibus
478 2862 551 2882 vere
568 2853 795 2891 p-‘2nitentilms
810 2857 837 2882 et
853 2853 1026 2888 confessis,
1042 2853 1099 2891 qui
1116 2853 1164 2883 eis

1221 264 1261 293 ad
1277 264 1338 293 1100
1352 272 1485 293 manum
1499 263 1680 301 porrexerit
1691 262 1850 297 caritatis,
1862 265 1994 291 centum
2006 262 2085 297 dies,
2101 271 2224 300 usque:

1221 316 1418 346 relaxamus.
1439 318 1614 346 Presentes
1628 319 1738 345 autem
1755 315 1841 344 mitti
1857 323 1914 352 per
1932 315 2141 352 questuarios
2158 315 2226 344 dis-

1222 369 1353 398 trictius
1369 369 1572 403 inhibemus,
1585 377 1690 406 usque
1706 378 1712 397 2
1731 368 1957 397 decernentes.
1976 368 2048 396 Dat.
2063 367 2225 404 Anagnie,

1221 423 1250 452 V
1268 422 1342 452 idus
1359 422 1513 456 octobris,
1533 430 1618 451 anno
1635 421 1789 451 secundo.
1809 432 1821 447 n

1299 593 1417 620 ¹501
1758 592 1881 626 Magni,
1899 591 1929 618 13
1945 591 2061 618 octobre
2078 591 2156 618 1256.

1259 655 1400 685 Johnnni,
1418 654 1619 680 archidiacono
1642 653 1820 685 Curimensi,
1841 653 1894 678 W.
1911 653 1989 686 regis
2010 652 2165 678 Boiu-miae
2182 661 2229 679 ca-

1224 704 1347 737 pellano,
1365 703 1516 729 confirmat.
1537 703 1780 737 dispensationem
1800 702 1879 735 plura
1901 701 2039 727 beneficia
2062 700 2228 734 recipiendi,

1224 760 1309 785 quun]
1326 753 1351 777 el
1368 752 1515 777 concessit
1531 751 1619 776 abbas
1636 750 1799 776 monasterii
1818 749 1846 775 S.
1868 749 2010 775 Johannis
2035 749 2179 783 Baptistae
2196 748 2230 774 de

1226 800 1337 833 Insula,
1353 800 1462 825 ordinis
1488 800 1517 825 S.
1538 799 1700 831 Benedicti,
1720 799 1875 832 pragensis
1897 798 2038 829 diocesis,
2060 798 2231 823 auctoritate

1225 848 1383 874 litterarum
1402 848 1562 873 Innocentii
1581 856 1680 882 papae.
1695 847 1780 880 (Rae.
1795 847 1845 879 ς24,
1862 847 1880 872 f.
1898 846 1960 879 ⁵203,
1977 854 2044 873 ann.
2061 845 2098 877 ll,
2116 853 2141 872 c.
2162 845 2229 877 4143

1225 896 1373 923 Porrfflsr
1394 897 1500 929 16582.)

1268 1010 1279 1024 «
1301 999 1454 1032 1011011017,
1475 998 1692 1027 archidiacono
1709 997 1899 1031 Cremonensi,
1916 997 2077 1034 Prayensis
2097 997 2231 1026 diocesis.

1225 1051 1308 1082 Cum
1325 1060 1343 1080 a
1361 1051 1455 1080 nobis
1472 1068 1521 1079 —-.
1540 1052 1614 1080 Dat.
1632 1050 1794 1088 Anagnie,
1813 1051 1863 1080 III
1879 1050 1954 1080 idus
1971 1049 2125 1084 octobris,
2146 1056 2233 1078 anno

1225 1104 1381 1134 secundo.
1404 1116 1416 1130 »

1301 1276 1420 1304 ¹502
1707 1275 1835 1309 Anagni,
1851 1275 1885 1300 ‘27
1902 1275 2065 1308 septembre
2085 1274 2162 1301 1956.

1264 1338 1437 1365 Monasterio
1454 1338 1484 1364 S.
1499 1338 1654 1372 Augustini
1670 1337 1871 1364 Cantuariensi
1888 1337 1999 1363 abbatis
2019 1337 2156 1371 regimine
2168 1337 2234 1362 des-

1229 1387 1321 1418 tituto,
1334 1387 1427 1413 medio
1445 1391 1583 1421 tempore,
1596 1386 1668 1412 bona
1685 1386 1778 1420 ipsius
1793 1385 1952 1417 sacristiae,
1966 1385 2148 1415 infirmariae,
2161 1385 2234 1411 elee-

1229 1435 1420 1470 mosynariae,
1436 1435 1609 1461 caruerat-iae
1625 1443 1657 1460 ac
1673 1433 1878 1466 ecclesiarum,
1893 1442 1965 1468 quas
1984 1433 2188 1459 monasterium
2206 1433 2234 1459 in

1229 1484 1360 1519 proprios
1377 1492 1447 1510 usus
1468 1483 1593 1517 obtinet,
1614 1487 1642 1509 et
1659 1484 1784 1517 ipsarum
1803 1483 2040 1517 pertinentiarum
2057 1482 2186 1508 redditus
2207 1485 2235 1507 et

1229 1536 1395 1568 proventus,
1410 1541 1458 1566 per
1475 1533 1595 1566 priorem
1613 1535 1641 1558 et
1656 1535 1830 1558 conventum
1844 1533 1929 1566 juxta
1944 1532 2100 1566 apostolica
2118 1532 2234 1566 privile-

1228 1582 1274 1616 gia
1293 1581 1498 1616 disponuntur.
1519 1581 1584 1606 Ideo
1602 1581 1722 1611 inhibet,
1740 1589 1775 1606 ne
1791 1580 1837 1606 alii
1855 1580 1888 1606 de
1903 1580 2057 1615 praedictis
2074 1580 2235 1607 redditibus

1229 1630 1398 1664 disponant,
1421 1630 1486 1661 sed,
1510 1629 1544 1655 de
1569 1629 1716 1655 communi
1739 1629 1860 1655 consilio
1884 1630 1987 1663 prioris
2011 1632 2039 1655 et
2058 1633 2234 1660 conventus,

1231 1678 1360 1704 redditus
1376 1678 1577 1712 disponantur.
1593 1677 1674 1712 (Rea.
1695 1678 1740 1708 ²24,
1758 1677 1776 1703 f.
1794 1677 1857 1711 203,
1874 1686 1939 1703 ann,
1957 1677 1994 1710 ΙΙ,
2013 1686 2038 1704 c.
2057 1678 2129 1711 415.)

1274 1792 1285 1806 «
1301 1802 1333 1812 ..,
1347 1780 1459 1814 abbati,
1470 1784 1495 1807 et
1508 1779 1671 1808 conventui
1686 1780 1865 1807 monasterii
1875 1780 2240 1816 SanctiAztyustz'niCan-

1233 1833 1410 1866 mariensis,
1421 1832 1460 1860 acl
1471 1833 1639 1860 Romanam
1654 1832 1816 1860 Ecclesiam
1831 1833 1917 1860 nullo
1934 1832 2031 1860 medio
2046 1833 2239 1869 pertinentis,

1232 1886 1352 1915 ordinis
1364 1886 1463 1914 sancti
1476 1885 1639 1914 Benedicti.
1656 1885 1701 1913 Eo
1715 1885 1874 1914 attentius
1890 1885 2085 1914 monasterii
2097 1902 2146 1914 —.
2165 1886 2238 1915 Dat.

1232 1938 1395 1976 Anagnie‚
1413 1938 1442 1967 V
1456 1937 1615 1967 kalendas
1632 1937 1787 1972 octobris,
1808 1946 1894 1967 anno
1911 1937 2064 1968 secundo.
2086 1949 2099 1964 n

1310 2110 1427 2138 1503

1273 2171 1449 2198 Monasterio
1467 2171 1496 2196 S.
1522 2170 1627 2197 Mariae
1643 2170 1677 2195 de
1701 2169 1798 2196 Gloria
1819 2169 1983 2203 Anagnino,
2002 2169 2149 2196 Florensis
2167 2170 2245 2197 ordi-

1722 2108 1847 2142 Anagni,
1867 2107 1898 2134 12
1911 2108 2074 2142 septembre
2093 2108 2170 2135 1256.

1238 2223 1292 2252 nis,
1310 2220 1443 2247 concedit
1460 2230 1472 2243 α
1489 2227 1589 2246 omnes
1604 2219 1764 2251 libertateS,
1782 2219 1978 2245 immunitates
1994 2222 2022 2246 et
2035 2219 2244 2253 indulgentias,

1237 2278 1292 2304 que
1310 2269 1401 2296 ordini
1417 2267 1604 2295 Cisterciensi
1621 2268 1791 2302 generaliter
1808 2268 1850 2293 vel
1864 2268 1950 2294 alicui
1970 2269 2145 2294 monasterio
2163 2269 2245 2303 ejus-

1238 2318 1302 2344 dem
1329 2318 1439 2344 ordinis
1464 2317 1627 2352 specialiter
1649 2325 1665 2343 a
1688 2316 1763 2342 Sede
1785 2316 1943 2351 apostolica
1965 2319 2033 2342 sunt
2058 2324 2209 2343 concesse.
2232 2327 2244 2341 n

1242 2364 1653 2399 (Ηεῡ.ἳί1,1.ἳ113ν,οηη.ΙΙ,
1669 2373 1694 2392 c.
1711 2364 1785 2399 416.)

1282 2480 1293 2494 «
1313 2491 1345 2502 ..,
1363 2468 1474 2502 (1111101ιῖ,
1488 2472 1513 2496 ec
1529 2468 1693 2496 conventui
1710 2468 1891 2496 monasterii
1906 2467 2014 2497 Sancte
2031 2469 2125 2497 Marie
2140 2469 2172 2497 [le
2186 2469 2248 2498 Glo-

1241 2520 1635 2558 1101111011111111,κἸονσηεὶε
1651 2520 1781 2549 ordinis.
1798 2521 1883 2549 Dum
1897 2519 2070 2558 religionis
2085 2521 2249 2551 fervorem

1241 2591 1290 2602 —.
1309 2574 1382 2602 Dat.
1401 2573 1563 2611 Anagnie,
1584 2574 1615 2602 ΙΙ
1633 2573 1707 2602 idus
1725 2573 1933 2611 septembris,
1953 2582 2038 2603 anno
2056 2573 2211 2603 secundo.
2234 2585 2247 2600 »

1318 2746 1432 2773 150⁴
1772 2745 1902 2779 Ani-igni,
1922 2746 1948 2771 ll
1968 2745 2084 2771 octobre
2104 2746 2178 2772 1256.

1284 2806 1524 2832 l'erinutationem
1545 2806 1732 2840 (piarunnlmn
1751 2810 1890 2832 terrarum
1909 2807 2073 2833 monasterii
2094 2807 2250 2839 Florvnsis.

1248 2855 1422 2881 Cuseutinne
1445 2853 1585 2885 diocesis,
1605 2854 1842 2888 proquibusdam
1860 2855 1923 2881 aliis
1944 2856 2028 2881 terris
2051 2856 2196 2890 prioratus
2217 2856 2251 2882 dc
