2498 3325
948 249 1178 289 DEUXIEME
1199 250 1358 287 ANNEE.
2146 259 2204 290 305

106 327 316 364 patriarchatus
334 327 559 361 Aquilegensem
583 330 610 354 et
627 326 805 353 Gradensem
823 329 850 351 et
872 324 1048 359 provinciam
1065 322 1116 348 Ja-

107 383 247 402 nuensem
268 374 448 408 constitutis,
473 375 617 409 significat
639 383 670 401 se
695 374 895 408 [Philippum],
919 372 1114 398 Ravennatem

108 424 244 455 electum,
260 423 292 449 ad
310 432 408 449 eorum
427 427 521 457 partes
537 424 693 449 commisso
706 422 761 457 ipsi
773 421 925 455 legationis
941 419 1033 446 officio
1049 420 1115 445 mit·

108 475 184 503 tere,
206 474 235 497 ut
251 479 355 505 gerens
370 471 439 497 inibi
457 471 534 497 vices
551 471 666 506 papales
682 471 776 496 foveat
791 469 972 495 devotionem
988 467 1115 493 fidelium

109 522 139 545 et
153 518 260 545 Ezelini
276 519 311 544 de
326 518 456 544 Romano
472 518 650 552 aliorumque
668 517 839 552 perfidorum
855 516 1040 551 pertinaciam
1056 515 1117 548 spi-

110 567 250 594 ritualiter
264 571 291 592 et
307 567 500 601 temporaliter
511 570 700 600 persequatur
715 569 813 592 contra
830 564 952 590 eundem
971 563 1117 589 Ezelinum

110 615 207 642 crucis
223 616 387 641 charactere
403 615 586 649 insignienda
603 614 710 640 fideles.
728 613 810 648 (nm.
827 613 871 644 24,
891 612 908 639 f.
926 612 984 642 125,
1000 619 1065 637 ann.
1078 610 1115 643 Π,

109 671 137 689 c.
156 664 188 694 ῖς
209 663 352 690 ΡοττΗΑεΤ
372 663 470 695 16143;
490 662 670 694 Romaniano,
687 665 707 688 t.
724 661 776 692 Ill,
795 667 825 687 n⁰
842 662 912 691 4²:21.)

155 776 168 790 «
194 764 398 798 Patriamltis,
425 764 660 801 archiepiscopis
675 763 871 799 etepisco1n'3,
894 770 928 790 ac
950 761 1116 795 abbatibus,

109 817 283 854 prioribus,
305 816 534 845 circltizliacom's
554 824 589 844 ac
606 816 710 844 ceteris
728 815 923 844 ecclesiarum
943 814 1071 851 prelatis
1093 818 1119 841 et

110 869 241 902 clericis,
261 877 378 897 necnon
394 869 545 897 nobilibus
563 869 638 896 viris
654 868 725 896 duci
741 873 766 896 et
782 868 909 896 consilio
929 867 1115 900 l'enetorzwn,

111 922 358 954 marchionibus,
377 922 551 955 comitibus,
571 921 751 954 baronibus,
766 920 973 957 potestatibus,
993 919 1118 953 rectori-

112 974 166 1002 bus
186 979 211 1002 et
234 975 518 1008 commzmimcilacx,
536 983 571 1002 ac
590 974 744 1002 zozim-sis
767 973 882 1002 Christi
905 972 1043 1009 fidelibus
1064 980 1119 1008 per

111 1026 335 1061 Lombarcliam,
349 1027 571 1060 Βοηιαηίοίαιη,
584 1026 758 1054 marchiam
768 1025 971 1059 Teroisinam,
982 1025 1119 1061 patriar-

111 1080 235 1108 chanun
250 1080 476 1116 qutileyrnsem
495 1084 519 1108 et
538 1079 716 1107 Gradensem
733 1079 962 1116 &provinciam
980 1079 1119 1106 Jannen-

110 1141 170 1160 sem
196 1133 378 1161 constitutis.
404 1133 442 1161 In
466 1131 627 1161 eminenti
648 1131 742 1161 Sedis
767 1148 815 1158 —.
842 1131 915 1159 Dat.
943 1129 1116 1163 Laterani,

110 1185 195 1214 XIII
210 1185 369 1214 kalendas
383 1184 541 1223 januarii,
561 1193 646 1213 anno
663 1184 818 1214 secundo,
839 1196 852 1209 r>

187 1390 305 1418 10¹4

152 1452 298 1482 Decet-nit,
321 1456 351 1478 ut
365 1451 480 1485 quidam
500 1451 654 1486 Hispaniae
674 1451 789 1485 praelati
810 1451 845 1477 ad
865 1451 1075 1485 impetrandum
1093 1452 1121 1477 in

623 1389 736 1421 Lau-an,
754 1388 786 1415 23
802 1388 953 1415 decembre
973 1388 1049 1415 1-255.

113 1499 199 1526 Curia
216 1508 270 1525 non
288 1500 484 1531 admittantur,
500 1499 592 1525 donec
613 1499 778 1529 Guillelmo,
801 1499 938 1533 magistro
955 1499 1118 1525 scholarum

114 1548 327 1580 Parmensium,
340 1548 571 1574 vicecancellario
590 1547 735 1574 Romanae
751 1547 906 1580 Ecclesiae,
919 1551 948 1573 et
964 1547 1119 1581 Hugolino,

112 1597 252 1623 canonico
270 1596 458 1629 Legioncnsi,
481 1597 545 1630 ejus
562 1596 672 1630 nepoti,
694 1596 874 1630 provisiones
894 1596 1057 1622 subtractas
1072 1599 1121 1622 aut

111 1645 243 1671 detentas
260 1644 434 1679 persolvant.
452 1644 535 1676 (Ruso.
553 1644 597 1673 ⁶24,
614 1644 634 1670 f.
654 1645 726 1675 125¹,
743 1652 810 1670 ann.
826 1643 864 1676 II,
883 1652 908 1670 c.
927 1643 964 1676 S.)

155 1758 168 1772 a
195 1746 370 1780 Gznltelmo,
394 1747 541 1782 magistro
564 1746 716 1774 scolarum
742 1746 956 1773 Parmensium
980 1746 1121 1774 vicecan-

111 1798 248 1827 cellario.
267 1797 313 1831 Si,
329 1801 359 1826 te
375 1797 409 1826 in
427 1797 624 1827 cancellarie
636 1802 747 1826 nostre
760 1797 936 1827 laboriosis
950 1797 1121 1836 obsequiis

112 1849 295 1879 desudante
313 1853 343 1878 et
355 1849 503 1879 onmium
520 1849 735 1879 ecclesiarum
750 1849 947 1887 invigilante
960 1850 1119 1887 negociis,

112 1902 292 1941 quisquam
321 1902 450 1932 dem-ete
479 1902 539 1931 tibi
565 1902 766 1940 provisionis
793 1902 958 1941 stipendia
985 1906 1122 1932 conatur

112 1954 270 1989 adimere,
295 1963 360 1984 non
387 1958 435 1984 est
459 1955 696 1992 incongruum,
719 1959 768 1990 ut,
795 1955 851 1993 qni
878 1955 1122 1985 mercenarium

110 2007 229 2036 utilem
250 2016 314 2036 non
336 2007 552 2037 confunditur
568 2007 722 2037 fraudare
739 2007 904 2041 mercede,
923 2007 1123 2037 mercenarii

111 2069 243 2098 qnoque
259 2059 404 2089 utilitate
422 2060 630 2098 dampnetur.
648 2060 731 2090 Cum
747 2060 850 2097 igitur
867 2060 1001 2098 quidam
1018 2060 1122 2089 eccle-

112 2112 239 2141 siarum
261 2112 380 2150 prelati
405 2113 552 2150 Yspanie
575 2122 612 2141 ac
639 2112 773 2142 aliunde
801 2113 861 2141 tibi
885 2117 915 2142 et
940 2112 1119 2150 Hugolino,

112 2164 272 2194 canonico
290 2164 501 2201 Legionensi,
521 2165 631 2203 nepoti
648 2169 714 2200 tuo,
733 2170 763 2195 et
780 2166 819 2194 ad
837 2165 996 2203 quasdam
1012 2165 1122 2203 provi-

113 2216 224 2246 siones
249 2225 377 2245 annuas
395 2226 431 2246 ex
452 2218 660 2255 providentia
679 2218 773 2248 Sedis
790 2218 967 2255 apostolice
985 2222 1122 2247 tenean-

114 2273 167 2298 tur
192 2268 334 2303 astricti,
360 2273 389 2299 et
412 2269 516 2308 aliqui
538 2270 686 2308 ipsorum
706 2280 771 2300 non
794 2271 1013 2308 recogitantes
1036 2270 1122 2308 quod

112 2321 321 2359 provisiot‘tes
344 2321 535 2360 hujusmodi
562 2322 712 2353 laborum
740 2328 871 2353 tuorum
898 2323 1122 2361 magnitudini

113 2383 178 2403 non
199 2382 235 2403 ex
253 2382 337 2411 equo
354 2374 569 2412 respondent,
589 2384 643 2405 eas
664 2375 831 2405 interdum
853 2380 908 2405 aut
925 2375 1122 2405 subtrahant

113 2431 169 2456 aut
190 2436 264 2456 cum
290 2426 444 2456 dilatoria
467 2431 498 2457 et
523 2427 735 2465 dispendiosa
763 2429 903 2457 nimium
929 2428 1122 2457 difficultate

111 2478 318 2517 persolvant,
340 2479 385 2508 ita
404 2483 437 2507 ut
454 2480 623 2517 provisum
641 2485 689 2509 est
709 2481 768 2510 tibi
785 2485 815 2510 et
832 2481 937 2510 eidem
955 2480 1066 2518 nepoti
1083 2480 1123 2509 ad

113 2531 327 2561 relevationis
345 2531 500 2561 solatium
517 2532 550 2560 in
568 2542 745 2569 gravamen
760 2537 790 2562 et
802 2533 928 2562 tedium
944 2533 1122 2571 aliquando

113 2587 340 2619 convertatur,
359 2593 430 2619 nos,
449 2594 561 2613 eorum
579 2585 738 2615 suadente
754 2585 1006 2623 ingratitudine,
1024 2594 1123 2623 super

113 2636 175 2665 hoc
191 2636 339 2666 volentes
358 2646 540 2674 congruum
560 2638 742 2667 remedium
757 2638 925 2673 adhibere,
945 2648 985 2667 ne
1002 2638 1071 2667 sive
1088 2638 1123 2666 in

113 2689 220 2718 nssicio
241 2689 513 2719 vicecancellarie
536 2690 640 2719 fueris
666 2690 735 2720 sive
761 2700 841 2727 non,
869 2691 938 2721 sive
961 2691 995 2720 in
1021 2690 1123 2721 Curia

112 2743 262 2771 Romana
285 2750 410 2771 moram
434 2742 573 2771 traxeris
596 2742 665 2772 sive
688 2752 768 2778 non,
792 2743 874 2773 tales
896 2743 946 2773 vel
966 2752 1122 2781 procura-

114 2800 200 2824 tores
221 2802 280 2823 seu
299 2793 414 2822 nuncii
433 2794 582 2831 ipsorum
599 2794 650 2824 vel
672 2794 728 2824 alii
745 2804 802 2833 pro
821 2796 869 2825 eis
886 2796 926 2825 ad
941 2795 1123 2833 impetran-

112 2847 189 2876 dmn
212 2845 262 2875 vel
284 2846 577 2876 contradicendum
598 2846 632 2875 in
650 2847 751 2877 Curia
768 2853 879 2878 nostra
898 2857 956 2886 pro
972 2848 1055 2886 ipsis
1073 2847 1124 2876 vel

109 2908 226 2929 corum
244 2898 395 2929 ecclesiis
414 2899 628 2938 aliquatenus
645 2900 872 2937 admittantur,
893 2901 996 2931 donec
1013 2900 1072 2930 tibi
1091 2902 1123 2930 et

234 2964 458 2989 ALEXANDRE
476 2964 524 2994 1V,
542 2967 561 2990 t.
581 2965 601 2989 1.

1196 323 1322 360 prefato
1350 324 1461 362 nepoti
1490 324 1586 362 plene
1615 324 1834 363 persolverint
1862 324 1950 363 quod
1976 324 2014 354 de
2044 324 2203 363 predictis

1196 375 1445 412 provisionibus
1468 376 1507 406 ab
1530 376 1612 414 ipsis
1637 376 1841 406 subtractum
1866 376 1967 405 fuerit
1991 377 2205 415 quandolibet

1197 427 1249 456 vel
1267 427 1453 462 detentum,
1479 428 1673 457 auctoritate
1696 428 1902 465 presentium
1920 428 2073 459 duximus
2092 429 2205 458 decer-

1198 479 1362 515 nendum,
1394 484 1577 509 statuentes
1607 479 1846 509 nichilominus
1879 479 2007 509 litteras
2040 481 2206 519 quaslibet

1199 532 1294 562 Sedis
1316 532 1461 570 predicte
1483 532 1634 561 obtentas
1653 531 1705 561 vel
1726 531 1923 561 obtinendas
1940 532 1979 561 ab
1998 532 2082 567 illis,
2104 533 2206 562 donec

1199 583 1319 613 solutio
1342 588 1373 613 et
1398 584 1581 614 satisfactio
1602 583 1751 622 plenaria
1773 592 1871 621 super
1892 585 2065 621 premissis
2088 585 2149 613 tibi
2174 589 2206 614 et

1200 637 1310 675 nepoti
1328 641 1507 666 memorato
1523 637 1722 675 provenerit,
1741 636 1828 665 vires
1846 636 1974 674 aliquas
1991 646 2054 666 non
2071 637 2205 667 habere.

1200 690 1239 718 In
1261 689 1355 728 cujus
1380 689 1503 719 decreti
1527 698 1585 719 seu
1605 687 1853 718 constitutionis
1872 688 2114 723 testimoninm,
2133 698 2208 727 pre-

1202 746 1312 771 sentes
1338 741 1467 770 litteras
1490 741 1551 769 tibi
1579 741 1733 770 duximus
1761 740 1997 769 concedendas.
2017 741 2119 770 ‚Nulli
2145 745 2206 770 etc.

1202 793 1307 822 nostri
1339 793 1463 823 decreti
1495 797 1525 822 et
1558 792 1806 822 constitutionis
1841 796 1902 821 etc.
1934 793 2004 821 Dat.
2040 793 2207 827 Laterani,

1200 846 1232 875 X
1246 845 1405 875 kalendas
1418 844 1577 884 januarii,
1597 853 1683 873 anno
1700 843 1855 873 secundo.
1877 856 1888 869 1)

1277 1015 1392 1043 1015

1238 1076 1460 1109 Archibaldum,
1488 1077 1656 1110 episcopum
1680 1075 1906 1104 Mox-aviensem,
1932 1074 2095 1108 dispensat,
2123 1083 2212 1109 super

1708 1013 1825 1046 Lntran,
1841 1013 1874 1039 ‘23
1892 1013 2042 1038 decembre
2062 1013 2138 1040 1255.

1202 1129 1310 1152 statuto
1327 1125 1419 1159 ipsius
1435 1128 1462 1150 et
1478 1125 1595 1158 capituli
1613 1124 1800 1149 Moraviensis
1817 1123 2004 1153 decernente,
2024 1127 2053 1148 ut
2071 1123 2165 1148 nullus
2183 1124 2210 1149 in

1202 1174 1341 1199 decanum
1365 1178 1562 1198 assumeretur
1582 1172 1634 1198 nisi
1661 1180 1710 1206 pet·
1732 1172 1900 1197 electionem
1919 1171 2103 1201 canonicam;
2121 1172 2210 1197 colla-

1202 1222 1366 1255 tionemque
1384 1222 1470 1247 decan
1484 1226 1539 1247 ntus
1555 1220 1673 1246 Nicolao
1690 1220 1724 1245 <le
1737 1219 1847 1245 Hedum
1861 1219 1894 1245 ab
1908 1219 2074 1245 Innocentio
2087 1228 2157 1254 papa
2170 1219 2211 1245 IV

1203 1271 1341 1304 assignati
1357 1270 1515 1296 confirmat.
1534 1269 1617 1301 (nto.
1634 1269 1678 1301 Ἡ,
1695 1269 1713 1294 f.
1734 1268 1806 1300 *1252
1823 1276 1890 1295 ann.
1906 1267 1944 1301 11,
1962 1276 1987 1295 c.
2004 1269 2041 1301 (J)

1247 1384 1258 1398 a
1290 1371 1489 1405 Archibaldo,
1526 1371 1659 1407 episeopo
1688 1371 1882 1398 illorariensi.
1916 1369 2070 1406 Exposita
2102 1377 2211 1397 coram

1205 1426 1300 1455 nobis
1313 1429 1368 1453 tua
1381 1424 1496 1462 petitio
1508 1422 1708 1457 continebat,
1723 1422 1809 1460 quod
1821 1422 1899 1451 olim
1914 1426 1947 1451 tn
1962 1426 1991 1451 et
2009 1421 2120 1451 dilecti
2137 1421 2210 1456 filii,

1205 1477 1386 1516 capitulum
1408 1476 1627 1506 Moraviensis
1652 1475 1806 1509 ecclesie,
1827 1474 1992 1504 statuistis
2012 1478 2061 1503 ut.
2081 1473 2212 1512 (litando

1204 1530 1310 1568 ipsius
1333 1529 1471 1559 ecclesie
1495 1529 1690 1558 decanatum
1716 1536 1832 1557 vacare
1855 1527 2077 1564 contingeret,
2100 1526 2212 1555 nullus

1204 1584 1243 1613 ad
1260 1583 1369 1621 ipsum
1386 1584 1622 1615 assumeretur,
1641 1580 1707 1609 nisi
1719 1589 1776 1617 per
1793 1579 1988 1609 electionem
2005 1574 2210 1622 canonicam⁷

1203 1637 1238 1667 in
1255 1637 1426 1665 decanum.
1445 1634 1594 1672 Cumque
1611 1633 1790 1662 decanatus
1806 1633 1877 1670 ipse
1893 1632 2100 1670 postmodum
2116 1640 2213 1661 vaca-

1203 1690 1324 1723 visset,
1346 1688 1505 1718 Nicolaus
1527 1687 1565 1716 de
1587 1687 1716 1716 Hedum
1736 1686 1892 1716 clericus.
1910 1685 1967 1723 qui
1987 1694 2086 1722 snper
2104 1685 2213 1722 provi-

1204 1743 1296 1772 sione
1325 1749 1385 1769 sua
1412 1740 1450 1769 de
1476 1739 1588 1777 aliqua
1616 1738 1776 1775 dignitate
1805 1741 1881 1766 tunc
1905 1737 2011 1775 primo
2038 1737 2072 1765 in
2099 1736 2211 1765 eadem

1205 1794 1345 1824 ecclesia
1365 1796 1521 1822 vacatura
1543 1791 1652 1821 felicis
1673 1790 1912 1819 recordationis
1940 1790 1964 1819 I.
1992 1798 2072 1827 pape
2097 1789 2214 1826 prede-

1204 1847 1346 1877 cessoris
1370 1845 1475 1874 nostri
1497 1844 1626 1873 litteras
1649 1843 1857 1881 impetrarat,
1876 1851 1950 1872 cnm
1967 1842 2031 1871 sibi
2049 1841 2214 1877 assiu-nari

1204 1899 1411 1939 postmodum
1429 1896 1601 1935 postularit
1616 1905 1673 1934 per
1687 1919 1719 1931 ..,
1734 1899 1940 1924 executorem
1956 1894 2019 1923 sibi
2035 1905 2049 1922 a
2068 1894 2214 1931 predicto

1204 1952 1436 1991 predecessore
1453 1958 1608 1979 concesso
1626 1948 1702 1987 (sic),
1721 1947 2071 1977 exeommunirationis
2086 1947 2119 1974 in
2137 1955 2215 1976 con-
2252 1960 2255 1962 ·

1205 2005 1399 2035 tradictores
1413 2001 1577 2032 sententia
1590 2000 1808 2039 promulgata.
1820 2001 1945 2029 Verum
1960 2004 1993 2028 tu
2008 1999 2214 2037 postmodum

1205 2062 1236 2087 et
1253 2055 1403 2096 canonici
1425 2054 1571 2093 ejusdem
1589 2053 1727 2083 ecclesie
1745 2053 1800 2091 qui
1824 2056 1900 2081 tunc
1918 2056 2011 2081 erant
2030 2055 2212 2089 presentes,

1205 2109 1284 2148 qnia
1312 2109 1347 2137 in
1377 2106 1603 2136 installatione
1633 2110 1742 2135 vestra
1770 2104 1971 2143 jnraveratis
2001 2103 2215 2133 rationabilia

1205 2162 1311 2200 ipsius
1336 2156 1621 2190 statuta'ecclesie
1645 2158 1838 2191 observare,
1864 2160 2050 2186 metuentes
2075 2156 2214 2194 perjurii

1205 2218 1333 2245 reatum
1351 2214 1532 2246 incurrere,
1551 2211 1615 2239 nisi
1633 2211 1673 2239 ad
1692 2210 1887 2239 el‹3›cti‹f»nem
1904 2209 2019 2239 decani
2032 2208 2214 2237 secundum

1205 2265 1397 2306 hujusmodi
1416 2269 1559 2294 tenm‘cm
1584 2263 1699 2292 statuti
1720 2262 1894 2300 procedere
1918 2261 2091 2291 curaretis,
2115 2261 2152 2289 A.
2176 2260 2214 2289 de

1205 2322 1279 2350 Dun
1297 2320 1331 2349 in
1351 2319 1511 2348 decanum
1533 2316 1696 2354 sepedicte
1716 2315 1854 2345 ecclesie
1872 2314 2077 2349 concorditnim
2094 2313 2215 2350 elegis-

1206 2373 1259 2407 tis,
1290 2376 1336 2406 et,
1364 2370 1564 2400 reclamante
1590 2372 1722 2406 propter
1744 2368 1805 2396 boc
1828 2370 2038 2404 procuratore
2065 2365 2143 2394 dicti
2172 2365 2212 2394 N.

1206 2423 1438 2463 appellationis
1465 2431 1592 2457 vocem,
1622 2421 1765 2450 duxistis⁷
1791 2420 1831 2449 ad
1857 2420 1973 2450 Sedem
2001 2418 2215 2456 apostolicam

1206 2474 1432 2505 emittendam.
1453 2473 1554 2502 Porro
1570 2470 1761 2509 hujusmodi
1779 2469 1910 2507 negotio
1927 2469 1966 2498 ad
1983 2468 2098 2497 Sedent
2117 2468 2215 2495 devo-

1205 2528 1284 2562 luto,
1304 2526 1441 2556 eandem
1460 2525 1547 2553 idem
1560 2524 1615 2558 N.,
1633 2523 1726 2552 vobis
1741 2522 1773 2551 in
1792 2531 1889 2551 cansa
1907 2519 2212 2554 snccumlwntilms,

1206 2579 1395 2619 hujusmodi
1412 2577 1621 2607 diffinitivam
1641 2585 1698 2614 pro
1718 2585 1751 2605 se
1771 2574 1971 2604 sententiam
1987 2572 2166 2611 reportavit
2183 2575 2215 2601 et

1205 2633 1401 2662 decanatum
1427 2629 1611 2668 predictum
1635 2628 1741 2658 extitit
1767 2631 1966 2656 assecutum.
1996 2626 2064 2654 Nos¹
2090 2625 2212 2661 itaque,

1207 2685 1272 2715 tuis
1295 2683 1447 2722 precibus
1473 2681 1643 2715 inclinati,
1670 2684 1698 2709 te
1719 2680 1812 2718 juxta
1833 2680 1973 2707 sormam
1996 2677 2133 2706 ecclesie
2157 2676 2214 2705 ab-

1206 2737 1289 2767 solvi
1309 2736 1450 2766 fecimus
1474 2735 1513 2765 ab
1537 2732 1890 2764 excomnmnirationis
1912 2729 2076 2760 sententia
2099 2738 2214 2766 snpra-

1206 2790 1303 2824 dicta,
1320 2789 1413 2827 cujus
1429 2788 1533 2817 teneri
1550 2791 1578 2817 te
1594 2786 1725 2816 vinculo
1740 2784 1925 2819 dubitabas,
1945 2792 1979 2812 ac
1997 2782 2143 2811 volentes
2161 2774 2215 2809 tue'

1206 2843 1239 2871 in
1254 2842 1314 2871 liae
1329 2845 1419 2879 parte
1434 2840 1637 2869 conscientie
1653 2838 1785 2877 plenius
1796 2836 1978 2875 providere.
1996 2839 2100 2863 tecum
2117 2842 2216 2871 snper

1206 2893 1464 2932 irregularitatis
1485 2891 1629 2926 macula,
1650 2891 1678 2920 si
1699 2900 1763 2929 qua
1782 2898 1819 2919 ex
1837 2898 1873 2918 eo
1892 2887 1977 2926 quod
1995 2885 2216 2923 appellatione

2062 2950 2092 2975 39
