2498 3325
192 245 245 273 182
916 243 1155 274 REGISTRES
1177 240 1484 272 D'ALEXANDRE
1508 242 1563 271 IV.

189 309 318 336 racensis
351 308 491 343 diocesis,
525 309 627 336 usibus
662 310 788 346 propriis
821 309 1019 345 applicandam
1054 307 1196 336 concedit.

188 358 272 391 (Rea.
289 357 333 388 24,
351 365 375 384 c.
395 357 457 391 488,
475 358 492 383 t.
511 358 580 390 71¹.)

230 471 243 485 «
264 481 297 494 ..,
314 460 426 488 rectori
445 464 471 488 et
489 460 640 496 fratribus
660 461 819 498 hospitalis
836 461 936 490 sancti
957 460 1106 489 Leonardi
1123 460 1198 489 Ebo-

187 512 333 540 rat-ensis.
357 512 402 541 Ex
423 516 514 549 parte
536 516 646 542 vestra
668 513 732 542 fuit
752 513 956 551 propositum
976 521 1084 542 eoram
1102 511 1198 542 nobis

188 564 285 602 (111011,
299 574 372 594 011111
385 565 418 594 111
433 565 590 603 hospitali
601 569 710 596 vestro
721 565 817 595 multi
831 574 991 604 pauperes
1006 570 1036 595 et
1048 564 1199 603 languidi

189 617 390 648 collocentur
421 623 451 648 et
478 619 625 649 infantes
656 619 742 648 inibi
771 619 950 658 aliquando
979 622 1196 657 exponantur,

188 671 309 709 quibus
327 680 382 700 vos
399 675 525 710 oportet
542 672 731 702 necessaria
746 672 955 705 ministrare,
974 671 1070 701 nobis
1086 670 1198 700 humi-

188 723 264 752 liter
276 723 499 761 supplicastis,
516 728 550 753 ut
563 724 737 754 ecclesiam
750 724 788 754 de
802 725 954 754 Neutone
969 733 1068 762 super
1082 724 1196 758 Usam,

189 776 407 806 Eboracensis
425 776 578 812 diocesis,
598 777 633 806 in
651 786 715 816 qua
727 777 782 816 jus
799 786 856 807 vos
872 776 995 806 habere
1014 775 1198 814 proponitis

188 833 393 868 patronatus,
411 829 504 859 vobis
517 830 696 860 concedere
713 830 751 859 de
767 829 975 867 benignitate
989 828 1085 858 solita
1102 837 1199 858 eura-
1216 842 1223 847 -

188 891 311 912 remus.
331 882 398 912 Nos
417 882 520 919 igitur
535 882 720 912 devotionis
737 886 844 912 vestre
861 882 1015 920 precibus
1032 881 1196 915 inclinati,

188 936 349 973 prefatam
369 934 543 964 ecclesiam
559 944 635 965 cum
651 935 805 965 omnibus
821 934 1035 974 pertinentiis
1054 934 1124 964 suis
1141 943 1199 972 ap-

188 987 377 1026 plicandam
404 987 520 1017 usibus
547 988 667 1018 vestris
699 988 895 1018 auctoritate
927 987 1133 1026 presentium
1160 986 1199 1016 (10

190 1041 295 1078 gratia
312 1040 404 1070 vobis
420 1041 632 1071 concedimus
649 1041 802 1079 speciali,
821 1041 1040 1071 concedentes
1056 1039 1200 1070 nichilo-

189 1094 301 1123 minus
317 1097 363 1128 ut,
382 1094 517 1124 cedente
533 1094 583 1123 vel
601 1094 778 1124 decedente
795 1094 901 1132 ipsius
918 1098 1055 1128 rectore,
1072 1101 1200 1131 posses-

190 1146 317 1177 sionem
339 1147 487 1186 ejusdem
503 1147 699 1177 auctoritate
721 1151 834 1177 nostra
856 1147 960 1176 libere
980 1145 1128 1184 ingredi,
1148 1155 1201 1175 ar-

190 1199 394 1238 chicpis‹·opi
423 1199 474 1229 vel
504 1200 682 1239 cujuslibet
719 1200 857 1230 alterius
892 1208 1033 1229 assensu
1062 1198 1200 1228 minime

190 1252 366 1290 requisito,
393 1262 429 1282 ac
454 1253 487 1281 in
514 1262 551 1282 ea
574 1262 631 1290 per
658 1253 871 1291 presbyteros
899 1252 1037 1281 valeatis
1064 1251 1200 1280 idoneos

190 1305 373 1340 deservire3
397 1305 444 1334 ita
463 1309 571 1335 tamen
595 1305 682 1343 quod
704 1305 892 1334 animarum
911 1313 990 1334 cura
1009 1303 1200 1333 nullatenus

154 1384 158 1387 ,
190 1356 378 1394 negligatur
392 1357 426 1386 in
442 1357 524 1395 ipsa,
540 1357 615 1396 jure
632 1357 872 1386 nichilominus
888 1356 1057 1386 diocesani
1073 1355 1108 1385 in
1125 1355 1200 1385 aliis

191 1419 254 1449 que
271 1410 311 1439 ad
327 1410 433 1448 ipsam
448 1410 615 1448 pertinent
635 1418 764 1448 semper
781 1409 882 1439 salvo.
900 1410 974 1439 Non
990 1408 1200 1438 obstantibus

191 1462 360 1502 aliquibus
376 1462 497 1492 litteris
512 1480 561 1491 —-.
579 1462 672 1492 Nulli
689 1466 750 1492 etc.
766 1466 877 1492 nostre
894 1461 1120 1492 concessionis
1137 1465 1198 1491 etc.

191 1517 265 1566 pat.
282 1513 431 1554 Neapoli,
452 1516 484 1545 Χ
498 1515 658 1545 kalendas
673 1515 765 1551 maii,
785 1524 871 1545 anno
886 1515 1005 1553 primo.
1025 1527 1037 1541 »

263 1708 351 1738 592

232 1770 384 1804 [Heni-ico,]
405 1771 541 1804 episcopo
556 1769 719 1796 Sambiensi
731 1772 759 1795 et
775 1769 939 1801 Guillclmo,
952 1769 1091 1795 canonico
1107 1769 1200 1795 00010-

192 1819 252 1846 siae
272 1826 296 1846 s.
315 1818 446 1853 Dionysii
467 1818 649 1848 Leodiensis,
667 1818 769 1844 scribit
787 1818 940 1844 nonnullos
958 1818 1081 1852 prelatos
1097 1821 1125 1843 et
1140 1817 1200 1843 cle-

191 1867 268 1894 ricos
291 1868 319 1893 in
346 1867 475 1902 partibus
500 1866 633 1893 poloniae
657 1866 847 1901 denegavisse
868 1871 899 1893 ut
919 1866 962 1897 P.,
985 1874 1008 1892 s.
1030 1866 1148 1900 Georgii
1166 1866 1200 1891 ad

193 1915 296 1942 Velum
319 1916 446 1942 Aureum
465 1915 586 1941 diacono
609 1915 745 1941 cardinali
766 1918 794 1941 et
816 1916 844 1941 in
865 1915 938 1949 ipsis
958 1915 1088 1949 partibus
1108 1914 1201 1949 legato

191 1965 403 1995 satisfacerent,
421 1968 449 1990 et
466 1964 733 1990 excommunicatos
752 1963 780 1990 in
800 1963 990 1997 denegatione
1012 1963 1175 1998 perstitisse
1194 1974 1199 1989 :

191 2014 326 2048 praefatis
341 2022 409 2048 ergo
425 2013 549 2044 mandat,
567 2016 598 2039 ut
614 2013 685 2039 infra
703 2016 818 2047 tempus
835 2012 993 2046 praefixum
1010 2021 1026 2038 a
1042 2012 1158 2047 prelatis
1174 2016 1201 2038 et

190 2062 304 2089 clericis
320 2060 495 2096 supradictis
509 2061 728 2095 procurationes
742 2060 772 2087 Ρ.
785 2061 938 2087 cardinalis
950 2061 1074 2095 persolvi
1085 2060 1200 2087 faciant.

193 2111 274 2144 (Res.
292 2110 336 2142 ⁶311,
353 2100 456 2142 c.⁷489,
474 2110 492 2137 f.
511 2110 575 2140 71'3
594 2109 776 2142 Ronsrfflsns,
795 2113 815 2135 t.
832 2109 886 2143 ΙΙΙ,
904 2115 935 2135 n⁰
949 2109 1023 2142 409.)

780 1706 907 1740 Anagni,
924 1706 957 1733 30
966 1707 1031 1740 juin
1050 1707 1128 1732 1255.

233 2226 246 2240 «
271 2236 302 2248 ..,
330 2214 462 2250 episcopo
483 2213 666 2247 Sambiensi,
685 2217 711 2241 et
730 2212 901 2247 Guillel‘mo,
920 2213 1068 2241 canonico
1085 2213 1202 2241 ecclesie

189 2267 289 2296 saneti
305 2267 436 2294 Dionis-ii
456 2266 636 2294 Leodiensis.
661 2265 820 2303 Exposuit
841 2264 937 2294 nobis
954 2264 1094 2295 dilectus
1112 2264 1201 2294 filius

191 2322 302 2348 noster
323 2319 372 2351 P.,
392 2318 497 2347 sancti
518 2317 654 2355 Georgii
675 2317 715 2347 ad
731 2317 851 2347 Velum
873 2318 1021 2346 Aureum
1042 2316 1201 2346 diaeonus

191 2370 385 2405 cardinalis,
403 2370 504 2408 quod,
528 2379 602 2399 cum
627 2369 706 2399 olim
728 2370 762 2398 in
785 2369 936 2408 partibus
958 2369 1093 2399 Polonie
1112 2369 1202 2407 lega-

190 2424 291 2454 tionis
312 2424 506 2460 fungeretur
529 2423 635 2453 officio
661 2428 691 2453 et
717 2423 871 2453 nonnulli
895 2422 1014 2461 prelati
1037 2427 1068 2452 et
1090 2422 1201 2453 clerici

191 2476 406 2508 ecclesiarum
428 2477 572 2514 partium
596 2477 786 2506 earumdem
810 2476 976 2506 seculares
997 2480 1027 2506 et
1052 2476 1202 2513 religiosi

191 2530 229 2560 de
253 2529 322 2559 suis
345 2529 636 2567 procurationibus
660 2529 691 2558 ei
716 2529 909 2558 satisfacere
936 2538 994 2566 pro
1022 2537 1082 2558 suo
1106 2528 1201 2558 libito

190 2582 402 2619 denegarent,
419 2581 493 2610 licet
508 2581 595 2609 idem
614 2581 794 2610 cardinalis
810 2581 845 2610 in
862 2580 1037 2619 plerosque
1053 2581 1201 2619 ipsorum

189 2635 305 2665 fecerit
327 2634 367 2664 ob
392 2634 424 2663 111
449 2634 801 2663 excommunicationis
829 2634 1029 2663 sententiam
1054 2633 1201 2672 promul-

190 2688 278 2726 gari,
303 2687 382 2717 dicti
411 2691 518 2716 tamen
546 2686 665 2724 prelati
691 2691 721 2716 et
748 2686 860 2717 clerici
885 2686 1143 2724 dampnabiliter
1165 2686 1200 2715 in

190 2740 303 2770 eadem
315 2740 492 2773 sententia,
507 2739 568 2769 sub
578 2739 809 2777 appellationis
819 2739 995 2774 velamine,
1008 2739 1041 2767 in
1052 2748 1151 2777 quam
1160 2739 1200 2768 ad

190 2802 249 2822 nos
262 2793 450 2831 prorupisse
465 2792 631 2827 (licuntur,
647 2792 824 2830 persistere
838 2801 902 2821 non
915 2795 1078 2826 verentes,
1092 2791 1199 2821 adhuc

189 2845 437 2885 procurationes
466 2844 597 2874 easdem
626 2844 753 2874 solvere
778 2844 1023 2874 contradicunt.
1056 2843 1199 2874 nichilo-

189 2899 300 2928 minus
331 2902 558 2936 presumentes
586 2897 773 2927 immiscere
800 2906 834 2927 se
861 2897 984 2926 divinis
1006 2896 1124 2927 officiis
1151 2896 1198 2926 sic

1280 306 1387 344 ligati.
1405 307 1473 337 Nos
1494 311 1604 337 autem
1621 307 1821 338 sententiam
1846 307 1970 345 ipsam,
2000 315 2099 346 quam
2122 315 2228 346 usque
2250 307 2291 338 ad

1280 359 1545 389 satisfactionem
1565 360 1762 398 condignam
1784 358 2025 389 inviolabiliter
2044 358 2215 389 observari
2234 367 2291 389 vo-

1279 411 1406 447 lumus,
1427 417 1531 442 ratam
1552 416 1582 442 et
1599 417 1725 451 gratam
1742 412 1919 447 habentes,
1938 421 1975 442 ae
1991 411 2129 442 eandem
2146 410 2291 450 appella-

1280 464 1404 495 tionem
1419 464 1572 494 frivolam
1583 469 1786 504 reputantes,
1797 464 2005 498 mandamus,
2017 464 2174 502 quatinus
2186 464 2291 494 dictos

1280 517 1425 556 prelatos
1453 522 1483 548 et
1508 517 1606 554 alios,
1630 518 1868 557 cujuscumque
1895 513 2068 555 dignitatis
2092 516 2143 546 vel
2163 515 2291 547 ordinis

1280 570 1417 604 fuerint,
1437 570 1599 600 moneatis
1616 569 1667 600 vel
1683 570 1811 600 moneri
1826 569 1974 604 faciatis,
1992 573 2027 598 111
2044 569 2132 598 infra
2149 573 2289 608 tempus,

1281 622 1369 662 quod
1388 623 1437 652 eis
1453 622 1615 652 duxeritis
1632 622 1877 661 prefigendum,
1895 622 1989 652 vobis
2010 625 2041 652 et
2062 621 2156 657 aliis,
2175 621 2232 660 qui
2250 621 2292 651 ad

1281 675 1343 705 hoc
1359 675 1538 713 deputandi
1558 676 1691 705 nomine
1708 674 1888 705 cardinalis
1905 674 2071 714 ejusdem,
2094 674 2199 704 dictas
2214 682 2291 712 pro-

1281 727 1470 758 curationes
1487 738 1560 758 cum
1581 728 1772 766 integritate
1788 727 1978 766 persolvant
1995 737 2000 756 :
2019 726 2290 761 contradictores,

1281 781 1316 810 in
1334 789 1416 819 quos
1434 790 1498 810 11011
1517 781 1626 811 suerat
1643 781 1756 811 eadem
1777 780 1944 810 sententia
1963 779 2185 818 promulgata,
2203 779 2245 810 ad
2258 778 2293 809 id

1281 843 1339 873 per
1366 844 1541 864 censuram
1569 834 1831 864 ecclesiasticam
1859 833 2079 872 appellatione
2110 832 2294 872 postposita

1282 887 1518 926 compellendo.
1543 887 1620 917 Illos
1641 891 1751 916 antem
1772 891 1803 917 et
1825 886 1908 917 alios
1931 890 2142 916 contumaces
2162 895 2220 924 per
2235 894 2293 916 vos

1282 945 1337 970 aut
1354 939 1437 970 alios
1453 948 1491 970 ex
1507 944 1598 978 parte
1615 944 1727 969 nostra
1743 939 1964 978 peremptorie
1982 939 2084 969 citare
2099 938 2240 973 curetis,
2257 941 2295 968 ut

1282 993 1369 1022 infra
1381 993 1463 1023 duos
1478 1002 1608 1023 menses
1624 997 1697 1031 post
1708 992 1900 1022 citationem
1916 996 2059 1022 vestram
2074 990 2295 1029 personaliter

1283 1046 1394 1076 nostr'o
1417 1055 1450 1076 se
1469 1046 1659 1084 conspectui
1679 1048 1923 1084 representem,
1943 1045 2030 1084 quod
2051 1045 2198 1082 ipsorum
2215 1051 2294 1074 con-

1283 1099 1427 1129 tumacia
1440 1099 1559 1129 meruit
1572 1099 1749 1137 recepturi.
1762 1098 1855 1135 Quod
1867 1098 1895 1127 si
1905 1098 1988 1128 forte
2000 1107 2058 1136 per
2068 1096 2294 1127 inobedientie

1281 1153 1399 1182 vitium
1416 1152 1566 1182 citationi
1582 1160 1697 1190 parere
1714 1151 1984 1190 contempserint,
2002 1150 2146 1188 prelatos
2162 1149 2295 1180 eosdem

1283 1206 1408 1235 tamdiu
1423 1205 1723 1235 excommunicatos
1734 1203 1865 1242 publice
1880 1203 2047 1233 nuncietis
2062 1207 2092 1232 et
2105 1202 2238 1232 faciatis
2254 1201 2294 1232 ab

1283 1258 1437 1288 omnibus
1461 1258 1565 1287 artius
1583 1257 1718 1292 evitari,
1741 1257 1843 1286 donee
1865 1256 1905 1285 ad
1926 1256 2129 1294 presentiam
2148 1258 2295 1285 nostram

1283 1311 1495 1342 accesserint.
1512 1311 1651 1349 parituri
1666 1310 1831 1340 mandatis
1848 1309 2038 1348 apostolicis
2056 1309 2091 1338 in
2107 1307 2292 1346 premissis.

1283 1364 1375 1394 Alios
1402 1372 1480 1394 vero
1507 1363 1678 1393 beneficiis
1703 1362 1950 1398 ecclesiasticis,
1980 1371 2043 1400 (1110
2072 1361 2108 1390 111
2137 1359 2295 1398 predictis

1282 1417 1433 1456 partibus
1456 1417 1618 1451 obtinent,
1642 1416 1773 1454 privare
1801 1424 1838 1445 ac
1866 1424 1903 1445 ea
1930 1414 2081 1453 personis
2110 1412 2239 1443 idoneis
2263 1416 2296 1442 et

1283 1470 1516 1500 obedientibus
1535 1474 1565 1499 et
1581 1469 1719 1504 devotis,
1735 1468 1858 1508 quibus
1877 1467 2029 1506 expedire
2049 1466 2202 1496 videritis
2217 1473 2296 1495 con-

1283 1524 1370 1552 ferre
1392 1523 1526 1552 curetis.
1549 1522 1817 1553 Contradictores
1840 1520 1970 1551 sublato
1988 1519 2166 1559 cujuslibet
2184 1517 2296 1557 appel-

1283 1575 1418 1605 lationis
1447 1574 1618 1604 ohstaculo
1647 1582 1789 1604 censura
1818 1572 1922 1603 simili
1951 1571 2188 1610 compellendo.
2220 1570 2295 1600 Non

1283 1629 1433 1659 obstante
1455 1628 1483 1657 si
1505 1628 1674 1667 aliquibus
1690 1627 1853 1657 dictarum
1868 1626 2014 1664 partium
2030 1634 2048 1654 a
2066 1624 2150 1655 Sede
2165 1626 2297 1662 aposto-

1282 1681 1347 1711 lica
1375 1682 1418 1710 sit
1443 1681 1621 1715 indultum,
1648 1680 1736 1719 quod
1755 1678 2035 1710 excommunicari
2052 1677 2113 1708 vvel
2140 1675 2295 1706 interdici

1283 1739 1448 1772 nequeant
1462 1738 1518 1763 aut
1532 1733 1690 1772 suspendi
1707 1737 1738 1762 et
1752 1731 1988 1762 constitutione
2002 1731 2041 1760 de
2053 1729 2181 1760 duabus
2196 1727 2296 1758 dietis

1283 1787 1390 1817 edicta
1419 1787 1454 1815 in
1484 1786 1624 1815 concilio
1654 1784 1813 1823 generali.
1842 1784 1937 1813 Diem
1965 1792 2041 1812 vero
2068 1781 2237 1811 citationis
2264 1784 2296 1811 et

1283 1840 1443 1879 quicquid
1458 1840 1533 1869 inde
1547 1839 1695 1869 feceritis
1708 1838 1804 1868 nobis
1816 1846 1874 1876 per
1887 1840 2015 1866 vestras
2031 1836 2159 1865 litteras
2175 1834 2295 1864 harum

1283 1893 1404 1923 seriem
1434 1893 1644 1922 continentes
1673 1891 1815 1921 fideliter
1842 1889 2017 1919 intimetis,
2049 1888 2142 1925 Quod
2171 1888 2200 1918 si
2228 1895 2294 1917 non

1283 1946 1379 1976 ambo
1392 1950 1452 1976 etc.
1465 1946 1538 1975 Dat.
1555 1941 2032 1982 1111001110,111101001105111111,
2050 1950 2136 1971 anno
2146 1940 2264 1979 primo.
2279 1951 2293 1965 n

1319 2064 1352 2090 In
1373 2072 1398 2091 e.
1419 2072 1456 2090 m.
1478 2063 1588 2089 eisdem
1610 2066 1709 2089 contra
1729 2082 1758 2093 ..,
1774 2062 1943 2096 episcopum
1959 2066 1988 2087 et
2003 2061 2111 2086 clerum
2128 2059 2252 2086 civitatis
2266 2062 2296 2085 et

1283 2113 1409 2140 diocesis
1425 2112 1650 2139 Pataviensium.

1319 2162 1353 2189 ln
1374 2170 1398 2188 e.
1422 2170 1460 2188 m.
1487 2182 1516 2192 ..,
1540 2161 1635 2187 abbati
1651 2161 1744 2187 sancti
1761 2159 1890 2190 Martini,
1908 2162 1936 2184 et
2000 2158 2108 2184 decano
2124 2157 2214 2184 sancti
2233 2156 2293 2183 An-

1284 2212 1352 2238 dree
1371 2210 1569 2242 Coloniensis,
1586 2214 1685 2237 contra
1703 2209 1856 2235 nonnullos
1873 2208 1997 2243 prelatos
2017 2211 2045 2233 et
2064 2207 2185 2233 clericos
2199 2206 2294 2233 eccle-

1284 2261 1392 2287 siarum
1409 2260 1531 2295 partium
1550 2259 1700 2285 Alamanie
1715 2258 1861 2285 seculares
1877 2261 1905 2284 et
1920 2257 2083 2291 religiosos.

1320 2309 1351 2335 In
1373 2318 1398 2336 e.
1416 2317 1455 2336 in.
1473 2329 1502 2340 ..,
1525 2309 1663 2343 episcopo
1679 2307 1858 2338 Sambiensi,
1876 2310 1903 2332 et
1919 2305 2073 2332 Gnillelmo
2088 2304 2227 2332 canonico
2243 2311 2295 2331 ec-

1283 2359 1371 2385 clesie
1386 2357 1477 2384 sancti
1496 2356 1626 2392 Dyonisii
1644 2355 1823 2386 Leodiensis,
1840 2358 1939 2381 contra
1955 2375 1985 2386 ..,
2002 2352 2125 2380 electum
2141 2357 2169 2380 et
2184 2353 2292 2380 clerum

1284 2405 1555 2440 Salzehnrgensium
1572 2404 1698 2431 civitatis
1713 2408 1740 2430 et
1756 2404 1893 2430 diocesis.

1318 2455 1350 2482 In
1362 2464 1387 2482 e.
1405 2464 1444 2483 m.
1459 2454 1569 2481 eisdem
1582 2461 1673 2488 usque
1693 2464 1698 2479 :
1715 2452 1792 2487 quod
1804 2461 1870 2479 cum
1881 2452 1949 2478 olim
1965 2451 1992 2478 in
2010 2451 2140 2486 partibus
2154 2450 2234 2477 Daue
2249 2449 2292 2476 le-

1283 2505 1408 2539 gationis
1428 2504 1520 2530 officio
1541 2503 1721 2536 fungeretur,
1745 2501 1919 2527 venerabilis
1939 2500 2026 2526 frater
2048 2504 2146 2526 noster
2163 2519 2193 2529 ..,
2215 2498 2291 2525 Lun-

1283 2553 1382 2579 densis
1395 2552 1644 2586 archiepiscopus,
1661 2555 1689 2576 et
1704 2549 1833 2576 nonnulli
1849 2548 2022 2583 suffraganei
2040 2548 2163 2583 partium
2179 2555 2291 2574 earum·
2306 2581 2310 2583 ι

1283 2602 1347 2628 dem
1364 2605 1419 2628 etc.
1437 2605 1467 2627 ut
1483 2601 1510 2627 in
1525 2601 1579 2627 alia
1597 2608 1688 2634 usque
1704 2599 1731 2625 in
1748 2599 1846 2625 finem.

1353 2788 1441 2817 593
1840 2786 1966 2820 Anagni,
1987 2785 2016 2811 10
2032 2783 2122 2818 juillet
2142 2782 2217 2810 1255.

1316 2851 1454 2886 Magistro
1476 2850 1602 2876 Roberto
1619 2849 1653 2875 de
1670 2849 1823 2883 Melkeley,
1840 2848 1986 2882 capellano
2000 2854 2069 2879 suo,
2086 2854 2121 2872 ex
2143 2844 2291 2871 nobilibus

1281 2903 1343 2927 orto
1360 2899 1511 2929 natalibus,
1530 2899 1677 2934 dispensat
1694 2901 1734 2928 nt,
1753 2896 1931 2932 praeterduo
1943 2894 2080 2922 beneficia
2091 2893 2290 2920 ecclesiastica
