<?xml version="1.0" encoding="UTF-8"?>
<!DOCTYPE html PUBLIC "-//W3C//DTD XHTML 1.0 Transitional//EN"
    "http://www.w3.org/TR/xhtml1/DTD/xhtml1-transitional.dtd">
<html xmlns="http://www.w3.org/1999/xhtml" xml:lang="en" lang="en">
 <head>
  <title>
</title>
<meta http-equiv="Content-Type" content="text/html;charset=utf-8" />
  <meta name='ocr-system' content='tesseract 3.04.00' />
  <meta name='ocr-capabilities' content='ocr_page ocr_carea ocr_par ocr_line ocrx_word'/>
</head>
<body>
  <div class='ocr_page' id='page_1' title='image "./lesregistresdale01cathuoft_0436.png"; bbox 0 0 2498 3325; ppageno 0'>
   <div class='ocr_carea' id='block_1_1' title="bbox 231 214 1602 247">
    <p class='ocr_par' dir='ltr' id='par_1_1' title="bbox 231 214 1602 247">
     <span class='ocr_line' id='line_1_1' title="bbox 231 214 1602 247; baseline -0.003 0"><span class='ocrx_word' id='word_1_1' title='bbox 231 218 287 247; x_wconf 64' lang='lat'>4³0</span> <span class='ocrx_word' id='word_1_2' title='bbox 954 215 1194 245; x_wconf 80' lang='lat' dir='ltr'>REGISTRES</span> <span class='ocrx_word' id='word_1_3' title='bbox 1216 214 1522 244; x_wconf 75' lang='lat' dir='ltr'>D‘ALEXANDRE</span> <span class='ocrx_word' id='word_1_4' title='bbox 1546 215 1602 244; x_wconf 90' lang='lat' dir='ltr'>IV.</span> 
     </span>
    </p>
   </div>
   <div class='ocr_carea' id='block_1_2' title="bbox 254 238 287 246">
    <p class='ocr_par' dir='ltr' id='par_1_2' title="bbox 254 238 287 246">
     <span class='ocr_line' id='line_1_2' title="bbox 254 238 287 246; baseline 0 0"><span class='ocrx_word' id='word_1_5' title='bbox 254 238 287 246; x_wconf 51' lang='grc' dir='ltr'>,υ</span> 
     </span>
    </p>
   </div>
   <div class='ocr_carea' id='block_1_3' title="bbox 231 279 1235 361">
    <p class='ocr_par' dir='ltr' id='par_1_3' title="bbox 231 279 1235 361">
     <span class='ocr_line' id='line_1_3' title="bbox 231 279 1235 315; baseline -0.003 -7"><span class='ocrx_word' id='word_1_6' title='bbox 231 291 331 308; x_wconf 81' lang='lat' dir='ltr'>eorum</span> <span class='ocrx_word' id='word_1_7' title='bbox 347 281 380 308; x_wconf 87' lang='lat' dir='ltr'>ad</span> <span class='ocrx_word' id='word_1_8' title='bbox 398 281 514 308; x_wconf 82' lang='lat' dir='ltr'>ordines</span> <span class='ocrx_word' id='word_1_9' title='bbox 532 284 696 315; x_wconf 78' lang='lat' dir='ltr'>promoveat</span> <span class='ocrx_word' id='word_1_10' title='bbox 713 284 739 306; x_wconf 86' lang='lat' dir='ltr'>et</span> <span class='ocrx_word' id='word_1_11' title='bbox 763 280 900 306; x_wconf 77' lang='lat' dir='ltr'>moniales</span> <span class='ocrx_word' id='word_1_12' title='bbox 917 279 1076 306; x_wconf 78' lang='lat' dir='ltr'>benedicat.</span> <span class='ocrx_word' id='word_1_13' title='bbox 1092 279 1174 313; x_wconf 71' lang='lat' dir='ltr'>(Rea.</span> <span class='ocrx_word' id='word_1_14' title='bbox 1191 279 1235 310; x_wconf 68' lang='lat'>24,</span> 
     </span>
     <span class='ocr_line' id='line_1_4' title="bbox 232 329 608 361; baseline 0 -5"><span class='ocrx_word' id='word_1_15' title='bbox 232 332 250 356; x_wconf 79' lang='lat' dir='ltr'>i.</span> <span class='ocrx_word' id='word_1_16' title='bbox 267 331 325 361; x_wconf 81' lang='lat'>¹77,</span> <span class='ocrx_word' id='word_1_17' title='bbox 341 339 406 356; x_wconf 86' lang='lat' dir='ltr'>ann.</span> <span class='ocrx_word' id='word_1_18' title='bbox 425 329 462 361; x_wconf 84' lang='lat' dir='ltr'>II,</span> <span class='ocrx_word' id='word_1_19' title='bbox 479 338 503 356; x_wconf 83' lang='lat' dir='ltr'>C.</span> <span class='ocrx_word' id='word_1_20' title='bbox 523 329 608 361; x_wconf 77' lang='lat'>306².)</span> 
     </span>
    </p>
   </div>
   <div class='ocr_carea' id='block_1_4' title="bbox 225 430 1236 997">
    <p class='ocr_par' dir='ltr' id='par_1_4' title="bbox 225 430 1236 997">
     <span class='ocr_line' id='line_1_5' title="bbox 272 430 1236 468; baseline 0 -10"><span class='ocrx_word' id='word_1_21' title='bbox 272 444 284 458; x_wconf 74' lang='grc' dir='ltr'>α</span> <span class='ocrx_word' id='word_1_22' title='bbox 304 454 338 465; x_wconf 82' lang='lat'>..‚</span> <span class='ocrx_word' id='word_1_23' title='bbox 356 432 503 468; x_wconf 69' lang='lat' dir='ltr'>magsislro</span> <span class='ocrx_word' id='word_1_24' title='bbox 517 436 542 459; x_wconf 80' lang='lat' dir='ltr'>el</span> <span class='ocrx_word' id='word_1_25' title='bbox 558 431 712 459; x_wconf 70' lang='lat' dir='ltr'>itttiversis</span> <span class='ocrx_word' id='word_1_26' title='bbox 728 431 884 467; x_wconf 74' lang='lat' dir='ltr'><em>prioribus</em></span> <span class='ocrx_word' id='word_1_27' title='bbox 897 435 922 459; x_wconf 82' lang='lat' dir='ltr'>et</span> <span class='ocrx_word' id='word_1_28' title='bbox 937 430 1088 466; x_wconf 74' lang='lat' dir='ltr'>fratribus</span> <span class='ocrx_word' id='word_1_29' title='bbox 1103 438 1139 459; x_wconf 82' lang='lat' dir='ltr'>ac</span> <span class='ocrx_word' id='word_1_30' title='bbox 1153 439 1236 458; x_wconf 83' lang='lat' dir='ltr'>soro-</span> 
     </span>
     <span class='ocr_line' id='line_1_6' title="bbox 230 481 1235 520; baseline -0.003 -7"><span class='ocrx_word' id='word_1_31' title='bbox 230 485 315 513; x_wconf 74' lang='lat' dir='ltr'>ribus</span> <span class='ocrx_word' id='word_1_32' title='bbox 338 484 458 512; x_wconf 78' lang='lat' dir='ltr'><strong><em>ordinis</em></strong></span> <span class='ocrx_word' id='word_1_33' title='bbox 478 483 511 511; x_wconf 72' lang='lat' dir='ltr'>de</span> <span class='ocrx_word' id='word_1_34' title='bbox 531 483 759 520; x_wconf 69' lang='lat' dir='ltr'>Sempinyham.</span> <span class='ocrx_word' id='word_1_35' title='bbox 784 481 970 519; x_wconf 76' lang='lat' dir='ltr'>Religionis</span> <span class='ocrx_word' id='word_1_36' title='bbox 992 486 1100 512; x_wconf 81' lang='lat' dir='ltr'>vestre</span> <span class='ocrx_word' id='word_1_37' title='bbox 1122 486 1181 511; x_wconf 88' lang='lat' dir='ltr'>etc.</span> <span class='ocrx_word' id='word_1_38' title='bbox 1201 486 1235 511; x_wconf 88' lang='lat' dir='ltr'>ut</span> 
     </span>
     <span class='ocr_line' id='line_1_7' title="bbox 231 534 1236 574; baseline -0.002 -8"><span class='ocrx_word' id='word_1_39' title='bbox 231 537 265 566; x_wconf 92' lang='lat' dir='ltr'>in</span> <span class='ocrx_word' id='word_1_40' title='bbox 290 536 354 565; x_wconf 80' lang='lat' dir='ltr'>alia</span> <span class='ocrx_word' id='word_1_41' title='bbox 376 545 481 574; x_wconf 82' lang='lat' dir='ltr'>usque</span> <span class='ocrx_word' id='word_1_42' title='bbox 500 546 505 564; x_wconf 91' lang='lat'><strong>:</strong></span> <span class='ocrx_word' id='word_1_43' title='bbox 525 535 692 569; x_wconf 71' lang='lat' dir='ltr'>inclinati,</span> <span class='ocrx_word' id='word_1_44' title='bbox 718 535 928 564; x_wconf 69' lang='lat' dir='ltr'>universitati</span> <span class='ocrx_word' id='word_1_45' title='bbox 950 539 1057 564; x_wconf 87' lang='lat' dir='ltr'>vestre</span> <span class='ocrx_word' id='word_1_46' title='bbox 1081 540 1116 564; x_wconf 89' lang='lat' dir='ltr'>ut</span> <span class='ocrx_word' id='word_1_47' title='bbox 1139 534 1236 565; x_wconf 84' lang='lat' dir='ltr'>liceat</span> 
     </span>
     <span class='ocr_line' id='line_1_8' title="bbox 228 588 1235 627; baseline -0.003 -7"><span class='ocrx_word' id='word_1_48' title='bbox 228 591 321 620; x_wconf 80' lang='lat' dir='ltr'>vohis</span> <span class='ocrx_word' id='word_1_49' title='bbox 338 590 564 619; x_wconf 83' lang='lat' dir='ltr'>ordinationes</span> <span class='ocrx_word' id='word_1_50' title='bbox 579 589 824 619; x_wconf 82' lang='lat' dir='ltr'>canonicorum.</span> <span class='ocrx_word' id='word_1_51' title='bbox 838 589 894 627; x_wconf 83' lang='lat' dir='ltr'>qui</span> <span class='ocrx_word' id='word_1_52' title='bbox 910 588 949 617; x_wconf 89' lang='lat' dir='ltr'>ad</span> <span class='ocrx_word' id='word_1_53' title='bbox 962 588 1095 618; x_wconf 79' lang='lat' dir='ltr'>ordines</span> <span class='ocrx_word' id='word_1_54' title='bbox 1111 588 1235 618; x_wconf 87' lang='lat' dir='ltr'>suerint</span> 
     </span>
     <span class='ocr_line' id='line_1_9' title="bbox 228 641 1235 682; baseline -0.003 -9"><span class='ocrx_word' id='word_1_55' title='bbox 228 642 452 682; x_wconf 80' lang='lat' dir='ltr'>promovendi,</span> <span class='ocrx_word' id='word_1_56' title='bbox 466 645 497 672; x_wconf 89' lang='lat' dir='ltr'>et</span> <span class='ocrx_word' id='word_1_57' title='bbox 513 641 759 671; x_wconf 76' lang='lat' dir='ltr'>benedictiones</span> <span class='ocrx_word' id='word_1_58' title='bbox 776 641 971 670; x_wconf 83' lang='lat' dir='ltr'>monialium</span> <span class='ocrx_word' id='word_1_59' title='bbox 989 641 1090 671; x_wconf 84' lang='lat' dir='ltr'>vestri</span> <span class='ocrx_word' id='word_1_60' title='bbox 1108 642 1235 671; x_wconf 80' lang='lat' dir='ltr'>ordinis</span> 
     </span>
     <span class='ocr_line' id='line_1_10' title="bbox 228 694 1235 734; baseline -0.001 -9"><span class='ocrx_word' id='word_1_61' title='bbox 228 705 247 725; x_wconf 86' lang='lat' dir='ltr'>a</span> <span class='ocrx_word' id='word_1_62' title='bbox 262 704 469 734; x_wconf 81' lang='lat' dir='ltr'>quocumque</span> <span class='ocrx_word' id='word_1_63' title='bbox 487 694 673 724; x_wconf 74' lang='lat' dir='ltr'>malueritis</span> <span class='ocrx_word' id='word_1_64' title='bbox 690 694 851 723; x_wconf 83' lang='lat' dir='ltr'>catholico</span> <span class='ocrx_word' id='word_1_65' title='bbox 868 694 1030 732; x_wconf 76' lang='lat' dir='ltr'>episcopo,</span> <span class='ocrx_word' id='word_1_66' title='bbox 1047 695 1187 731; x_wconf 76' lang='lat' dir='ltr'>gratiam</span> <span class='ocrx_word' id='word_1_67' title='bbox 1205 699 1235 724; x_wconf 86' lang='lat' dir='ltr'>et</span> 
     </span>
     <span class='ocr_line' id='line_1_11' title="bbox 228 746 1235 785; baseline -0.001 -8"><span class='ocrx_word' id='word_1_68' title='bbox 228 748 494 778; x_wconf 70' lang='lat' dir='ltr'>communionem</span> <span class='ocrx_word' id='word_1_69' title='bbox 521 746 700 785; x_wconf 83' lang='lat' dir='ltr'>apostolice</span> <span class='ocrx_word' id='word_1_70' title='bbox 725 747 819 776; x_wconf 76' lang='lat' dir='ltr'>Sedis</span> <span class='ocrx_word' id='word_1_71' title='bbox 843 746 999 782; x_wconf 78' lang='lat' dir='ltr'>habente,</span> <span class='ocrx_word' id='word_1_72' title='bbox 1021 747 1183 785; x_wconf 80' lang='lat' dir='ltr'>recipere,</span> <span class='ocrx_word' id='word_1_73' title='bbox 1206 748 1235 776; x_wconf 89' lang='lat' dir='ltr'>si</span> 
     </span>
     <span class='ocr_line' id='line_1_12' title="bbox 226 799 1234 838; baseline -0.002 -7"><span class='ocrx_word' id='word_1_74' title='bbox 226 801 372 831; x_wconf 88' lang='lat' dir='ltr'>locorum</span> <span class='ocrx_word' id='word_1_75' title='bbox 393 800 562 829; x_wconf 80' lang='lat' dir='ltr'>diocesani</span> <span class='ocrx_word' id='word_1_76' title='bbox 586 808 684 837; x_wconf 85' lang='lat' dir='ltr'>super</span> <span class='ocrx_word' id='word_1_77' title='bbox 704 799 764 828; x_wconf 89' lang='lat' dir='ltr'>hoc</span> <span class='ocrx_word' id='word_1_78' title='bbox 787 799 959 829; x_wconf 88' lang='lat' dir='ltr'>humiliter</span> <span class='ocrx_word' id='word_1_79' title='bbox 975 800 1128 838; x_wconf 71' lang='lat' dir='ltr'>requisiti</span> <span class='ocrx_word' id='word_1_80' title='bbox 1148 800 1234 829; x_wconf 85' lang='lat' dir='ltr'>diffi-</span> 
     </span>
     <span class='ocr_line' id='line_1_13' title="bbox 227 852 1234 891; baseline -0.001 -8"><span class='ocrx_word' id='word_1_81' title='bbox 227 853 307 883; x_wconf 85' lang='lat' dir='ltr'>ciles</span> <span class='ocrx_word' id='word_1_82' title='bbox 324 862 358 883; x_wconf 86' lang='lat' dir='ltr'>se</span> <span class='ocrx_word' id='word_1_83' title='bbox 374 853 577 882; x_wconf 76' lang='lat' dir='ltr'>reddiderint</span> <span class='ocrx_word' id='word_1_84' title='bbox 595 856 625 882; x_wconf 87' lang='lat' dir='ltr'>et</span> <span class='ocrx_word' id='word_1_85' title='bbox 642 862 679 881; x_wconf 80' lang='lat' dir='ltr'>ea</span> <span class='ocrx_word' id='word_1_86' title='bbox 696 852 788 881; x_wconf 84' lang='lat' dir='ltr'>vobis</span> <span class='ocrx_word' id='word_1_87' title='bbox 809 852 911 889; x_wconf 65' lang='lat' dir='ltr'>gratis</span> <span class='ocrx_word' id='word_1_88' title='bbox 932 856 961 882; x_wconf 85' lang='lat' dir='ltr'>et</span> <span class='ocrx_word' id='word_1_89' title='bbox 981 852 1105 891; x_wconf 82' lang='lat' dir='ltr'>absque</span> <span class='ocrx_word' id='word_1_90' title='bbox 1124 854 1234 891; x_wconf 83' lang='lat' dir='ltr'>pravi-</span> 
     </span>
     <span class='ocr_line' id='line_1_14' title="bbox 226 905 1231 944; baseline -0.001 -8"><span class='ocrx_word' id='word_1_91' title='bbox 226 910 292 936; x_wconf 90' lang='lat' dir='ltr'>tate</span> <span class='ocrx_word' id='word_1_92' title='bbox 313 906 424 944; x_wconf 84' lang='lat' dir='ltr'>aliqua</span> <span class='ocrx_word' id='word_1_93' title='bbox 441 905 609 935; x_wconf 86' lang='lat' dir='ltr'>noluerint</span> <span class='ocrx_word' id='word_1_94' title='bbox 625 905 794 940; x_wconf 83' lang='lat' dir='ltr'>exhibere,</span> <span class='ocrx_word' id='word_1_95' title='bbox 816 906 1010 935; x_wconf 84' lang='lat' dir='ltr'>auctoritate</span> <span class='ocrx_word' id='word_1_96' title='bbox 1027 906 1231 943; x_wconf 83' lang='lat' dir='ltr'>presentium</span> 
     </span>
     <span class='ocr_line' id='line_1_15' title="bbox 225 958 1232 997; baseline 0 -9"><span class='ocrx_word' id='word_1_97' title='bbox 225 958 449 997; x_wconf 75' lang='lat' dir='ltr'>indulgemus.</span> <span class='ocrx_word' id='word_1_98' title='bbox 469 958 560 989; x_wconf 89' lang='lat' dir='ltr'>Nulli</span> <span class='ocrx_word' id='word_1_99' title='bbox 578 963 638 988; x_wconf 87' lang='lat' dir='ltr'>etc.</span> <span class='ocrx_word' id='word_1_100' title='bbox 659 963 768 988; x_wconf 85' lang='lat' dir='ltr'>nostre</span> <span class='ocrx_word' id='word_1_101' title='bbox 785 958 1011 988; x_wconf 76' lang='lat' dir='ltr'>concessionis</span> <span class='ocrx_word' id='word_1_102' title='bbox 1028 963 1088 988; x_wconf 84' lang='lat' dir='ltr'>etc.</span> <span class='ocrx_word' id='word_1_103' title='bbox 1107 959 1179 988; x_wconf 85' lang='lat' dir='ltr'>Dat.</span> <span class='ocrx_word' id='word_1_104' title='bbox 1198 963 1232 988; x_wconf 81' lang='lat' dir='ltr'>ut</span> 
     </span>
    </p>
   </div>
   <div class='ocr_carea' id='block_1_5' title="bbox 226 1020 370 1050">
    <p class='ocr_par' dir='ltr' id='par_1_5' title="bbox 226 1020 370 1050">
     <span class='ocr_line' id='line_1_16' title="bbox 226 1020 370 1050; baseline -0.021 -9"><span class='ocrx_word' id='word_1_105' title='bbox 226 1020 337 1050; x_wconf 85' lang='lat' dir='ltr'>supra.</span> <span class='ocrx_word' id='word_1_106' title='bbox 357 1024 370 1038; x_wconf 69' lang='lat' dir='ltr'>n</span> 
     </span>
    </p>
   </div>
   <div class='ocr_carea' id='block_1_6' title="bbox 298 1190 413 1218">
    <p class='ocr_par' dir='ltr' id='par_1_6' title="bbox 298 1190 413 1218">
     <span class='ocr_line' id='line_1_17' title="bbox 298 1190 413 1218; baseline 0.009 -1"><span class='ocrx_word' id='word_1_107' title='bbox 298 1190 413 1218; x_wconf 53' lang='lat'>¹328</span> 
     </span>
    </p>
   </div>
   <div class='ocr_carea' id='block_1_7' title="bbox 221 1250 1230 1523">
    <p class='ocr_par' dir='ltr' id='par_1_7' title="bbox 221 1250 1230 1523">
     <span class='ocr_line' id='line_1_18' title="bbox 258 1250 1228 1286; baseline 0.003 -10"><span class='ocrx_word' id='word_1_108' title='bbox 258 1250 375 1276; x_wconf 80' lang='lat' dir='ltr'>Eisdem</span> <span class='ocrx_word' id='word_1_109' title='bbox 397 1250 537 1283; x_wconf 78' lang='lat' dir='ltr'>indulget,</span> <span class='ocrx_word' id='word_1_110' title='bbox 562 1254 600 1281; x_wconf 82' lang='lat' dir='ltr'>ut,</span> <span class='ocrx_word' id='word_1_111' title='bbox 619 1258 684 1276; x_wconf 90' lang='lat' dir='ltr'>cum</span> <span class='ocrx_word' id='word_1_112' title='bbox 702 1250 881 1277; x_wconf 78' lang='lat' dir='ltr'>cathedrales</span> <span class='ocrx_word' id='word_1_113' title='bbox 897 1251 1047 1285; x_wconf 85' lang='lat' dir='ltr'>ecelesiae,</span> <span class='ocrx_word' id='word_1_114' title='bbox 1064 1252 1091 1278; x_wconf 95' lang='lat' dir='ltr'>in</span> <span class='ocrx_word' id='word_1_115' title='bbox 1108 1261 1228 1286; x_wconf 87' lang='lat' dir='ltr'>quarum</span> 
     </span>
     <span class='ocr_line' id='line_1_19' title="bbox 223 1298 1230 1332; baseline 0.003 -8"><span class='ocrx_word' id='word_1_116' title='bbox 223 1298 390 1324; x_wconf 79' lang='lat' dir='ltr'>diocesibus</span> <span class='ocrx_word' id='word_1_117' title='bbox 404 1298 548 1332; x_wconf 84' lang='lat' dir='ltr'>prioratus</span> <span class='ocrx_word' id='word_1_118' title='bbox 561 1302 588 1324; x_wconf 89' lang='lat' dir='ltr'>et</span> <span class='ocrx_word' id='word_1_119' title='bbox 603 1299 741 1324; x_wconf 76' lang='lat' dir='ltr'>ecclesiae</span> <span class='ocrx_word' id='word_1_120' title='bbox 753 1307 851 1324; x_wconf 85' lang='lat' dir='ltr'>eorum</span> <span class='ocrx_word' id='word_1_121' title='bbox 864 1300 1038 1329; x_wconf 82' lang='lat' dir='ltr'>consistunt,</span> <span class='ocrx_word' id='word_1_122' title='bbox 1052 1308 1152 1327; x_wconf 87' lang='lat' dir='ltr'>vacare</span> <span class='ocrx_word' id='word_1_123' title='bbox 1165 1309 1230 1327; x_wconf 90' lang='lat' dir='ltr'>con-</span> 
     </span>
     <span class='ocr_line' id='line_1_20' title="bbox 223 1345 1229 1381; baseline 0.004 -10"><span class='ocrx_word' id='word_1_124' title='bbox 223 1346 334 1381; x_wconf 78' lang='lat' dir='ltr'>tigerit,</span> <span class='ocrx_word' id='word_1_125' title='bbox 351 1345 385 1372; x_wconf 83' lang='lat' dir='ltr'>ad</span> <span class='ocrx_word' id='word_1_126' title='bbox 402 1346 595 1372; x_wconf 84' lang='lat' dir='ltr'>exhibendum</span> <span class='ocrx_word' id='word_1_127' title='bbox 618 1347 745 1373; x_wconf 89' lang='lat' dir='ltr'>locorum</span> <span class='ocrx_word' id='word_1_128' title='bbox 768 1347 995 1381; x_wconf 79' lang='lat' dir='ltr'>metropolitanis</span> <span class='ocrx_word' id='word_1_129' title='bbox 1012 1349 1119 1374; x_wconf 88' lang='lat' dir='ltr'>ratione</span> <span class='ocrx_word' id='word_1_130' title='bbox 1136 1350 1229 1375; x_wconf 78' lang='lat' dir='ltr'>cccle-</span> 
     </span>
     <span class='ocr_line' id='line_1_21' title="bbox 222 1394 1230 1429; baseline 0.004 -10"><span class='ocrx_word' id='word_1_131' title='bbox 222 1395 331 1420; x_wconf 89' lang='lat' dir='ltr'>siarum</span> <span class='ocrx_word' id='word_1_132' title='bbox 348 1397 376 1420; x_wconf 87' lang='lat' dir='ltr'>et</span> <span class='ocrx_word' id='word_1_133' title='bbox 398 1394 575 1428; x_wconf 79' lang='lat' dir='ltr'>prioratuum</span> <span class='ocrx_word' id='word_1_134' title='bbox 599 1395 809 1429; x_wconf 86' lang='lat' dir='ltr'>praedictorum</span> <span class='ocrx_word' id='word_1_135' title='bbox 834 1394 1025 1422; x_wconf 84' lang='lat' dir='ltr'>obedientiam</span> <span class='ocrx_word' id='word_1_136' title='bbox 1046 1400 1074 1422; x_wconf 84' lang='lat' dir='ltr'>ct</span> <span class='ocrx_word' id='word_1_137' title='bbox 1096 1405 1230 1423; x_wconf 84' lang='lat' dir='ltr'>reveren-</span> 
     </span>
     <span class='ocr_line' id='line_1_22' title="bbox 222 1442 1228 1477; baseline 0.003 -9"><span class='ocrx_word' id='word_1_138' title='bbox 222 1443 290 1469; x_wconf 87' lang='lat' dir='ltr'>tiam</span> <span class='ocrx_word' id='word_1_139' title='bbox 319 1442 451 1476; x_wconf 86' lang='lat' dir='ltr'>compelli</span> <span class='ocrx_word' id='word_1_140' title='bbox 482 1442 663 1476; x_wconf 81' lang='lat' dir='ltr'>aliquatenus</span> <span class='ocrx_word' id='word_1_141' title='bbox 694 1451 749 1469; x_wconf 90' lang='lat' dir='ltr'>non</span> <span class='ocrx_word' id='word_1_142' title='bbox 780 1444 902 1477; x_wconf 76' lang='lat' dir='ltr'>possint.</span> <span class='ocrx_word' id='word_1_143' title='bbox 936 1443 1019 1476; x_wconf 70' lang='lat' dir='ltr'>(Rea.</span> <span class='ocrx_word' id='word_1_144' title='bbox 1046 1444 1094 1473; x_wconf 61' lang='lat'>24.</span> <span class='ocrx_word' id='word_1_145' title='bbox 1121 1445 1140 1471; x_wconf 82' lang='lat' dir='ltr'>f.</span> <span class='ocrx_word' id='word_1_146' title='bbox 1170 1445 1228 1476; x_wconf 88' lang='lat' dir='ltr'>l77,</span> 
     </span>
     <span class='ocr_line' id='line_1_23' title="bbox 221 1489 491 1523; baseline 0.004 -6"><span class='ocrx_word' id='word_1_147' title='bbox 221 1498 289 1517; x_wconf 86' lang='lat' dir='ltr'>ann.</span> <span class='ocrx_word' id='word_1_148' title='bbox 306 1489 343 1523; x_wconf 81' lang='grc' dir='ltr'>ΙΙ,</span> <span class='ocrx_word' id='word_1_149' title='bbox 361 1498 386 1516; x_wconf 88' lang='lat' dir='ltr'>c.</span> <span class='ocrx_word' id='word_1_150' title='bbox 404 1491 491 1521; x_wconf 79' lang='lat'>306³.)</span> 
     </span>
    </p>
   </div>
   <div class='ocr_carea' id='block_1_8' title="bbox 808 1190 1158 1224">
    <p class='ocr_par' dir='ltr' id='par_1_8' title="bbox 808 1190 1158 1224">
     <span class='ocr_line' id='line_1_24' title="bbox 808 1190 1158 1224; baseline 0.009 -9"><span class='ocrx_word' id='word_1_151' title='bbox 808 1190 933 1223; x_wconf 81' lang='lat' dir='ltr'>Anagni,</span> <span class='ocrx_word' id='word_1_152' title='bbox 950 1190 983 1216; x_wconf 70' lang='lat'>‘22</span> <span class='ocrx_word' id='word_1_153' title='bbox 997 1191 1061 1224; x_wconf 87' lang='lat' dir='ltr'>juin</span> <span class='ocrx_word' id='word_1_154' title='bbox 1082 1191 1158 1218; x_wconf 62' lang='lat'>2256.</span> 
     </span>
    </p>
   </div>
   <div class='ocr_carea' id='block_1_9' title="bbox 222 1593 1231 1687">
    <p class='ocr_par' dir='ltr' id='par_1_9' title="bbox 222 1593 1231 1687">
     <span class='ocr_line' id='line_1_25' title="bbox 264 1593 1231 1631; baseline 0.006 -12"><span class='ocrx_word' id='word_1_155' title='bbox 264 1604 277 1618; x_wconf 82' lang='grc' dir='ltr'>α</span> <span class='ocrx_word' id='word_1_156' title='bbox 301 1615 333 1627; x_wconf 79' lang='lat'>..,</span> <span class='ocrx_word' id='word_1_157' title='bbox 352 1593 499 1629; x_wconf 63' lang='lat' dir='ltr'>massisbo</span> <span class='ocrx_word' id='word_1_158' title='bbox 515 1598 540 1621; x_wconf 72' lang='lat' dir='ltr'>et</span> <span class='ocrx_word' id='word_1_159' title='bbox 557 1594 712 1622; x_wconf 72' lang='lat' dir='ltr'>universis</span> <span class='ocrx_word' id='word_1_160' title='bbox 727 1595 885 1631; x_wconf 74' lang='lat' dir='ltr'>prioribus</span> <span class='ocrx_word' id='word_1_161' title='bbox 901 1600 926 1623; x_wconf 83' lang='lat' dir='ltr'>e!</span> <span class='ocrx_word' id='word_1_162' title='bbox 941 1596 1093 1630; x_wconf 73' lang='lat' dir='ltr'>fratribus</span> <span class='ocrx_word' id='word_1_163' title='bbox 1110 1597 1231 1625; x_wconf 75' lang='lat' dir='ltr'>ordinis</span> 
     </span>
     <span class='ocr_line' id='line_1_26' title="bbox 222 1645 1228 1687; baseline 0.006 -14"><span class='ocrx_word' id='word_1_164' title='bbox 222 1645 256 1674; x_wconf 82' lang='lat' dir='ltr'>de</span> <span class='ocrx_word' id='word_1_165' title='bbox 277 1646 508 1683; x_wconf 71' lang='lat' dir='ltr'>Sempinqham.</span> <span class='ocrx_word' id='word_1_166' title='bbox 536 1646 723 1684; x_wconf 63' lang='lat' dir='ltr'>Religionis</span> <span class='ocrx_word' id='word_1_167' title='bbox 748 1651 854 1677; x_wconf 82' lang='lat' dir='ltr'>vestre</span> <span class='ocrx_word' id='word_1_168' title='bbox 871 1665 920 1676; x_wconf 89' lang='lat'>—.</span> <span class='ocrx_word' id='word_1_169' title='bbox 941 1649 1013 1678; x_wconf 82' lang='lat' dir='ltr'>Dat.</span> <span class='ocrx_word' id='word_1_170' title='bbox 1032 1653 1067 1678; x_wconf 85' lang='lat' dir='ltr'>ut</span> <span class='ocrx_word' id='word_1_171' title='bbox 1085 1658 1194 1687; x_wconf 82' lang='lat' dir='ltr'>supra.</span> <span class='ocrx_word' id='word_1_172' title='bbox 1216 1662 1228 1676; x_wconf 70' lang='lat' dir='ltr'>n</span> 
     </span>
    </p>
   </div>
   <div class='ocr_carea' id='block_1_10' title="bbox 297 1823 410 1850">
    <p class='ocr_par' dir='ltr' id='par_1_10' title="bbox 297 1823 410 1850">
     <span class='ocr_line' id='line_1_27' title="bbox 297 1823 410 1850; baseline 0.009 -1"><span class='ocrx_word' id='word_1_173' title='bbox 297 1823 410 1850; x_wconf 71' lang='lat'>13⁷9</span> 
     </span>
    </p>
   </div>
   <div class='ocr_carea' id='block_1_11' title="bbox 260 1883 1230 1919">
    <p class='ocr_par' dir='ltr' id='par_1_11' title="bbox 260 1883 1230 1919">
     <span class='ocr_line' id='line_1_28' title="bbox 260 1883 1230 1919; baseline 0.008 -11"><span class='ocrx_word' id='word_1_174' title='bbox 260 1883 368 1909; x_wconf 89' lang='lat' dir='ltr'>Abbati</span> <span class='ocrx_word' id='word_1_175' title='bbox 391 1883 425 1910; x_wconf 87' lang='lat' dir='ltr'>de</span> <span class='ocrx_word' id='word_1_176' title='bbox 449 1883 604 1917; x_wconf 73' lang='lat' dir='ltr'>Lesbereu,</span> <span class='ocrx_word' id='word_1_177' title='bbox 627 1884 864 1912; x_wconf 77' lang='lat' dir='ltr'>thasteriensis</span> <span class='ocrx_word' id='word_1_178' title='bbox 884 1886 1020 1919; x_wconf 87' lang='lat' dir='ltr'>diocesis,</span> <span class='ocrx_word' id='word_1_179' title='bbox 1043 1892 1140 1915; x_wconf 89' lang='lat' dir='ltr'>notum</span> <span class='ocrx_word' id='word_1_180' title='bbox 1162 1890 1230 1916; x_wconf 84' lang='lat' dir='ltr'>facit</span> 
     </span>
    </p>
   </div>
   <div class='ocr_carea' id='block_1_12' title="bbox 825 1825 1158 1860">
    <p class='ocr_par' dir='ltr' id='par_1_12' title="bbox 825 1825 1158 1860">
     <span class='ocr_line' id='line_1_29' title="bbox 825 1825 1158 1860; baseline 0.018 -11"><span class='ocrx_word' id='word_1_181' title='bbox 825 1825 952 1859; x_wconf 59' lang='lat' dir='ltr'>exangui,</span> <span class='ocrx_word' id='word_1_182' title='bbox 969 1826 983 1852; x_wconf 90' lang='grc'>3</span> <span class='ocrx_word' id='word_1_183' title='bbox 996 1827 1060 1860; x_wconf 88' lang='lat' dir='ltr'>juin</span> <span class='ocrx_word' id='word_1_184' title='bbox 1082 1828 1158 1855; x_wconf 57' lang='lat' dir='ltr'>125st</span> 
     </span>
    </p>
   </div>
   <div class='ocr_carea' id='block_1_13' title="bbox 219 1932 1230 2446">
    <p class='ocr_par' dir='ltr' id='par_1_13' title="bbox 219 1932 1230 2446">
     <span class='ocr_line' id='line_1_30' title="bbox 222 1932 1230 1969; baseline 0.008 -12"><span class='ocrx_word' id='word_1_185' title='bbox 222 1932 450 1966; x_wconf 78' lang='lat' dir='ltr'>supplicationes</span> <span class='ocrx_word' id='word_1_186' title='bbox 476 1934 645 1967; x_wconf 74' lang='lat' dir='ltr'>praepositi,</span> <span class='ocrx_word' id='word_1_187' title='bbox 671 1933 772 1960; x_wconf 80' lang='lat' dir='ltr'>decani</span> <span class='ocrx_word' id='word_1_188' title='bbox 797 1938 825 1960; x_wconf 87' lang='lat' dir='ltr'>et</span> <span class='ocrx_word' id='word_1_189' title='bbox 848 1935 965 1969; x_wconf 87' lang='lat' dir='ltr'>capituli</span> <span class='ocrx_word' id='word_1_190' title='bbox 991 1936 1230 1965; x_wconf 84' lang='lat' dir='ltr'>Monasteriensis</span> 
     </span>
     <span class='ocr_line' id='line_1_31' title="bbox 220 1980 1230 2020; baseline 0.008 -14"><span class='ocrx_word' id='word_1_191' title='bbox 220 1980 376 2011; x_wconf 82' lang='lat' dir='ltr'>ecclesiae,</span> <span class='ocrx_word' id='word_1_192' title='bbox 394 1988 468 2014; x_wconf 88' lang='lat' dir='ltr'>quos</span> <span class='ocrx_word' id='word_1_193' title='bbox 485 1982 613 2007; x_wconf 88' lang='lat' dir='ltr'>nonnulli</span> <span class='ocrx_word' id='word_1_194' title='bbox 632 1982 728 2008; x_wconf 85' lang='lat' dir='ltr'>clerici</span> <span class='ocrx_word' id='word_1_195' title='bbox 749 1983 915 2009; x_wconf 87' lang='lat' dir='ltr'>earumdem</span> <span class='ocrx_word' id='word_1_196' title='bbox 935 1984 1059 2018; x_wconf 88' lang='lat' dir='ltr'>partium</span> <span class='ocrx_word' id='word_1_197' title='bbox 1080 1993 1169 2020; x_wconf 88' lang='lat' dir='ltr'>super</span> <span class='ocrx_word' id='word_1_198' title='bbox 1184 1995 1230 2014; x_wconf 87' lang='lat' dir='ltr'>re-</span> 
     </span>
     <span class='ocr_line' id='line_1_32' title="bbox 222 2029 1229 2070; baseline 0.008 -16"><span class='ocrx_word' id='word_1_199' title='bbox 222 2029 405 2063; x_wconf 87' lang='lat' dir='ltr'>ceptionibus</span> <span class='ocrx_word' id='word_1_200' title='bbox 420 2037 453 2055; x_wconf 86' lang='lat' dir='ltr'>ac</span> <span class='ocrx_word' id='word_1_201' title='bbox 469 2030 685 2064; x_wconf 84' lang='lat' dir='ltr'>provisionibus</span> <span class='ocrx_word' id='word_1_202' title='bbox 701 2039 800 2058; x_wconf 82' lang='lat' dir='ltr'>eorum</span> <span class='ocrx_word' id='word_1_203' title='bbox 824 2031 852 2058; x_wconf 92' lang='lat' dir='ltr'>in</span> <span class='ocrx_word' id='word_1_204' title='bbox 872 2032 934 2067; x_wconf 81' lang='lat' dir='ltr'>ipsa</span> <span class='ocrx_word' id='word_1_205' title='bbox 950 2033 1073 2060; x_wconf 87' lang='lat' dir='ltr'>ecclesia</span> <span class='ocrx_word' id='word_1_206' title='bbox 1091 2035 1229 2070; x_wconf 83' lang='lat' dir='ltr'>multipli-</span> 
     </span>
     <span class='ocr_line' id='line_1_33' title="bbox 220 2077 1230 2118; baseline 0.008 -16"><span class='ocrx_word' id='word_1_207' title='bbox 220 2077 293 2103; x_wconf 87' lang='lat' dir='ltr'>citer</span> <span class='ocrx_word' id='word_1_208' title='bbox 308 2077 479 2111; x_wconf 81' lang='lat' dir='ltr'>inquietant,</span> <span class='ocrx_word' id='word_1_209' title='bbox 497 2079 648 2105; x_wconf 86' lang='lat' dir='ltr'>occasione</span> <span class='ocrx_word' id='word_1_210' title='bbox 665 2078 823 2106; x_wconf 87' lang='lat' dir='ltr'>litterarum</span> <span class='ocrx_word' id='word_1_211' title='bbox 843 2081 1018 2114; x_wconf 86' lang='lat' dir='ltr'>apostolicae</span> <span class='ocrx_word' id='word_1_212' title='bbox 1035 2082 1120 2110; x_wconf 85' lang='lat' dir='ltr'>Sedis</span> <span class='ocrx_word' id='word_1_213' title='bbox 1138 2084 1230 2118; x_wconf 87' lang='lat' dir='ltr'>impe-</span> 
     </span>
     <span class='ocr_line' id='line_1_34' title="bbox 220 2127 1229 2163; baseline 0.008 -13"><span class='ocrx_word' id='word_1_214' title='bbox 220 2128 358 2151; x_wconf 83' lang='lat' dir='ltr'>tratarum</span> <span class='ocrx_word' id='word_1_215' title='bbox 375 2129 440 2151; x_wconf 82' lang='lat' dir='ltr'>ante</span> <span class='ocrx_word' id='word_1_216' title='bbox 456 2127 692 2153; x_wconf 86' lang='lat' dir='ltr'>constitutionem</span> <span class='ocrx_word' id='word_1_217' title='bbox 710 2135 791 2153; x_wconf 83' lang='lat' dir='ltr'>suam</span> <span class='ocrx_word' id='word_1_218' title='bbox 808 2128 881 2154; x_wconf 83' lang='lat' dir='ltr'>ultra</span> <span class='ocrx_word' id='word_1_219' title='bbox 895 2130 1109 2163; x_wconf 83' lang='lat' dir='ltr'>quaternarium</span> <span class='ocrx_word' id='word_1_220' title='bbox 1128 2140 1229 2158; x_wconf 87' lang='lat' dir='ltr'>nume-</span> 
     </span>
     <span class='ocr_line' id='line_1_35' title="bbox 220 2174 1227 2214; baseline 0.009 -16"><span class='ocrx_word' id='word_1_221' title='bbox 220 2181 283 2199; x_wconf 87' lang='lat' dir='ltr'>rum</span> <span class='ocrx_word' id='word_1_222' title='bbox 307 2174 512 2200; x_wconf 84' lang='lat' dir='ltr'>canonicorum</span> <span class='ocrx_word' id='word_1_223' title='bbox 539 2175 565 2200; x_wconf 89' lang='lat' dir='ltr'>in</span> <span class='ocrx_word' id='word_1_224' title='bbox 592 2183 774 2210; x_wconf 82' lang='lat' dir='ltr'>quacumque</span> <span class='ocrx_word' id='word_1_225' title='bbox 800 2177 923 2203; x_wconf 86' lang='lat' dir='ltr'>ecclesia</span> <span class='ocrx_word' id='word_1_226' title='bbox 946 2178 1146 2206; x_wconf 83' lang='lat' dir='ltr'>excludentem</span> <span class='ocrx_word' id='word_1_227' title='bbox 1167 2181 1227 2214; x_wconf 84' lang='lat' dir='ltr'>jam</span> 
     </span>
     <span class='ocr_line' id='line_1_36' title="bbox 220 2222 1228 2260; baseline 0.009 -13"><span class='ocrx_word' id='word_1_228' title='bbox 220 2225 371 2255; x_wconf 85' lang='lat' dir='ltr'>receptos;</span> <span class='ocrx_word' id='word_1_229' title='bbox 394 2222 545 2257; x_wconf 81' lang='lat' dir='ltr'>eidemque</span> <span class='ocrx_word' id='word_1_230' title='bbox 569 2224 684 2250; x_wconf 83' lang='lat' dir='ltr'>mandat</span> <span class='ocrx_word' id='word_1_231' title='bbox 706 2225 857 2258; x_wconf 82' lang='lat' dir='ltr'>quatinus,</span> <span class='ocrx_word' id='word_1_232' title='bbox 871 2227 956 2260; x_wconf 80' lang='lat' dir='ltr'>juxta</span> <span class='ocrx_word' id='word_1_233' title='bbox 973 2227 1083 2255; x_wconf 84' lang='lat' dir='ltr'>litteras</span> <span class='ocrx_word' id='word_1_234' title='bbox 1098 2237 1167 2256; x_wconf 84' lang='lat' dir='ltr'>suas</span> <span class='ocrx_word' id='word_1_235' title='bbox 1183 2230 1228 2255; x_wconf 91' lang='lat' dir='ltr'>in-</span> 
     </span>
     <span class='ocr_line' id='line_1_37' title="bbox 220 2268 1227 2311; baseline 0.01 -17"><span class='ocrx_word' id='word_1_236' title='bbox 220 2268 374 2303; x_wconf 87' lang='lat' dir='ltr'>dulgentes</span> <span class='ocrx_word' id='word_1_237' title='bbox 390 2269 515 2304; x_wconf 83' lang='lat' dir='ltr'>capitulo</span> <span class='ocrx_word' id='word_1_238' title='bbox 529 2270 767 2299; x_wconf 84' lang='lat' dir='ltr'>Monasteriensis</span> <span class='ocrx_word' id='word_1_239' title='bbox 779 2273 928 2308; x_wconf 82' lang='lat' dir='ltr'>ecclesiae,</span> <span class='ocrx_word' id='word_1_240' title='bbox 942 2277 972 2301; x_wconf 88' lang='lat' dir='ltr'>ut</span> <span class='ocrx_word' id='word_1_241' title='bbox 983 2275 1016 2301; x_wconf 91' lang='lat' dir='ltr'>ad</span> <span class='ocrx_word' id='word_1_242' title='bbox 1032 2277 1227 2311; x_wconf 82' lang='lat' dir='ltr'>receptionem</span> 
     </span>
     <span class='ocr_line' id='line_1_38' title="bbox 220 2316 1226 2360; baseline 0.011 -18"><span class='ocrx_word' id='word_1_243' title='bbox 220 2316 320 2343; x_wconf 81' lang='lat' dir='ltr'>talium</span> <span class='ocrx_word' id='word_1_244' title='bbox 334 2318 466 2351; x_wconf 88' lang='lat' dir='ltr'>compelli</span> <span class='ocrx_word' id='word_1_245' title='bbox 483 2327 538 2344; x_wconf 88' lang='lat' dir='ltr'>non</span> <span class='ocrx_word' id='word_1_246' title='bbox 556 2320 678 2353; x_wconf 88' lang='lat' dir='ltr'>possint,</span> <span class='ocrx_word' id='word_1_247' title='bbox 697 2321 849 2355; x_wconf 77' lang='lat' dir='ltr'>compellat</span> <span class='ocrx_word' id='word_1_248' title='bbox 861 2322 1003 2356; x_wconf 86' lang='lat' dir='ltr'>praefatos</span> <span class='ocrx_word' id='word_1_249' title='bbox 1019 2324 1226 2360; x_wconf 86' lang='lat' dir='ltr'>clericosquod</span> 
     </span>
     <span class='ocr_line' id='line_1_39' title="bbox 219 2363 1226 2406; baseline 0.012 -17"><span class='ocrx_word' id='word_1_250' title='bbox 219 2363 255 2390; x_wconf 77' lang='lat' dir='ltr'>ab</span> <span class='ocrx_word' id='word_1_251' title='bbox 268 2364 436 2398; x_wconf 84' lang='lat' dir='ltr'>hujusmodi</span> <span class='ocrx_word' id='word_1_252' title='bbox 452 2366 659 2400; x_wconf 82' lang='lat' dir='ltr'>inquietatione</span> <span class='ocrx_word' id='word_1_253' title='bbox 675 2368 826 2396; x_wconf 81' lang='lat' dir='ltr'>desistant.</span> <span class='ocrx_word' id='word_1_254' title='bbox 845 2370 927 2402; x_wconf 60' lang='lat' dir='ltr'>(lieo.</span> <span class='ocrx_word' id='word_1_255' title='bbox 940 2370 984 2403; x_wconf 74' lang='lat'>24,</span> <span class='ocrx_word' id='word_1_256' title='bbox 997 2372 1016 2399; x_wconf 85' lang='lat' dir='ltr'>f.</span> <span class='ocrx_word' id='word_1_257' title='bbox 1031 2372 1090 2403; x_wconf 78' lang='lat'>177,</span> <span class='ocrx_word' id='word_1_258' title='bbox 1104 2382 1170 2401; x_wconf 88' lang='lat' dir='ltr'>ann.</span> <span class='ocrx_word' id='word_1_259' title='bbox 1188 2374 1226 2406; x_wconf 87' lang='lat'>11,</span> 
     </span>
     <span class='ocr_line' id='line_1_40' title="bbox 219 2412 338 2446; baseline 0 -8"><span class='ocrx_word' id='word_1_260' title='bbox 219 2419 246 2439; x_wconf 89' lang='lat' dir='ltr'>c.</span> <span class='ocrx_word' id='word_1_261' title='bbox 264 2412 338 2446; x_wconf 81' lang='grc'>307.)</span> 
     </span>
    </p>
   </div>
   <div class='ocr_carea' id='block_1_14' title="bbox 219 2514 1226 2658">
    <p class='ocr_par' dir='ltr' id='par_1_14' title="bbox 219 2514 1226 2658">
     <span class='ocr_line' id='line_1_41' title="bbox 260 2514 1226 2560; baseline 0.016 -20"><span class='ocrx_word' id='word_1_262' title='bbox 260 2525 274 2539; x_wconf 88' lang='lat'>«</span> <span class='ocrx_word' id='word_1_263' title='bbox 294 2536 327 2547; x_wconf 85' lang='lat'>..‚</span> <span class='ocrx_word' id='word_1_264' title='bbox 345 2514 446 2543; x_wconf 83' lang='lat' dir='ltr'>abbati</span> <span class='ocrx_word' id='word_1_265' title='bbox 459 2515 492 2543; x_wconf 74' lang='lat' dir='ltr'>de</span> <span class='ocrx_word' id='word_1_266' title='bbox 508 2516 658 2552; x_wconf 75' lang='lat' dir='ltr'>Lesberen,</span> <span class='ocrx_word' id='word_1_267' title='bbox 676 2518 795 2548; x_wconf 75' lang='lat' dir='ltr'>ordinis</span> <span class='ocrx_word' id='word_1_268' title='bbox 810 2521 911 2549; x_wconf 75' lang='lat' dir='ltr'>sancti</span> <span class='ocrx_word' id='word_1_269' title='bbox 923 2522 1088 2560; x_wconf 75' lang='lat' dir='ltr'>Benedicti,</span> <span class='ocrx_word' id='word_1_270' title='bbox 1106 2526 1226 2554; x_wconf 73' lang='lat' dir='ltr'>Monos-</span> 
     </span>
     <span class='ocr_line' id='line_1_42' title="bbox 219 2567 1224 2615; baseline 0.014 -20"><span class='ocrx_word' id='word_1_271' title='bbox 219 2567 358 2596; x_wconf 80' lang='lat' dir='ltr'>teriensis</span> <span class='ocrx_word' id='word_1_272' title='bbox 382 2567 515 2597; x_wconf 83' lang='lat' dir='ltr'>diocesis.</span> <span class='ocrx_word' id='word_1_273' title='bbox 545 2568 662 2599; x_wconf 78' lang='lat' dir='ltr'>Oblata</span> <span class='ocrx_word' id='word_1_274' title='bbox 689 2571 784 2601; x_wconf 85' lang='lat' dir='ltr'>nobis</span> <span class='ocrx_word' id='word_1_275' title='bbox 815 2582 851 2601; x_wconf 78' lang='lat' dir='ltr'>ex</span> <span class='ocrx_word' id='word_1_276' title='bbox 881 2591 929 2603; x_wconf 95' lang='lat'>—.</span> <span class='ocrx_word' id='word_1_277' title='bbox 963 2575 1034 2604; x_wconf 82' lang='lat' dir='ltr'>Dat.</span> <span class='ocrx_word' id='word_1_278' title='bbox 1060 2578 1224 2615; x_wconf 69' lang='lat' dir='ltr'>Anagniey</span> 
     </span>
     <span class='ocr_line' id='line_1_43' title="bbox 219 2618 817 2658; baseline 0.005 -11"><span class='ocrx_word' id='word_1_279' title='bbox 219 2618 269 2648; x_wconf 91' lang='lat' dir='ltr'>III</span> <span class='ocrx_word' id='word_1_280' title='bbox 285 2627 391 2648; x_wconf 83' lang='lat' dir='ltr'>nonas</span> <span class='ocrx_word' id='word_1_281' title='bbox 405 2619 506 2658; x_wconf 69' lang='lat' dir='ltr'>junii,</span> <span class='ocrx_word' id='word_1_282' title='bbox 525 2629 611 2650; x_wconf 85' lang='lat' dir='ltr'>anno</span> <span class='ocrx_word' id='word_1_283' title='bbox 628 2623 782 2653; x_wconf 68' lang='lat' dir='ltr'>secundo.</span> <span class='ocrx_word' id='word_1_284' title='bbox 804 2636 817 2651; x_wconf 80' lang='lat'>»</span> 
     </span>
    </p>
   </div>
   <div class='ocr_carea' id='block_1_15' title="bbox 292 2794 410 2823">
    <p class='ocr_par' dir='ltr' id='par_1_15' title="bbox 292 2794 410 2823">
     <span class='ocr_line' id='line_1_44' title="bbox 292 2794 410 2823; baseline 0.017 -3"><span class='ocrx_word' id='word_1_285' title='bbox 292 2794 312 2820; x_wconf 81' lang='grc' dir='ltr'>Ι</span> <span class='ocrx_word' id='word_1_286' title='bbox 321 2794 410 2823; x_wconf 70' lang='lat'>2380</span> 
     </span>
    </p>
   </div>
   <div class='ocr_carea' id='block_1_16' title="bbox 254 2853 1223 2907">
    <p class='ocr_par' dir='ltr' id='par_1_16' title="bbox 254 2853 1223 2907">
     <span class='ocr_line' id='line_1_45' title="bbox 254 2853 1223 2907; baseline 0.021 -27"><span class='ocrx_word' id='word_1_287' title='bbox 254 2853 439 2891; x_wconf 65' lang='lat' dir='ltr'>[nst-ascripto</span> <span class='ocrx_word' id='word_1_288' title='bbox 455 2857 489 2884; x_wconf 79' lang='lat' dir='ltr'>ad</span> <span class='ocrx_word' id='word_1_289' title='bbox 506 2866 607 2892; x_wconf 84' lang='lat' dir='ltr'>preces</span> <span class='ocrx_word' id='word_1_290' title='bbox 630 2859 763 2893; x_wconf 75' lang='lat' dir='ltr'>Hem-ici,</span> <span class='ocrx_word' id='word_1_291' title='bbox 783 2865 858 2897; x_wconf 75' lang='lat' dir='ltr'>regis</span> <span class='ocrx_word' id='word_1_292' title='bbox 878 2865 1013 2902; x_wconf 73' lang='lat' dir='ltr'>Angliae,</span> <span class='ocrx_word' id='word_1_293' title='bbox 1032 2870 1173 2907; x_wconf 76' lang='lat' dir='ltr'>indulget,</span> <span class='ocrx_word' id='word_1_294' title='bbox 1193 2878 1223 2900; x_wconf 89' lang='lat' dir='ltr'>ut</span> 
     </span>
    </p>
   </div>
   <div class='ocr_carea' id='block_1_17' title="bbox 821 2802 1149 2840">
    <p class='ocr_par' dir='ltr' id='par_1_17' title="bbox 821 2802 1149 2840">
     <span class='ocr_line' id='line_1_46' title="bbox 821 2802 1149 2840; baseline 0.027 -13"><span class='ocrx_word' id='word_1_295' title='bbox 821 2802 946 2837; x_wconf 76' lang='lat' dir='ltr'>Anagni,</span> <span class='ocrx_word' id='word_1_296' title='bbox 965 2806 979 2832; x_wconf 81' lang='lat'>5</span> <span class='ocrx_word' id='word_1_297' title='bbox 992 2807 1056 2840; x_wconf 90' lang='lat' dir='ltr'>juin</span> <span class='ocrx_word' id='word_1_298' title='bbox 1073 2808 1149 2836; x_wconf 33' lang='lat'>‘1256‘</span> 
     </span>
    </p>
   </div>
   <div class='ocr_carea' id='block_1_18' title="bbox 1319 278 2329 554">
    <p class='ocr_par' dir='ltr' id='par_1_18' title="bbox 1319 278 2329 554">
     <span class='ocr_line' id='line_1_47' title="bbox 1319 278 2329 314; baseline 0.003 -10"><span class='ocrx_word' id='word_1_299' title='bbox 1319 282 1431 312; x_wconf 83' lang='lat' dir='ltr'>praeter</span> <span class='ocrx_word' id='word_1_300' title='bbox 1447 279 1586 305; x_wconf 82' lang='lat' dir='ltr'>ecclesias</span> <span class='ocrx_word' id='word_1_301' title='bbox 1601 278 1636 305; x_wconf 88' lang='lat' dir='ltr'>de</span> <span class='ocrx_word' id='word_1_302' title='bbox 1654 279 1808 314; x_wconf 83' lang='lat' dir='ltr'>Adinburg</span> <span class='ocrx_word' id='word_1_303' title='bbox 1823 282 1851 306; x_wconf 87' lang='lat' dir='ltr'>et</span> <span class='ocrx_word' id='word_1_304' title='bbox 1867 279 1902 306; x_wconf 85' lang='lat' dir='ltr'>de</span> <span class='ocrx_word' id='word_1_305' title='bbox 1913 279 2038 314; x_wconf 83' lang='lat' dir='ltr'>Hicling,</span> <span class='ocrx_word' id='word_1_306' title='bbox 2055 279 2248 307; x_wconf 81' lang='lat' dir='ltr'>Eboracensis</span> <span class='ocrx_word' id='word_1_307' title='bbox 2263 280 2329 307; x_wconf 90' lang='lat' dir='ltr'>dio-</span> 
     </span>
     <span class='ocr_line' id='line_1_48' title="bbox 1319 327 2328 363; baseline 0.004 -11"><span class='ocrx_word' id='word_1_308' title='bbox 1319 327 1406 358; x_wconf 80' lang='lat' dir='ltr'>cesis,</span> <span class='ocrx_word' id='word_1_309' title='bbox 1422 334 1520 353; x_wconf 79' lang='lat' dir='ltr'>curam</span> <span class='ocrx_word' id='word_1_310' title='bbox 1537 327 1697 353; x_wconf 78' lang='lat' dir='ltr'>animarum</span> <span class='ocrx_word' id='word_1_311' title='bbox 1719 327 1877 359; x_wconf 85' lang='lat' dir='ltr'>habentes,</span> <span class='ocrx_word' id='word_1_312' title='bbox 1894 336 2015 363; x_wconf 82' lang='lat' dir='ltr'>quarum</span> <span class='ocrx_word' id='word_1_313' title='bbox 2033 336 2118 355; x_wconf 84' lang='lat' dir='ltr'>unam</span> <span class='ocrx_word' id='word_1_314' title='bbox 2135 328 2268 356; x_wconf 80' lang='lat' dir='ltr'>videlicet</span> <span class='ocrx_word' id='word_1_315' title='bbox 2283 330 2328 356; x_wconf 92' lang='lat' dir='ltr'>in-</span> 
     </span>
     <span class='ocr_line' id='line_1_49' title="bbox 1319 375 2326 411; baseline 0.004 -11"><span class='ocrx_word' id='word_1_316' title='bbox 1319 375 1458 401; x_wconf 83' lang='lat' dir='ltr'>titulatam</span> <span class='ocrx_word' id='word_1_317' title='bbox 1475 379 1503 401; x_wconf 89' lang='lat' dir='ltr'>et</span> <span class='ocrx_word' id='word_1_318' title='bbox 1518 375 1601 402; x_wconf 84' lang='lat' dir='ltr'>aliam</span> <span class='ocrx_word' id='word_1_319' title='bbox 1617 375 1701 402; x_wconf 86' lang='lat' dir='ltr'>habet</span> <span class='ocrx_word' id='word_1_320' title='bbox 1715 384 1749 402; x_wconf 88' lang='lat' dir='ltr'>ex</span> <span class='ocrx_word' id='word_1_321' title='bbox 1766 376 1914 403; x_wconf 78' lang='lat' dir='ltr'>diocesani</span> <span class='ocrx_word' id='word_1_322' title='bbox 1930 377 2021 411; x_wconf 84' lang='lat' dir='ltr'>gratia</span> <span class='ocrx_word' id='word_1_323' title='bbox 2036 377 2276 409; x_wconf 79' lang='lat' dir='ltr'>commendatam,</span> <span class='ocrx_word' id='word_1_324' title='bbox 2292 377 2326 404; x_wconf 84' lang='lat' dir='ltr'>ad</span> 
     </span>
     <span class='ocr_line' id='line_1_50' title="bbox 1319 423 2328 460; baseline 0.004 -12"><span class='ocrx_word' id='word_1_325' title='bbox 1319 424 1581 458; x_wconf 82' lang='lat' dir='ltr'>praesentationem</span> <span class='ocrx_word' id='word_1_326' title='bbox 1597 423 1777 450; x_wconf 83' lang='lat' dir='ltr'>diversorum</span> <span class='ocrx_word' id='word_1_327' title='bbox 1789 424 1926 451; x_wconf 80' lang='lat' dir='ltr'>laicorum</span> <span class='ocrx_word' id='word_1_328' title='bbox 1941 428 2126 460; x_wconf 84' lang='lat' dir='ltr'>patronorum</span> <span class='ocrx_word' id='word_1_329' title='bbox 2139 426 2328 460; x_wconf 69' lang='lat' dir='ltr'>pertinentes,</span> 
     </span>
     <span class='ocr_line' id='line_1_51' title="bbox 1321 472 2326 509; baseline 0.004 -12"><span class='ocrx_word' id='word_1_330' title='bbox 1321 472 1437 498; x_wconf 88' lang='lat' dir='ltr'>unicum</span> <span class='ocrx_word' id='word_1_331' title='bbox 1471 472 1548 499; x_wconf 76' lang='lat' dir='ltr'>aliud</span> <span class='ocrx_word' id='word_1_332' title='bbox 1584 472 1755 499; x_wconf 84' lang='lat' dir='ltr'>beneficium</span> <span class='ocrx_word' id='word_1_333' title='bbox 1791 474 2022 500; x_wconf 83' lang='lat' dir='ltr'>ecclesiasticum</span> <span class='ocrx_word' id='word_1_334' title='bbox 2060 474 2188 509; x_wconf 84' lang='lat' dir='ltr'>recipere</span> <span class='ocrx_word' id='word_1_335' title='bbox 2221 475 2326 502; x_wconf 80' lang='lat' dir='ltr'>valeat.</span> 
     </span>
     <span class='ocr_line' id='line_1_52' title="bbox 1320 520 1860 554; baseline 0.006 -8"><span class='ocrx_word' id='word_1_336' title='bbox 1320 520 1402 551; x_wconf 75' lang='lat' dir='ltr'>(Rea.</span> <span class='ocrx_word' id='word_1_337' title='bbox 1423 520 1472 553; x_wconf 75' lang='lat'>⁴24,</span> <span class='ocrx_word' id='word_1_338' title='bbox 1490 521 1508 547; x_wconf 82' lang='lat' dir='ltr'>s.</span> <span class='ocrx_word' id='word_1_339' title='bbox 1530 521 1587 553; x_wconf 82' lang='lat'>177,</span> <span class='ocrx_word' id='word_1_340' title='bbox 1603 529 1670 547; x_wconf 87' lang='lat' dir='ltr'>ann.</span> <span class='ocrx_word' id='word_1_341' title='bbox 1688 521 1726 554; x_wconf 86' lang='lat'>11,</span> <span class='ocrx_word' id='word_1_342' title='bbox 1743 529 1768 548; x_wconf 93' lang='lat' dir='ltr'>c.</span> <span class='ocrx_word' id='word_1_343' title='bbox 1787 521 1860 554; x_wconf 83' lang='lat'>308.)</span> 
     </span>
    </p>
   </div>
   <div class='ocr_carea' id='block_1_19' title="bbox 1315 623 2326 768">
    <p class='ocr_par' dir='ltr' id='par_1_19' title="bbox 1315 623 2326 768">
     <span class='ocr_line' id='line_1_53' title="bbox 1360 623 2326 663; baseline 0.005 -14"><span class='ocrx_word' id='word_1_344' title='bbox 1360 634 1372 648; x_wconf 67' lang='lat' dir='ltr'>a</span> <span class='ocrx_word' id='word_1_345' title='bbox 1394 623 1525 651; x_wconf 78' lang='lat' dir='ltr'>Hem-ico</span> <span class='ocrx_word' id='word_1_346' title='bbox 1540 623 1574 651; x_wconf 79' lang='lat' dir='ltr'>cle</span> <span class='ocrx_word' id='word_1_347' title='bbox 1588 623 1671 660; x_wconf 75' lang='lat' dir='ltr'>Grey,</span> <span class='ocrx_word' id='word_1_348' title='bbox 1691 624 1811 658; x_wconf 76' lang='lat' dir='ltr'>clerico,</span> <span class='ocrx_word' id='word_1_349' title='bbox 1829 628 1902 652; x_wconf 76' lang='grc' dir='ltr'><em>παιο</em></span> <span class='ocrx_word' id='word_1_350' title='bbox 1916 624 2029 652; x_wconf 80' lang='lat' dir='ltr'>nobilis</span> <span class='ocrx_word' id='word_1_351' title='bbox 2047 625 2108 653; x_wconf 80' lang='lat' dir='ltr'>viri</span> <span class='ocrx_word' id='word_1_352' title='bbox 2130 625 2169 653; x_wconf 83' lang='lat' dir='ltr'>W.</span> <span class='ocrx_word' id='word_1_353' title='bbox 2187 624 2221 653; x_wconf 83' lang='lat' dir='ltr'>de</span> <span class='ocrx_word' id='word_1_354' title='bbox 2237 625 2326 663; x_wconf 68' lang='lat' dir='ltr'>Gny,</span> 
     </span>
     <span class='ocr_line' id='line_1_54' title="bbox 1315 675 2321 714; baseline 0.003 -10"><span class='ocrx_word' id='word_1_355' title='bbox 1315 676 1508 704; x_wconf 69' lang='lat' dir='ltr'>Ebot-ocensis</span> <span class='ocrx_word' id='word_1_356' title='bbox 1521 676 1656 705; x_wconf 63' lang='lat' dir='ltr'>diocesis.</span> <span class='ocrx_word' id='word_1_357' title='bbox 1675 676 1723 705; x_wconf 80' lang='lat' dir='ltr'>Ad</span> <span class='ocrx_word' id='word_1_358' title='bbox 1737 675 1923 706; x_wconf 81' lang='lat' dir='ltr'>faciendam</span> <span class='ocrx_word' id='word_1_359' title='bbox 1937 675 2055 705; x_wconf 84' lang='lat' dir='ltr'>tibi—.</span> <span class='ocrx_word' id='word_1_360' title='bbox 2072 676 2321 714; x_wconf 81' lang='lat' dir='ltr'>Dat.Anagnie‚</span> 
     </span>
     <span class='ocr_line' id='line_1_55' title="bbox 1318 728 1840 768; baseline 0 -10"><span class='ocrx_word' id='word_1_361' title='bbox 1318 729 1416 758; x_wconf 84' lang='lat' dir='ltr'>nonis</span> <span class='ocrx_word' id='word_1_362' title='bbox 1429 729 1529 768; x_wconf 83' lang='lat' dir='ltr'>junii,</span> <span class='ocrx_word' id='word_1_363' title='bbox 1548 737 1634 758; x_wconf 82' lang='lat' dir='ltr'>anno</span> <span class='ocrx_word' id='word_1_364' title='bbox 1651 728 1807 758; x_wconf 85' lang='lat' dir='ltr'>secundo.</span> <span class='ocrx_word' id='word_1_365' title='bbox 1827 740 1840 754; x_wconf 90' lang='lat'>»</span> 
     </span>
    </p>
   </div>
   <div class='ocr_carea' id='block_1_20' title="bbox 1393 906 2253 941">
    <p class='ocr_par' dir='ltr' id='par_1_20' title="bbox 1393 906 2253 941">
     <span class='ocr_line' id='line_1_56' title="bbox 1393 906 2253 941; baseline 0 -7"><span class='ocrx_word' id='word_1_366' title='bbox 1393 906 1503 935; x_wconf 76' lang='lat'>1:38¹</span> <span class='ocrx_word' id='word_1_367' title='bbox 1902 906 2027 941; x_wconf 84' lang='lat' dir='ltr'>Anagni.</span> <span class='ocrx_word' id='word_1_368' title='bbox 2044 906 2078 933; x_wconf 74' lang='lat'>‘28</span> <span class='ocrx_word' id='word_1_369' title='bbox 2091 907 2155 941; x_wconf 86' lang='lat' dir='ltr'>juin</span> <span class='ocrx_word' id='word_1_370' title='bbox 2176 906 2253 934; x_wconf 75' lang='lat'>1256.</span> 
     </span>
    </p>
   </div>
   <div class='ocr_carea' id='block_1_21' title="bbox 1315 967 2326 1051">
    <p class='ocr_par' dir='ltr' id='par_1_21' title="bbox 1315 967 2326 1051">
     <span class='ocr_line' id='line_1_57' title="bbox 1351 967 2326 1003; baseline 0.002 -9"><span class='ocrx_word' id='word_1_371' title='bbox 1351 967 1583 999; x_wconf 70' lang='lat' dir='ltr'>Nantclininum,</span> <span class='ocrx_word' id='word_1_372' title='bbox 1601 968 1772 994; x_wconf 86' lang='lat' dir='ltr'>canonicum</span> <span class='ocrx_word' id='word_1_373' title='bbox 1788 967 1937 995; x_wconf 87' lang='lat' dir='ltr'>Lucanum</span> <span class='ocrx_word' id='word_1_374' title='bbox 1949 990 1955 1000; x_wconf 86' lang='grc'>,</span> <span class='ocrx_word' id='word_1_375' title='bbox 1973 969 2000 995; x_wconf 88' lang='lat' dir='ltr'>in</span> <span class='ocrx_word' id='word_1_376' title='bbox 2022 968 2192 1003; x_wconf 81' lang='lat' dir='ltr'>scriptorem</span> <span class='ocrx_word' id='word_1_377' title='bbox 2209 969 2238 996; x_wconf 87' lang='lat' dir='ltr'>in</span> <span class='ocrx_word' id='word_1_378' title='bbox 2254 976 2326 996; x_wconf 84' lang='lat' dir='ltr'>can·</span> 
     </span>
     <span class='ocr_line' id='line_1_58' title="bbox 1315 1015 2196 1051; baseline -0.001 -8"><span class='ocrx_word' id='word_1_379' title='bbox 1315 1017 1428 1043; x_wconf 80' lang='lat' dir='ltr'>cellaria</span> <span class='ocrx_word' id='word_1_380' title='bbox 1443 1024 1495 1042; x_wconf 85' lang='lat' dir='ltr'>sua</span> <span class='ocrx_word' id='word_1_381' title='bbox 1510 1016 1646 1051; x_wconf 83' lang='lat' dir='ltr'>praeficit.</span> <span class='ocrx_word' id='word_1_382' title='bbox 1663 1016 1746 1049; x_wconf 72' lang='lat' dir='ltr'>(lteo.</span> <span class='ocrx_word' id='word_1_383' title='bbox 1764 1016 1807 1047; x_wconf 64' lang='lat'>24,</span> <span class='ocrx_word' id='word_1_384' title='bbox 1826 1016 1845 1044; x_wconf 89' lang='lat' dir='ltr'>l&#39;.</span> <span class='ocrx_word' id='word_1_385' title='bbox 1864 1017 1924 1050; x_wconf 80' lang='lat'>177,</span> <span class='ocrx_word' id='word_1_386' title='bbox 1941 1025 2007 1042; x_wconf 80' lang='lat' dir='ltr'>ann.</span> <span class='ocrx_word' id='word_1_387' title='bbox 2026 1015 2062 1050; x_wconf 85' lang='grc' dir='ltr'>ΙΙ,</span> <span class='ocrx_word' id='word_1_388' title='bbox 2080 1024 2106 1043; x_wconf 86' lang='lat' dir='ltr'>c.</span> <span class='ocrx_word' id='word_1_389' title='bbox 2123 1016 2196 1048; x_wconf 81' lang='lat'>309.)</span> 
     </span>
    </p>
   </div>
   <div class='ocr_carea' id='block_1_22' title="bbox 1311 1117 2326 1631">
    <p class='ocr_par' dir='ltr' id='par_1_22' title="bbox 1311 1117 2326 1631">
     <span class='ocr_line' id='line_1_59' title="bbox 1356 1117 2326 1153; baseline 0.003 -8"><span class='ocrx_word' id='word_1_390' title='bbox 1356 1130 1368 1144; x_wconf 71' lang='lat' dir='ltr'>a</span> <span class='ocrx_word' id='word_1_391' title='bbox 1386 1118 1593 1152; x_wconf 70' lang='lat' dir='ltr'>Nantelmino,</span> <span class='ocrx_word' id='word_1_392' title='bbox 1605 1118 1753 1147; x_wconf 76' lang='lat' dir='ltr'>canonico</span> <span class='ocrx_word' id='word_1_393' title='bbox 1768 1118 1900 1146; x_wconf 83' lang='lat' dir='ltr'>Lucano.</span> <span class='ocrx_word' id='word_1_394' title='bbox 1918 1117 2075 1148; x_wconf 87' lang='lat' dir='ltr'>Volentes</span> <span class='ocrx_word' id='word_1_395' title='bbox 2092 1118 2163 1153; x_wconf 80' lang='lat' dir='ltr'>tibi,</span> <span class='ocrx_word' id='word_1_396' title='bbox 2177 1118 2326 1149; x_wconf 87' lang='lat' dir='ltr'>conside-</span> 
     </span>
     <span class='ocr_line' id='line_1_60' title="bbox 1313 1169 2322 1209; baseline 0.001 -10"><span class='ocrx_word' id='word_1_397' title='bbox 1313 1170 1441 1199; x_wconf 85' lang='lat' dir='ltr'>ratione</span> <span class='ocrx_word' id='word_1_398' title='bbox 1458 1170 1542 1199; x_wconf 82' lang='lat' dir='ltr'>bone</span> <span class='ocrx_word' id='word_1_399' title='bbox 1559 1170 1716 1200; x_wconf 83' lang='lat' dir='ltr'>memorie</span> <span class='ocrx_word' id='word_1_400' title='bbox 1730 1169 1902 1200; x_wconf 87' lang='lat' dir='ltr'>Guillelmi</span> <span class='ocrx_word' id='word_1_401' title='bbox 1921 1170 2186 1201; x_wconf 85' lang='lat' dir='ltr'>vicecancellarii</span> <span class='ocrx_word' id='word_1_402' title='bbox 2205 1171 2322 1209; x_wconf 85' lang='lat' dir='ltr'>nostri,</span> 
     </span>
     <span class='ocr_line' id='line_1_61' title="bbox 1313 1222 2324 1261; baseline 0.002 -9"><span class='ocrx_word' id='word_1_403' title='bbox 1313 1222 1407 1261; x_wconf 87' lang='lat' dir='ltr'>cujus</span> <span class='ocrx_word' id='word_1_404' title='bbox 1422 1231 1523 1260; x_wconf 87' lang='lat' dir='ltr'>nepos</span> <span class='ocrx_word' id='word_1_405' title='bbox 1539 1223 1644 1252; x_wconf 83' lang='lat' dir='ltr'>fuisse</span> <span class='ocrx_word' id='word_1_406' title='bbox 1659 1222 1854 1257; x_wconf 85' lang='lat' dir='ltr'>dinosceris,</span> <span class='ocrx_word' id='word_1_407' title='bbox 1870 1223 1999 1261; x_wconf 81' lang='lat' dir='ltr'>aperire</span> <span class='ocrx_word' id='word_1_408' title='bbox 2015 1223 2234 1254; x_wconf 73' lang='lat' dir='ltr'>beneficentio</span> <span class='ocrx_word' id='word_1_409' title='bbox 2250 1232 2324 1254; x_wconf 90' lang='lat' dir='ltr'>nos-</span> 
     </span>
     <span class='ocr_line' id='line_1_62' title="bbox 1313 1274 2324 1313; baseline 0.003 -9"><span class='ocrx_word' id='word_1_410' title='bbox 1313 1279 1361 1305; x_wconf 87' lang='lat' dir='ltr'>tre</span> <span class='ocrx_word' id='word_1_411' title='bbox 1380 1284 1514 1309; x_wconf 83' lang='lat' dir='ltr'>manus,</span> <span class='ocrx_word' id='word_1_412' title='bbox 1534 1280 1564 1305; x_wconf 86' lang='lat' dir='ltr'>te</span> <span class='ocrx_word' id='word_1_413' title='bbox 1580 1283 1637 1313; x_wconf 87' lang='lat' dir='ltr'>per</span> <span class='ocrx_word' id='word_1_414' title='bbox 1653 1274 1811 1305; x_wconf 82' lang='lat' dir='ltr'>dilectum</span> <span class='ocrx_word' id='word_1_415' title='bbox 1827 1275 1933 1304; x_wconf 84' lang='lat' dir='ltr'>filium</span> <span class='ocrx_word' id='word_1_416' title='bbox 1951 1275 2152 1311; x_wconf 83' lang='lat' dir='ltr'>Rolandum,</span> <span class='ocrx_word' id='word_1_417' title='bbox 2170 1276 2324 1307; x_wconf 89' lang='lat' dir='ltr'>vicecan-</span> 
     </span>
     <span class='ocr_line' id='line_1_63' title="bbox 1312 1327 2326 1367; baseline 0.002 -10"><span class='ocrx_word' id='word_1_418' title='bbox 1312 1327 1485 1358; x_wconf 82' lang='lat' dir='ltr'>cellarium</span> <span class='ocrx_word' id='word_1_419' title='bbox 1509 1332 1674 1363; x_wconf 81' lang='lat' dir='ltr'>nostrum,</span> <span class='ocrx_word' id='word_1_420' title='bbox 1692 1328 1730 1357; x_wconf 89' lang='lat' dir='ltr'>de</span> <span class='ocrx_word' id='word_1_421' title='bbox 1749 1328 1856 1358; x_wconf 83' lang='lat' dir='ltr'>officio</span> <span class='ocrx_word' id='word_1_422' title='bbox 1875 1328 2049 1367; x_wconf 88' lang='lat' dir='ltr'>scriptorie</span> <span class='ocrx_word' id='word_1_423' title='bbox 2071 1329 2106 1358; x_wconf 90' lang='lat' dir='ltr'>in</span> <span class='ocrx_word' id='word_1_424' title='bbox 2125 1329 2326 1360; x_wconf 79' lang='lat' dir='ltr'>cancellaria</span> 
     </span>
     <span class='ocr_line' id='line_1_64' title="bbox 1313 1381 2324 1420; baseline 0.002 -10"><span class='ocrx_word' id='word_1_425' title='bbox 1313 1385 1426 1411; x_wconf 83' lang='lat' dir='ltr'>nostra</span> <span class='ocrx_word' id='word_1_426' title='bbox 1448 1381 1588 1411; x_wconf 82' lang='lat' dir='ltr'>fecimus</span> <span class='ocrx_word' id='word_1_427' title='bbox 1611 1381 1781 1416; x_wconf 79' lang='lat' dir='ltr'>investiri,</span> <span class='ocrx_word' id='word_1_428' title='bbox 1800 1385 1931 1419; x_wconf 89' lang='lat' dir='ltr'>recepto</span> <span class='ocrx_word' id='word_1_429' title='bbox 1953 1390 1972 1410; x_wconf 84' lang='lat' dir='ltr'>a</span> <span class='ocrx_word' id='word_1_430' title='bbox 1994 1385 2025 1411; x_wconf 88' lang='lat' dir='ltr'>te</span> <span class='ocrx_word' id='word_1_431' title='bbox 2047 1381 2134 1420; x_wconf 80' lang='lat' dir='ltr'>quod</span> <span class='ocrx_word' id='word_1_432' title='bbox 2155 1390 2174 1411; x_wconf 89' lang='lat' dir='ltr'>a</span> <span class='ocrx_word' id='word_1_433' title='bbox 2199 1382 2324 1412; x_wconf 87' lang='lat' dir='ltr'>nostris</span> 
     </span>
     <span class='ocr_line' id='line_1_65' title="bbox 1312 1433 2325 1473; baseline 0.001 -10"><span class='ocrx_word' id='word_1_434' title='bbox 1312 1434 1453 1473; x_wconf 77' lang='lat' dir='ltr'>prestari</span> <span class='ocrx_word' id='word_1_435' title='bbox 1471 1434 1552 1464; x_wconf 81' lang='lat' dir='ltr'>solet</span> <span class='ocrx_word' id='word_1_436' title='bbox 1570 1433 1787 1472; x_wconf 84' lang='lat' dir='ltr'>scriptoribus</span> <span class='ocrx_word' id='word_1_437' title='bbox 1804 1434 2002 1473; x_wconf 87' lang='lat' dir='ltr'>juramento.</span> <span class='ocrx_word' id='word_1_438' title='bbox 2022 1434 2060 1464; x_wconf 93' lang='lat' dir='ltr'>In</span> <span class='ocrx_word' id='word_1_439' title='bbox 2078 1434 2172 1473; x_wconf 87' lang='lat' dir='ltr'>cujus</span> <span class='ocrx_word' id='word_1_440' title='bbox 2188 1434 2237 1464; x_wconf 91' lang='lat' dir='ltr'>rei</span> <span class='ocrx_word' id='word_1_441' title='bbox 2253 1443 2325 1465; x_wconf 89' lang='lat' dir='ltr'>me-</span> 
     </span>
     <span class='ocr_line' id='line_1_66' title="bbox 1313 1486 2323 1525; baseline 0 -9"><span class='ocrx_word' id='word_1_442' title='bbox 1313 1487 1453 1517; x_wconf 77' lang='lat' dir='ltr'>moriam</span> <span class='ocrx_word' id='word_1_443' title='bbox 1476 1491 1507 1517; x_wconf 85' lang='lat' dir='ltr'>et</span> <span class='ocrx_word' id='word_1_444' title='bbox 1529 1491 1721 1525; x_wconf 85' lang='lat' dir='ltr'>perpetuam</span> <span class='ocrx_word' id='word_1_445' title='bbox 1744 1487 1950 1522; x_wconf 76' lang='lat' dir='ltr'>firmitatem,</span> <span class='ocrx_word' id='word_1_446' title='bbox 1969 1491 2156 1525; x_wconf 86' lang='lat' dir='ltr'>presentem</span> <span class='ocrx_word' id='word_1_447' title='bbox 2176 1486 2323 1517; x_wconf 87' lang='lat' dir='ltr'>litteram</span> 
     </span>
     <span class='ocr_line' id='line_1_67' title="bbox 1314 1538 2323 1577; baseline 0.001 -9"><span class='ocrx_word' id='word_1_448' title='bbox 1314 1539 1374 1568; x_wconf 83' lang='lat' dir='ltr'>tibi</span> <span class='ocrx_word' id='word_1_449' title='bbox 1386 1539 1540 1569; x_wconf 85' lang='lat' dir='ltr'>duximus</span> <span class='ocrx_word' id='word_1_450' title='bbox 1553 1539 1805 1569; x_wconf 79' lang='lat' dir='ltr'>concedendam.</span> <span class='ocrx_word' id='word_1_451' title='bbox 1822 1539 1896 1568; x_wconf 89' lang='lat' dir='ltr'>Dat.</span> <span class='ocrx_word' id='word_1_452' title='bbox 1907 1538 2070 1577; x_wconf 79' lang='lat' dir='ltr'>Anagnie,</span> <span class='ocrx_word' id='word_1_453' title='bbox 2083 1539 2150 1569; x_wconf 92' lang='lat' dir='ltr'>IIII</span> <span class='ocrx_word' id='word_1_454' title='bbox 2162 1538 2323 1569; x_wconf 86' lang='lat' dir='ltr'>kalendas</span> 
     </span>
     <span class='ocr_line' id='line_1_68' title="bbox 1311 1592 1710 1631; baseline -0.003 -9"><span class='ocrx_word' id='word_1_455' title='bbox 1311 1592 1399 1631; x_wconf 74' lang='lat' dir='ltr'>julii,</span> <span class='ocrx_word' id='word_1_456' title='bbox 1418 1601 1504 1622; x_wconf 83' lang='lat' dir='ltr'>anno</span> <span class='ocrx_word' id='word_1_457' title='bbox 1521 1593 1677 1623; x_wconf 83' lang='lat' dir='ltr'>secundo.</span> <span class='ocrx_word' id='word_1_458' title='bbox 1698 1605 1710 1618; x_wconf 72' lang='lat' dir='ltr'>n</span> 
     </span>
    </p>
   </div>
   <div class='ocr_carea' id='block_1_23' title="bbox 1386 1769 2249 1805">
    <p class='ocr_par' dir='ltr' id='par_1_23' title="bbox 1386 1769 2249 1805">
     <span class='ocr_line' id='line_1_69' title="bbox 1386 1769 2249 1805; baseline -0.003 -6"><span class='ocrx_word' id='word_1_459' title='bbox 1386 1772 1500 1799; x_wconf 69' lang='lat'><strong>1382</strong></span> <span class='ocrx_word' id='word_1_460' title='bbox 1901 1771 2026 1804; x_wconf 79' lang='lat' dir='ltr'>Anagni,</span> <span class='ocrx_word' id='word_1_461' title='bbox 2047 1770 2078 1798; x_wconf 71' lang='grc'>’13</span> <span class='ocrx_word' id='word_1_462' title='bbox 2091 1771 2155 1805; x_wconf 90' lang='lat' dir='ltr'>juin</span> <span class='ocrx_word' id='word_1_463' title='bbox 2174 1769 2249 1797; x_wconf 65' lang='lat'>1256.</span> 
     </span>
    </p>
   </div>
   <div class='ocr_carea' id='block_1_24' title="bbox 1311 1831 2324 2061">
    <p class='ocr_par' dir='ltr' id='par_1_24' title="bbox 1311 1831 2324 2061">
     <span class='ocr_line' id='line_1_70' title="bbox 1350 1831 2324 1867; baseline 0 -9"><span class='ocrx_word' id='word_1_464' title='bbox 1350 1833 1553 1867; x_wconf 75' lang='lat' dir='ltr'>infrascriptos</span> <span class='ocrx_word' id='word_1_465' title='bbox 1569 1837 1660 1867; x_wconf 82' lang='lat' dir='ltr'>rogat,</span> <span class='ocrx_word' id='word_1_466' title='bbox 1677 1832 1832 1865; x_wconf 80' lang='lat' dir='ltr'>mandans,</span> <span class='ocrx_word' id='word_1_467' title='bbox 1853 1836 1883 1859; x_wconf 88' lang='lat' dir='ltr'>ut</span> <span class='ocrx_word' id='word_1_468' title='bbox 1899 1831 2018 1858; x_wconf 75' lang='lat' dir='ltr'>Nicolao</span> <span class='ocrx_word' id='word_1_469' title='bbox 2034 1832 2111 1858; x_wconf 86' lang='lat' dir='ltr'>dicto</span> <span class='ocrx_word' id='word_1_470' title='bbox 2128 1831 2234 1863; x_wconf 77' lang='lat' dir='ltr'>Pol-ca,</span> <span class='ocrx_word' id='word_1_471' title='bbox 2253 1840 2324 1867; x_wconf 80' lang='lat' dir='ltr'>pau-</span> 
     </span>
     <span class='ocr_line' id='line_1_71' title="bbox 1314 1880 2322 1917; baseline 0 -9"><span class='ocrx_word' id='word_1_472' title='bbox 1314 1882 1373 1917; x_wconf 85' lang='lat' dir='ltr'>peri</span> <span class='ocrx_word' id='word_1_473' title='bbox 1387 1882 1500 1912; x_wconf 80' lang='lat' dir='ltr'>clerico,</span> <span class='ocrx_word' id='word_1_474' title='bbox 1516 1881 1623 1907; x_wconf 86' lang='lat' dir='ltr'>nullum</span> <span class='ocrx_word' id='word_1_475' title='bbox 1643 1881 1813 1911; x_wconf 85' lang='lat' dir='ltr'>beneficium</span> <span class='ocrx_word' id='word_1_476' title='bbox 1828 1881 2058 1907; x_wconf 87' lang='lat' dir='ltr'>ecclesiasticum</span> <span class='ocrx_word' id='word_1_477' title='bbox 2071 1883 2215 1912; x_wconf 85' lang='lat' dir='ltr'>assecuto,</span> <span class='ocrx_word' id='word_1_478' title='bbox 2229 1880 2322 1908; x_wconf 77' lang='lat' dir='ltr'>lauda-</span> 
     </span>
     <span class='ocr_line' id='line_1_72' title="bbox 1313 1928 2322 1964; baseline -0.001 -8"><span class='ocrx_word' id='word_1_479' title='bbox 1313 1930 1437 1964; x_wconf 85' lang='lat' dir='ltr'>bilisque</span> <span class='ocrx_word' id='word_1_480' title='bbox 1462 1929 1636 1960; x_wconf 85' lang='lat' dir='ltr'>testimonii,</span> <span class='ocrx_word' id='word_1_481' title='bbox 1664 1938 1749 1955; x_wconf 88' lang='lat' dir='ltr'>unam</span> <span class='ocrx_word' id='word_1_482' title='bbox 1773 1929 1808 1955; x_wconf 88' lang='lat' dir='ltr'>de</span> <span class='ocrx_word' id='word_1_483' title='bbox 1833 1929 2000 1964; x_wconf 83' lang='lat' dir='ltr'>capellaniis</span> <span class='ocrx_word' id='word_1_484' title='bbox 2025 1929 2124 1956; x_wconf 83' lang='lat' dir='ltr'>altaris</span> <span class='ocrx_word' id='word_1_485' title='bbox 2153 1928 2185 1955; x_wconf 87' lang='lat' dir='ltr'>S.</span> <span class='ocrx_word' id='word_1_486' title='bbox 2212 1928 2322 1955; x_wconf 86' lang='lat' dir='ltr'>Mariae</span> 
     </span>
     <span class='ocr_line' id='line_1_73' title="bbox 1312 1976 2322 2013; baseline -0.001 -8"><span class='ocrx_word' id='word_1_487' title='bbox 1312 1978 1498 2013; x_wconf 83' lang='lat' dir='ltr'>Magdalenae</span> <span class='ocrx_word' id='word_1_488' title='bbox 1512 1978 1599 2013; x_wconf 84' lang='lat' dir='ltr'>positi</span> <span class='ocrx_word' id='word_1_489' title='bbox 1615 1979 1643 2004; x_wconf 91' lang='lat' dir='ltr'>in</span> <span class='ocrx_word' id='word_1_490' title='bbox 1661 1978 1785 2005; x_wconf 86' lang='lat' dir='ltr'>ecclesia</span> <span class='ocrx_word' id='word_1_491' title='bbox 1801 1977 1981 2004; x_wconf 86' lang='lat' dir='ltr'>Vercellensi</span> <span class='ocrx_word' id='word_1_492' title='bbox 1997 1977 2157 2004; x_wconf 81' lang='lat' dir='ltr'>conterant.</span> <span class='ocrx_word' id='word_1_493' title='bbox 2174 1977 2258 2010; x_wconf 72' lang='lat' dir='ltr'>(Reo.</span> <span class='ocrx_word' id='word_1_494' title='bbox 2274 1976 2322 2010; x_wconf 67' lang='lat'>24,</span> 
     </span>
     <span class='ocr_line' id='line_1_74' title="bbox 1311 2027 1682 2061; baseline -0.005 -7"><span class='ocrx_word' id='word_1_495' title='bbox 1311 2027 1330 2054; x_wconf 81' lang='lat' dir='ltr'>s.</span> <span class='ocrx_word' id='word_1_496' title='bbox 1350 2028 1410 2061; x_wconf 80' lang='grc'>177,</span> <span class='ocrx_word' id='word_1_497' title='bbox 1427 2035 1493 2053; x_wconf 87' lang='lat' dir='ltr'>ann.</span> <span class='ocrx_word' id='word_1_498' title='bbox 1510 2027 1548 2061; x_wconf 83' lang='grc' dir='ltr'>ΙΙ,</span> <span class='ocrx_word' id='word_1_499' title='bbox 1565 2035 1592 2055; x_wconf 83' lang='lat' dir='ltr'>e.</span> <span class='ocrx_word' id='word_1_500' title='bbox 1610 2027 1682 2060; x_wconf 83' lang='lat'>310.)</span> 
     </span>
    </p>
   </div>
   <div class='ocr_carea' id='block_1_25' title="bbox 1311 2127 2325 2273">
    <p class='ocr_par' dir='ltr' id='par_1_25' title="bbox 1311 2127 2325 2273">
     <span class='ocr_line' id='line_1_75' title="bbox 1353 2127 2322 2157; baseline -0.001 0"><span class='ocrx_word' id='word_1_501' title='bbox 1353 2140 1367 2155; x_wconf 73' lang='grc' dir='ltr'><em>α</em></span> <span class='ocrx_word' id='word_1_502' title='bbox 1389 2129 1568 2157; x_wconf 80' lang='lat' dir='ltr'>Bartholino</span> <span class='ocrx_word' id='word_1_503' title='bbox 1591 2129 1625 2157; x_wconf 79' lang='lat' dir='ltr'>(le</span> <span class='ocrx_word' id='word_1_504' title='bbox 1644 2128 1809 2157; x_wconf 77' lang='lat' dir='ltr'>Blandrate</span> <span class='ocrx_word' id='word_1_505' title='bbox 1830 2133 1856 2157; x_wconf 83' lang='lat' dir='ltr'>et</span> <span class='ocrx_word' id='word_1_506' title='bbox 1875 2128 1982 2157; x_wconf 78' lang='lat' dir='ltr'>Jacobo</span> <span class='ocrx_word' id='word_1_507' title='bbox 2004 2132 2076 2157; x_wconf 76' lang='lat' dir='ltr'>nalo</span> <span class='ocrx_word' id='word_1_508' title='bbox 2099 2127 2266 2157; x_wconf 79' lang='lat' dir='ltr'>Cathalani</span> <span class='ocrx_word' id='word_1_509' title='bbox 2286 2127 2322 2156; x_wconf 84' lang='lat' dir='ltr'>de</span> 
     </span>
     <span class='ocr_line' id='line_1_76' title="bbox 1311 2178 2325 2220; baseline -0.001 -10"><span class='ocrx_word' id='word_1_510' title='bbox 1311 2182 1460 2220; x_wconf 78' lang='lat' dir='ltr'>Bononia,</span> <span class='ocrx_word' id='word_1_511' title='bbox 1477 2182 1634 2210; x_wconf 78' lang='lat' dir='ltr'>canonicis</span> <span class='ocrx_word' id='word_1_512' title='bbox 1654 2181 1842 2210; x_wconf 65' lang='lat' dir='ltr'>Ver-vellensis</span> <span class='ocrx_word' id='word_1_513' title='bbox 1862 2180 2016 2220; x_wconf 58' lang='lat' dir='ltr'>[ecclesie]</span> <span class='ocrx_word' id='word_1_514' title='bbox 2036 2181 2100 2210; x_wconf 91' lang='lat' dir='ltr'>Pro</span> <span class='ocrx_word' id='word_1_515' title='bbox 2117 2179 2236 2210; x_wconf 83' lang='lat' dir='ltr'>dilecto</span> <span class='ocrx_word' id='word_1_516' title='bbox 2250 2178 2325 2210; x_wconf 69' lang='lat' dir='ltr'>filio</span> 
     </span>
     <span class='ocr_line' id='line_1_77' title="bbox 1311 2233 2192 2273; baseline -0.001 -10"><span class='ocrx_word' id='word_1_517' title='bbox 1311 2252 1360 2263; x_wconf 85' lang='lat'>-—.</span> <span class='ocrx_word' id='word_1_518' title='bbox 1381 2235 1454 2264; x_wconf 82' lang='lat' dir='ltr'>Dat.</span> <span class='ocrx_word' id='word_1_519' title='bbox 1473 2234 1636 2272; x_wconf 79' lang='lat' dir='ltr'>Anagnie,</span> <span class='ocrx_word' id='word_1_520' title='bbox 1654 2234 1764 2263; x_wconf 81' lang='lat' dir='ltr'>idibus</span> <span class='ocrx_word' id='word_1_521' title='bbox 1779 2234 1879 2273; x_wconf 73' lang='lat' dir='ltr'>junii⁷</span> <span class='ocrx_word' id='word_1_522' title='bbox 1899 2242 1986 2264; x_wconf 87' lang='lat' dir='ltr'>anno</span> <span class='ocrx_word' id='word_1_523' title='bbox 2002 2233 2156 2264; x_wconf 85' lang='lat' dir='ltr'>secundo.</span> <span class='ocrx_word' id='word_1_524' title='bbox 2178 2245 2192 2259; x_wconf 70' lang='lat' dir='ltr'>v&gt;</span> 
     </span>
    </p>
   </div>
   <div class='ocr_carea' id='block_1_26' title="bbox 1384 2410 2246 2446">
    <p class='ocr_par' dir='ltr' id='par_1_26' title="bbox 1384 2410 2246 2446">
     <span class='ocr_line' id='line_1_78' title="bbox 1384 2410 2246 2446; baseline -0.005 -5"><span class='ocrx_word' id='word_1_525' title='bbox 1384 2413 1498 2441; x_wconf 77' lang='lat'><strong>¹383</strong></span> <span class='ocrx_word' id='word_1_526' title='bbox 1933 2411 2048 2446; x_wconf 73' lang='lat' dir='ltr'>Lau-an,</span> <span class='ocrx_word' id='word_1_527' title='bbox 2063 2412 2078 2438; x_wconf 88' lang='lat'><strong>7</strong></span> <span class='ocrx_word' id='word_1_528' title='bbox 2094 2411 2151 2438; x_wconf 87' lang='lat' dir='ltr'>mai</span> <span class='ocrx_word' id='word_1_529' title='bbox 2167 2410 2246 2438; x_wconf 73' lang='lat'>1256.</span> 
     </span>
    </p>
   </div>
   <div class='ocr_carea' id='block_1_27' title="bbox 1308 2471 2321 2750">
    <p class='ocr_par' dir='ltr' id='par_1_27' title="bbox 1308 2471 2321 2750">
     <span class='ocr_line' id='line_1_79' title="bbox 1345 2471 2319 2510; baseline -0.003 -8"><span class='ocrx_word' id='word_1_530' title='bbox 1345 2475 1490 2510; x_wconf 82' lang='lat' dir='ltr'>Episcopo</span> <span class='ocrx_word' id='word_1_531' title='bbox 1512 2475 1742 2509; x_wconf 77' lang='lat' dir='ltr'>Warmaciensi,</span> <span class='ocrx_word' id='word_1_532' title='bbox 1766 2483 1816 2510; x_wconf 85' lang='lat' dir='ltr'>pro</span> <span class='ocrx_word' id='word_1_533' title='bbox 1841 2474 2026 2510; x_wconf 77' lang='lat' dir='ltr'>episcopatus</span> <span class='ocrx_word' id='word_1_534' title='bbox 2049 2474 2116 2508; x_wconf 84' lang='lat' dir='ltr'>ejus</span> <span class='ocrx_word' id='word_1_535' title='bbox 2138 2471 2263 2508; x_wconf 85' lang='lat' dir='ltr'>negotiis</span> <span class='ocrx_word' id='word_1_536' title='bbox 2282 2471 2319 2499; x_wconf 80' lang='lat' dir='ltr'>ad</span> 
     </span>
     <span class='ocr_line' id='line_1_80' title="bbox 1311 2520 2316 2558; baseline -0.004 -8"><span class='ocrx_word' id='word_1_537' title='bbox 1311 2524 1414 2550; x_wconf 83' lang='lat' dir='ltr'>Sedem</span> <span class='ocrx_word' id='word_1_538' title='bbox 1434 2524 1556 2550; x_wconf 85' lang='lat' dir='ltr'>advento</span> <span class='ocrx_word' id='word_1_539' title='bbox 1578 2524 1765 2558; x_wconf 82' lang='lat' dir='ltr'>apostolicam</span> <span class='ocrx_word' id='word_1_540' title='bbox 1788 2527 1817 2549; x_wconf 89' lang='lat' dir='ltr'>et</span> <span class='ocrx_word' id='word_1_541' title='bbox 1840 2531 1927 2550; x_wconf 84' lang='lat' dir='ltr'>onera</span> <span class='ocrx_word' id='word_1_542' title='bbox 1948 2529 2143 2557; x_wconf 78' lang='lat' dir='ltr'>expensarum</span> <span class='ocrx_word' id='word_1_543' title='bbox 2167 2520 2316 2554; x_wconf 84' lang='lat' dir='ltr'>subeunti,</span> 
     </span>
     <span class='ocr_line' id='line_1_81' title="bbox 1310 2571 2321 2606; baseline -0.004 -8"><span class='ocrx_word' id='word_1_544' title='bbox 1310 2572 1443 2599; x_wconf 82' lang='lat' dir='ltr'>concedit</span> <span class='ocrx_word' id='word_1_545' title='bbox 1464 2572 1628 2598; x_wconf 77' lang='lat' dir='ltr'>facultatem</span> <span class='ocrx_word' id='word_1_546' title='bbox 1650 2571 1837 2599; x_wconf 83' lang='lat' dir='ltr'>contrahendi</span> <span class='ocrx_word' id='word_1_547' title='bbox 1856 2574 1972 2606; x_wconf 85' lang='lat' dir='ltr'>propter</span> <span class='ocrx_word' id='word_1_548' title='bbox 1991 2571 2046 2597; x_wconf 89' lang='lat' dir='ltr'>hoc</span> <span class='ocrx_word' id='word_1_549' title='bbox 2067 2573 2202 2597; x_wconf 89' lang='lat' dir='ltr'>mutuum</span> <span class='ocrx_word' id='word_1_550' title='bbox 2224 2575 2321 2603; x_wconf 76' lang='lat' dir='ltr'>usque</span> 
     </span>
     <span class='ocr_line' id='line_1_82' title="bbox 1309 2617 2318 2652; baseline -0.004 -6"><span class='ocrx_word' id='word_1_551' title='bbox 1309 2621 1342 2647; x_wconf 79' lang='lat' dir='ltr'>ad</span> <span class='ocrx_word' id='word_1_552' title='bbox 1364 2628 1505 2646; x_wconf 85' lang='lat' dir='ltr'>summam</span> <span class='ocrx_word' id='word_1_553' title='bbox 1530 2624 1646 2646; x_wconf 86' lang='lat' dir='ltr'>centum</span> <span class='ocrx_word' id='word_1_554' title='bbox 1669 2624 1696 2647; x_wconf 88' lang='lat' dir='ltr'>et</span> <span class='ocrx_word' id='word_1_555' title='bbox 1721 2620 1847 2646; x_wconf 87' lang='lat' dir='ltr'>sedecim</span> <span class='ocrx_word' id='word_1_556' title='bbox 1874 2626 2034 2646; x_wconf 85' lang='lat' dir='ltr'>marcarum</span> <span class='ocrx_word' id='word_1_557' title='bbox 2055 2617 2261 2652; x_wconf 84' lang='lat' dir='ltr'>sterlingorum</span> <span class='ocrx_word' id='word_1_558' title='bbox 2283 2623 2318 2642; x_wconf 83' lang='lat' dir='ltr'>ac</span> 
     </span>
     <span class='ocr_line' id='line_1_83' title="bbox 1310 2663 2316 2704; baseline -0.005 -9"><span class='ocrx_word' id='word_1_559' title='bbox 1310 2669 1486 2704; x_wconf 79' lang='lat' dir='ltr'>praedictum</span> <span class='ocrx_word' id='word_1_560' title='bbox 1511 2669 1710 2703; x_wconf 83' lang='lat' dir='ltr'>episcopatum</span> <span class='ocrx_word' id='word_1_561' title='bbox 1735 2668 1928 2695; x_wconf 86' lang='lat' dir='ltr'>creditoribus</span> <span class='ocrx_word' id='word_1_562' title='bbox 1958 2665 2114 2701; x_wconf 83' lang='lat' dir='ltr'>obligandi.</span> <span class='ocrx_word' id='word_1_563' title='bbox 2145 2665 2231 2698; x_wconf 69' lang='lat' dir='ltr'>(Rae.</span> <span class='ocrx_word' id='word_1_564' title='bbox 2261 2663 2316 2696; x_wconf 72' lang='lat'>2²4,</span> 
     </span>
     <span class='ocr_line' id='line_1_84' title="bbox 1308 2717 1699 2750; baseline 0.003 -7"><span class='ocrx_word' id='word_1_565' title='bbox 1308 2717 1564 2750; x_wconf 77' lang='lat' dir='ltr'>f.177v‚ann.11‚</span> <span class='ocrx_word' id='word_1_566' title='bbox 1583 2725 1607 2744; x_wconf 88' lang='lat' dir='ltr'>e.</span> <span class='ocrx_word' id='word_1_567' title='bbox 1626 2718 1699 2750; x_wconf 82' lang='lat'>311.)</span> 
     </span>
    </p>
   </div>
   <div class='ocr_carea' id='block_1_28' title="bbox 1306 2814 2319 2907">
    <p class='ocr_par' dir='ltr' id='par_1_28' title="bbox 1306 2814 2319 2907">
     <span class='ocr_line' id='line_1_85' title="bbox 1350 2814 2319 2856; baseline -0.003 -10"><span class='ocrx_word' id='word_1_568' title='bbox 1350 2830 1362 2845; x_wconf 88' lang='lat'>«</span> <span class='ocrx_word' id='word_1_569' title='bbox 1383 2841 1415 2854; x_wconf 88' lang='lat'>..‚</span> <span class='ocrx_word' id='word_1_570' title='bbox 1434 2820 1568 2856; x_wconf 80' lang='lat' dir='ltr'>episcopo</span> <span class='ocrx_word' id='word_1_571' title='bbox 1588 2820 1817 2849; x_wconf 75' lang='lat' dir='ltr'>ll&#39;ccrmaciensi.</span> <span class='ocrx_word' id='word_1_572' title='bbox 1835 2819 1917 2849; x_wconf 89' lang='lat' dir='ltr'>Cum</span> <span class='ocrx_word' id='word_1_573' title='bbox 1934 2822 1964 2848; x_wconf 89' lang='lat' dir='ltr'>te</span> <span class='ocrx_word' id='word_1_574' title='bbox 1979 2825 2037 2856; x_wconf 87' lang='lat' dir='ltr'>pro</span> <span class='ocrx_word' id='word_1_575' title='bbox 2053 2833 2102 2845; x_wconf 92' lang='grc'>-.</span> <span class='ocrx_word' id='word_1_576' title='bbox 2125 2816 2199 2845; x_wconf 87' lang='lat' dir='ltr'>Dat.</span> <span class='ocrx_word' id='word_1_577' title='bbox 2217 2814 2319 2844; x_wconf 85' lang='lat' dir='ltr'>Late-</span> 
     </span>
     <span class='ocr_line' id='line_1_86' title="bbox 1306 2871 1928 2907; baseline 0 -7"><span class='ocrx_word' id='word_1_578' title='bbox 1306 2871 1392 2905; x_wconf 72' lang='lat' dir='ltr'>rani.</span> <span class='ocrx_word' id='word_1_579' title='bbox 1412 2871 1508 2901; x_wconf 89' lang='lat' dir='ltr'>nonis</span> <span class='ocrx_word' id='word_1_580' title='bbox 1524 2872 1615 2907; x_wconf 72' lang='lat' dir='ltr'>maii7</span> <span class='ocrx_word' id='word_1_581' title='bbox 1635 2880 1721 2901; x_wconf 84' lang='lat' dir='ltr'>anno</span> <span class='ocrx_word' id='word_1_582' title='bbox 1739 2871 1894 2902; x_wconf 87' lang='lat' dir='ltr'>secundo.</span> <span class='ocrx_word' id='word_1_583' title='bbox 1915 2883 1928 2897; x_wconf 79' lang='lat' dir='ltr'>r&gt;</span> 
     </span>
    </p>
   </div>
  </div>
 </body>
</html>
