2498 3325
955 238 1178 276 PREMIERE
1200 239 1359 276 ANNEE.
1545 226 1552 233 ’
2150 251 2204 280 179

110 313 266 352 predicto,
282 312 418 350 possitis
435 312 526 342 licite
540 322 724 348 remanere,
739 313 910 343 vobiscum
925 311 1119 341 auctoritate

111 365 290 404 apostolica
298 365 541 402 dispensamus.
554 365 647 395 Nulli
661 370 721 395 etc.
735 369 846 395 nostre
861 363 1119 402 dispensationis

112 422 172 449 etc.
190 419 264 447 Dat.
281 417 451 455 Anagnie,
469 418 553 448 XIII
572 417 732 448 kalendas
750 417 843 456 julii,
862 425 948 446 anno
966 416 1084 454 primo.
1104 428 1117 442 »

182 621 271 650 5⁷5
696 618 822 652 Anagni‚
840 619 874 645 ‘20
888 620 951 652 juin
969 619 1047 646 1255.

148 683 253 710 Abbati
270 683 439 716 Arroasiae,
456 681 658 708 Atrebatensis
674 681 809 713 diocesis,
829 682 914 715 cujus
930 681 957 707 in
975 683 1120 706 monaste-

113 732 154 758 rio
170 731 254 757 annis
270 731 393 765 singulis
410 731 570 757 celebratur
585 730 718 764 generale
733 729 867 756 abbatum
884 729 993 755 ordinis
1008 730 1120 763 capitu-

111 780 181 811 lum,
198 779 347 805 confirmat
363 779 572 805 ordinationem
589 778 623 804 ab
643 778 679 804 H.
696 786 720 805 s.
738 777 860 804 Sabinae
877 778 1045 812 presbytero
1060 785 1121 804 car·

112 828 204 855 dinale
230 836 318 862 super
343 827 507 854 visitatione
533 827 643 853 ordinis
667 826 796 861 ejusdem
822 826 935 852 editam¹
963 826 1045 857 fflso.
1069 826 1119 859 24,

112 885 136 903 c.
153 877 215 908 474,
232 877 250 903 f.
270 877 318 905 70:
338 876 485 903 Pommsr
502 876 610 909 15900.)

153 1003 166 1018 «
183 1014 215 1026 ..,
228 992 330 1021 abban·
342 992 475 1025 Aroasz’e,
487 991 607 1020 ordinis
618 991 905 1027 sanctiAuqustini,
918 990 1121 1019 Atrebatensis

111 1045 244 1074 diocesis.
262 1044 344 1074 Cum
367 1044 453 1073 sicut
475 1047 505 1073 te
528 1061 576 1072 —.
599 1044 672 1072 Dat.
691 1043 860 1080 Anagnie,
877 1043 944 1072 XII
960 1042 1120 1072 kalendas

107 1097 195 1136 julii.
216 1105 302 1126 anno
320 1097 438 1134 primo.
459 1108 471 1122 »

147 1222 179 1249 In
191 1232 216 1249 e.
230 1232 267 1251 m.
279 1223 382 1254 eidem,
401 1231 493 1257 usque
513 1235 517 1249 :
532 1223 647 1257 quidam
659 1223 777 1249 abbates
793 1226 821 1249 et
837 1226 998 1249 conventus
1014 1223 1054 1249 tui
1070 1231 1121 1249 or-

112 1272 187 1298 dinis
202 1272 384 1298 contribuere
396 1272 423 1298 in
436 1273 572 1306 expensis
588 1280 643 1306 que
659 1272 804 1298 interdum
820 1272 892 1298 fiunt.
908 1280 957 1306 pro
973 1272 1119 1298 communi

113 1321 233 1347 utilitate
244 1320 336 1355 ipsius
351 1321 459 1347 ordinis
470 1320 595 1347 indebite
611 1320 822 1347 contradicunt.
835 1319 896 1346 Nos
908 1321 1005 1355 igitur,
1023 1321 1119 1346 dilecti

114 1369 175 1404 filii,
186 1373 240 1396 etc.
255 1377 345 1404 usque
360 1381 364 1396 z
378 1370 470 1396 dictos
481 1370 599 1396 abbates
610 1373 637 1396 et
647 1373 808 1396 conventus
819 1374 848 1395 ut
860 1370 886 1395 in
900 1370 1036 1404 expensis
1047 1370 1119 1404 ipsis

114 1422 144 1445 ut
165 1422 300 1445 tenentur
319 1419 502 1445 contribuant
521 1418 680 1445 secundum
698 1419 828 1453 proprias
843 1418 992 1444 facultates
1004 1438 1010 1449 ,
1027 1418 1076 1444 tibi
1093 1422 1120 1445 et

112 1467 226 1493 duobus
248 1467 282 1493 de
300 1467 501 1494 diffinitoribus
521 1470 575 1494 etc.
598 1471 629 1493 ut
649 1468 676 1493 in
699 1467 752 1493 alia
768 1475 859 1502 usque
876 1468 902 1493 in
920 1467 1015 1493 finem.
1036 1467 1120 1500 (Por-

111 1524 199 1542 'rnAs'r
216 1515 321 1550 15899.)

182 1709 270 1738 5¹⁷ss

147 1770 286 1804 Magistro
303 1770 461 1803 Gamelioo,
474 1770 565 1796 electo
581 1769 612 1797 S.
629 1770 763 1796 Andreae
779 1770 807 1797 in
821 1770 927 1803 Scotia,
940 1779 1036 1805 quem,
1049 1775 1119 1798 tunc

110 1819 288 1853 capellanum
305 1819 495 1853 pontificalem
517 1823 545 1845 et
565 1819 723 1845 Alexandri
743 1819 857 1846 Scotiae
878 1821 954 1853 regis
975 1820 1119 1846 cancella-

109 1869 194 1901 rium,
216 1868 293 1902 prior
312 1872 340 1893 et
359 1868 515 1902 capitulum
538 1867 567 1894 S.
586 1868 720 1894 Andreae
741 1869 768 1894 in
789 1869 959 1903 episcopum
981 1869 1119 1896 canonice

110 1918 338 1952 postulaverant,
358 1917 503 1951 significat
523 1925 569 1948 se,
592 1925 647 1943 non
669 1917 800 1944 obstante
821 1918 934 1944 defectu
956 1919 1020 1953 ejus
1041 1923 1119 1945 nata-

109 1966 188 1996 lium,
206 1965 280 1992 hanc
296 1965 517 1999 postulationem
536 1965 696 1997 admittere,
713 1966 797 2000 eique
813 1966 938 1998 mandat,
952 1970 982 1993 ut
998 1967 1031 1994 ad
1044 1975 1120 2002 prae-

108 2016 193 2043 fatam
210 2016 360 2043 ecclesiam
377 2016 487 2051 absque
498 2016 650 2052 dispendio
661 2017 804 2045 tarditatis
822 2018 948 2045 accedat.
968 2018 1051 2052 (Rae.
1068 2019 1117 2049 24,

108 2073 133 2092 c.
158 2066 219 2097 475,
236 2065 256 2091 f.
274 2065 334 2097 70¹3
354 2065 502 2092 Pomnsr
519 2065 626 2100 15907.)

662 1709 789 1743 Anagni,
808 1709 951 1742 terjuillet
969 1709 1047 1737 1255.

150 2192 163 2207 α
192 2181 336 2218 Mayistro
363 2181 532 2216 Gamelino,
564 2181 651 2210 electo
672 2181 780 2210 Sancti
803 2182 920 2211 Andree
946 2184 979 2211 in
1004 2183 1116 2212 Scotict.

108 2234 209 2264 Recte
222 2238 301 2263 tunc
314 2233 588 2264 ecclesia1·um—-.
600 2235 673 2264 Dat.
686 2235 850 2272 Anagnie‚
865 2234 1017 2265 kalendis
1027 2235 1116 2274 julii,

55 2291 61 2294 '
108 2295 194 2316 anno
209 2286 327 2325 primo.
345 2298 357 2313 n

142 2410 176 2437 In
192 2418 218 2438 e.
232 2419 268 2436 m.
283 2430 313 2441 ..,
332 2410 418 2444 priori
430 2414 458 2436 et
470 2410 594 2445 capitulo
610 2409 708 2437 Sancti
721 2410 837 2437 Andree
852 2412 879 2437 in
894 2411 991 2438 Scotia
1005 2421 1115 2447 usque:

109 2459 313 2493 concedentes,
330 2459 426 2485 verbis
440 2461 639 2493 competenter
655 2459 780 2486 mutatis.
795 2459 920 2494 Ideoque
939 2461 1117 2488 universitati

110 2512 205 2535 vestre
222 2507 400 2539 mandamus,
419 2508 557 2541 quatinus
572 2508 696 2534 eundem
717 2509 840 2535 electum
857 2513 992 2544 tanquam
1009 2515 1115 2544 patrem

108 2561 136 2584 et
163 2561 306 2592 pastorem
332 2557 492 2582 animarum
518 2558 676 2582 vestrarum
701 2557 803 2583 devote
827 2558 1037 2592 suscipientes,
1061 2560 1117 2586 sibi

109 2606 299 2633 obedientiam
321 2609 349 2631 et
369 2605 559 2631 reverentiam
575 2604 700 2631 debitam
718 2606 900 2640 impendatis,
918 2608 983 2640 ejus
1000 2608 1117 2634 monitis

108 2658 136 2682 et
151 2654 294 2681 mandatis
309 2653 475 2680 salubribus
490 2653 634 2680 humiliter
649 2654 834 2683 intendendo.
847 2655 986 2689 Alioquin
1000 2660 1117 2683 senten-

107 2703 175 2730 tiam
191 2707 245 2729 etc.
265 2711 356 2737 usque
373 2712 379 2729 :
398 2703 556 2728 observari.

143 2752 175 2778 In
191 2760 216 2778 e.
235 2760 273 2779 m.
290 2752 366 2778 clero
381 2750 507 2777 civitatis
523 2753 552 2777 et
571 2750 697 2778 diocesis
713 2751 811 2778 Sancti
828 2752 944 2778 Andree
961 2753 988 2779 in
1008 2753 1114 2780 Scotia.

142 2800 175 2827 In
195 2808 221 2827 e.
243 2807 281 2827 m.
303 2800 409 2835 populo
423 2799 548 2826 civitatis
564 2802 593 2825 et
608 2799 734 2826 diocesis
751 2799 848 2827 Sancti
866 2801 982 2827 Andree
999 2801 1024 2827 in
1044 2802 1116 2828 Sco-

107 2850 146 2876 tia
162 2857 254 2884 usque
268 2860 272 2875 :
285 2849 495 2883 suscipientes,
508 2848 600 2883 ipsius
615 2849 733 2875 monitis
749 2852 777 2875 et
793 2850 933 2876 mandatis
950 2851 1116 2878 salubribus

107 2898 254 2925 humiliter
269 2897 436 2924 intendatis.

1272 313 1358 341 5¹2⁸?

1238 373 1380 408 Episcopo
1397 374 1571 409 Glasguensi
1588 376 1718 406 mandat,
1736 380 1765 401 ut
1786 377 1924 409 magistro
1939 375 2098 410 GameIino,
2116 378 2205 404 electo

1202 421 1232 448 S.
1250 421 1382 448 Andreae
1395 426 1421 448 et
1435 423 1526 449 bonae
1542 424 1694 449 memoriae
1711 423 1809 449 Abelis
1821 423 1949 458 episcopi
1962 425 2136 457 successori,
2150 434 2208 451 mu-

1203 477 1257 505 nus
1279 472 1508 497 consecrationis
1530 471 1684 505 impendat,
1709 473 1808 497 ascitis
1832 472 1944 497 duobus
1967 473 2111 506 episcopis
2135 481 2207 507 quos

1202 517 1371 544 Gamelinus
1387 520 1518 545 voluerit.
1537 519 1619 552 (itm.
1632 519 1675 549 24,
1692 527 1718 546 c.
1735 519 1807 549 4752,
1827 520 1844 545 s.
1863 520 1923 551 70v;
1942 520 2085 547 Pommsr
2101 522 2203 550 15908.)

1755 315 1879 347 Anagni,
1897 315 1934 340 1⁶1
1948 315 2040 349 juillet
2058 316 2134 342 1‘255.

1245 630 1257 644 κ
1331 620 1464 656 episcopo
1479 620 1667 656 Glasyuensi.
1689 620 1779 649 Bone
1793 621 1949 650 memorie
1969 621 2051 651 Abel
2066 640 2114 650 —.
2134 623 2206 651 Dat.

1202 674 1238 700 ut
1257 680 1367 709 supra.
1390 684 1402 697 n

1273 843 1361 870 5⁸28

1238 904 1345 930 Abbati
1362 904 1526 935 Arroasiae,
1545 904 1747 930 Atrebatensis
1763 904 1898 936 diocesis,
1916 905 2123 931 ordinationem
2140 913 2210 931 con—

1202 953 1305 985 firmat,
1332 955 1418 987 qnam
1444 952 1549 986 H[ugo]
1575 953 1648 979 tituli
1671 953 1700 980 S.
1724 953 1846 979 Sabinae
1872 953 2023 988 presbyter
2048 954 2209 986 cardinalis,

1789 843 1916 876 Anagni,
1933 843 1966 869 ‘20
1979 844 2042 877 juin
2063 844 2138 870 1255.

1203 1004 1271 1027 tunc
1288 1010 1337 1035 per
1350 1005 1443 1035 partes
1460 1001 1521 1027 illas
1536 1002 1687 1028 transitum
1699 1001 1818 1034 faciens,
1835 1002 1927 1028 eidem
1941 1001 2027 1032 dedit,
2043 1010 2130 1036 super
2142 1010 2211 1028 con-

1203 1049 1336 1076 cessione
1353 1049 1386 1075 ab
1405 1049 1574 1076 Innocentio
1591 1059 1663 1084 papa
1677 1050 1717 1075 IV
1735 1051 1809 1076 facta
1825 1050 1960 1076 visitandi
1978 1051 2149 1077 monasteria
2165 1051 2211 1076 sui

1204 1098 1314 1124 ordinis
1331 1109 1336 1124 :
1356 1098 1497 1124 ordinatio
1514 1102 1573 1132 est,
1591 1103 1621 1125 ut
1636 1098 1804 1124 diffinitores
1820 1099 1893 1125 duos
1909 1107 1943 1125 ex
1960 1100 2002 1125 eis
2018 1099 2140 1133 singulis
2159 1108 2212 1125 an-

1203 1147 1248 1173 nis
1265 1147 1404 1180 eligerent
1421 1147 1470 1181 qui
1487 1155 1542 1173 una
1559 1155 1624 1173 cnm
1638 1147 1739 1173 abbate
1752 1147 1905 1174 Arroasiae
1917 1156 1967 1181 per
1978 1148 2109 1181 singulos
2121 1156 2212 1174 annos

1202 1196 1362 1222 visitarent.
1379 1195 1464 1228 (Rea.
1482 1196 1525 1229 ⁶34,
1543 1203 1569 1222 c.
1587 1196 1648 1229 476,
1666 1196 1684 1222 f.
1703 1196 1770 1227 7OV.)

1245 1310 1257 1323 «
1281 1320 1312 1332 ..,
1330 1298 1431 1326 abban<
1448 1299 1614 1332 Arroaisie,
1632 1298 1752 1327 ordinis
1770 1299 1876 1327 Sancti
1892 1299 2068 1334 Augustini,
2088 1300 2212 1327 ‚ln-eba-

1203 1352 1293 1379 iensis
1322 1351 1456 1379 diocesis.
1491 1351 1611 1380 Potitio
1644 1355 1698 1380 tua
1733 1351 1828 1380 nobis
1858 1368 1906 1379 ——.
1938 1352 2011 1380 Dat.
2036 1351 2187 1388 Anagnis
2203 1374 2208 1383 ,

1200 1403 1267 1433 XII
1285 1403 1443 1433 kalendas
1457 1403 1545 1442 julii,
1565 1412 1652 1433 anno
1669 1404 1785 1442 primo.
1808 1416 1820 1429 ›>

1273 1580 1361 1608 5³29
1789 1580 1914 1614 Magni,
1930 1580 1964 1607 ‘20
1977 1580 2041 1615 juin
2060 1580 2138 1607 1255.

1236 1642 1337 1669 Eidem
1368 1642 1578 1668 ordinationem
1610 1642 1777 1673 confirmat,
1807 1651 1894 1676 quam
1925 1643 2070 1677 praefatus
2102 1642 2207 1677 H[ugo]

1203 1691 1356 1717 cardinalis
1377 1692 1402 1716 ei
1420 1695 1452 1717 ut
1467 1691 1539 1725 patri
1555 1691 1649 1716 abbati
1665 1690 1775 1716 ordinis
1792 1699 1816 1717 s.
1834 1691 1994 1724 Augustini
2010 1691 2104 1723 dedit,
2125 1699 2212 1725 super

1202 1739 1391 1766 concessione
1401 1739 1434 1765 ab
1446 1739 1634 1772 Ilnnooentiol
1652 1748 1723 1774 papa
1735 1738 1774 1765 IV
1786 1739 1860 1765 facta
1870 1739 2009 1765 libertatis
2023 1739 2211 1774 compellendi

1202 1788 1337 1821 abbates,
1357 1789 1479 1822 priores,
1498 1788 1654 1814 canonicos
1674 1791 1730 1814 ete.
1753 1788 1799 1814 sui
1818 1787 1928 1814 ordinis
1945 1788 1979 1813 ad
2000 1788 2211 1814 observandum

1201 1840 1318 1868 statuta,
1336 1839 1531 1864 correctiones
1552 1841 1580 1863 et
1595 1837 1780 1864 diffinitiones
1801 1845 1873 1870 quae
1893 1837 1919 1863 in
1940 1837 2065 1871 generali
2082 1837 2212 1871 ejusdem

1200 1886 1309 1913 ordinis
1325 1886 1450 1920 capitulo
1465 1886 1548 1913 fiunt.
1566 1886 1650 1919 (Rae.
1667 1885 1711 1919 224,
1729 1894 1754 1912 c.
1774 1886 1835 1919 477,
1853 1885 1870 1911 f.
1886 1886 1933 1917 713
1949 1884 2094 1912 Porrfflsr
2109 1886 2212 1919 15898.)

1242 1999 1255 2014 α
1273 1988 1388 2016 Eidem.
1412 1987 1533 2017 Petitio
1553 1991 1608 2017 tua
1630 1987 1726 2017 nobis
1745 2005 1794 2017 —.
1812 1988 1880 2017 Nos
1902 1987 2005 2025 igitur
2026 1991 2086 2017 ete.
2111 1987 2157 2026 [ut
2177 1988 2211 2016 in

1200 2040 1279 2079 alia]
1296 2041 1450 2079 usquein
1466 2042 1579 2070 finem.
1596 2052 1609 2067 »

1272 2218 1364 2248 580

1235 2281 1393 2308 Ecclesiam
1409 2281 1600 2316 Ispalensem,
1615 2281 1642 2307 in
1659 2290 1715 2315 qua
1731 2281 1824 2307 clarae
1841 2281 1995 2307 memoriae
2011 2279 2152 2306 Fernandi
2168 2288 2213 2306 re-

1768 2218 1892 2252 Anagni‚
1917 2218 1931 2243 7
1947 2217 2043 2252 juillet
2062 2218 2139 2244 1255.

1200 2332 1245 2365 gis
1262 2331 1400 2357 Castellae
1421 2339 1454 2356 ac
1474 2330 1615 2364 Legionis
1635 2338 1741 2364 corpus
1764 2330 1908 2364 sepultum
1930 2330 2099 2363 dinoscitur,
2121 2329 2213 2355 hono-

1199 2388 1261 2406 rare
1277 2380 1408 2414 cupiens,
1422 2383 1450 2405 et
1463 2380 1597 2414 precibus
1614 2379 1757 2413 Alphonsi
1773 2379 1829 2404 nati
1848 2382 1876 2405 et
1892 2378 2073 2405 successoris
2087 2379 2152 2412 ojus
2167 2378 2213 2404 in-

1199 2429 1334 2462 clinatus,
1347 2437 1397 2455 sex
1411 2429 1542 2463 personis
1554 2428 1670 2460 capituli
1685 2428 1843 2462 [spalensis
1857 2436 1940 2454 usum
1957 2428 2057 2453 mitrae
2069 2427 2210 2453 concedit.

1199 2478 1283 2510 (Res.
1300 2478 1344 2508 ²24,
1363 2486 1388 2504 c.
1407 2478 1467 2508 478,
1486 2478 1504 2503 f.
1522 2478 1579 2511 71.)

1242 2592 1253 2606 «
1271 2580 1410 2617 Capitale
1425 2580 1584 2616 [spalensi.
1607 2579 1666 2609 Pia
1684 2583 1715 2609 et
1729 2579 1903 2616 magnilica
1922 2587 2021 2616 opera
2037 2578 2123 2607 clare
2143 2586 2211 2606 me-

1200 2633 1303 2661 morie
1322 2632 1488 2661 Fer-nundi
1512 2632 1599 2669 regis
1622 2631 1765 2662 Castellc
1785 2641 1822 2660 ae
1844 2631 1999 2668 Legionis
2019 2631 2087 2669 qui,
2110 2629 2210 2659 veluti

1199 2685 1352 2723 princeps
1374 2684 1556 2714 catholicus
1574 2688 1605 2714 et
1623 2685 1759 2714 devotus
1781 2684 1821 2713 ad
1838 2683 1984 2713 Ecclesie
1998 2683 2159 2721 obsequia
2177 2691 2210 2711 se

1200 2746 1377 2775 exponens,
1407 2737 1560 2775 expendit
1587 2736 1800 2766 laudabiliter
1829 2740 1942 2765 contra
1969 2735 2095 2766 Christi
2123 2734 2211 2763 lilas-

1198 2791 1335 2829 phemos
1364 2790 1404 2819 ad
1434 2790 1661 2828 ampliandum
1683 2789 1809 2819 cultum
1834 2789 1941 2818 divini
1967 2787 2112 2817 nominis
2140 2786 2210 2816 dies

1199 2852 1294 2878 suos,
1319 2851 1447 2872 necnon
1467 2851 1582 2881 preces
1607 2842 1773 2872 carissimi
1797 2842 1833 2871 in
1855 2841 1988 2872 Christo
2010 2840 2071 2869 filii
2089 2839 2206 2869 nostri.

1202 2896 1333 2926 Alsonsi
1359 2896 1447 2934 regis
1466 2895 1609 2926 Castelle
1632 2904 1669 2925 ac
1693 2895 1848 2933 Legionis
1864 2894 2021 2929 illustris,
2043 2893 2113 2931 ejus
2129 2892 2208 2926 nati⁷
