2441 3330
966 191 1188 227 PREMIERE
1211 193 1370 230 ΑΝΝΕΕ.
2160 204 2211 233 141

121 272 195 293 rum
215 263 321 301 ipsius
346 262 538 300 impetratas
562 261 615 291 vel
637 261 737 291 etiam
756 262 981 300 impetrandas
1005 271 1067 300 que
1090 262 1128 292 de

121 315 221 346 verbo
238 315 278 344 ad
292 314 431 345 verbum
447 323 483 344 ac
499 314 631 352 plenam
653 317 684 344 et
702 323 891 352 expressam
910 323 973 343 non
990 314 1130 344 fecerint

121 369 161 398 de
181 367 393 406 presentibus
409 367 627 402 mentionem,
646 366 687 396 ad
703 366 869 405 judicium
885 366 1025 396 evocari.
1043 366 1129 396 Con-

121 420 326 451 tradictores.
348 421 423 450 Non
446 419 597 450 obstante
617 419 646 449 si
662 437 710 448 —.
734 420 808 448 Dat.
830 418 985 456 Neapoli.
1004 419 1036 448 II
1054 418 1129 448 idus

121 473 212 509 maii,
232 481 317 502 anno
335 472 453 510 primo.
473 484 486 499 r>

192 664 279 693 4⁸⁷³!

158 727 276 753 Nicolao
291 726 326 752 de
341 725 454 761 Capella
465 726 625 760 dispensat,
643 729 688 759 ut,
707 729 818 759 praeter
829 724 1092 750 archidiaconatum
1104 728 1132 750 et

122 775 313 811 praebendam
334 775 566 801 Saresbirienses
581 782 655 809 quos
672 775 795 804 obtinet,
815 774 930 800 unicum
950 773 1026 799 aliud
1043 773 1130 799 bene—

122 824 218 851 ficium
235 825 320 850 etiam
331 832 429 850 curam
441 823 599 850 animarum
613 823 723 850 habens
734 823 863 857 recipere
880 823 978 848 valeat..
990 822 1073 855 (Rae.
1086 822 1130 854 24,

120 882 146 900 c.
167 873 229 906 393,
247 873 265 899 f.
283 873 338 905 57.)

739 663 858 696 Naples,
875 662 890 688 4
906 664 962 688 mai
983 662 1057 689 1255.

164 987 178 1002 α
198 975 322 1005 Nicolao
344 975 377 1003 de
397 975 536 1011 Capella,
560 973 779 1003 archidiacono
803 974 1033 1003 Saresbiriensi.
1060 972 1132 1002 Etsi

120 1031 253 1068 propter
271 1026 486 1057 ambitionem
502 1044 550 1055 —.
568 1027 642 1056 Dat.
662 1025 813 1064 Neapoli,
831 1027 900 1056 IIII
917 1035 1020 1056 nonas
1038 1025 1129 1061 maii,

120 1090 209 1112 anno
224 1080 342 1119 primo.
364 1092 377 1106 »

195 1272 284 1300 428

161 1334 245 1361 Petro
261 1334 295 1360 de
311 1333 452 1359 Vercellis
467 1332 600 1359 concedit
616 1332 778 1359 facultatem
795 1332 982 1358 contrahendi
1000 1335 1131 1358 mutuum

124 1386 240 1418 propter
273 1382 484 1417 expeditionem
514 1382 695 1415 negotiorum
725 1380 837 1407 abbatis
864 1380 1133 1407 Westimonasterii

123 1431 335 1458 Londoniensis
352 1438 444 1465 usque
459 1430 494 1456 ad
511 1438 654 1456 summam
671 1433 787 1456 centum
803 1438 963 1456 marcarum
977 1431 1132 1464 sterlingo-

122 1489 186 1508 rum
202 1484 230 1507 et
250 1479 393 1514 obligandi
416 1479 608 1505 creditoribus
630 1487 722 1514 usque
745 1479 779 1504 ad
800 1487 943 1505 summam
965 1479 1133 1513 hujusmodi

118 1530 252 1557 abbatem
269 1529 375 1563 ipsum.
396 1528 477 1561 (ΗΕΘ.
496 1527 540 1560 ⁶24,
558 1536 584 1555 c.
602 1528 663 1561 394,
681 1528 700 1555 f.
716 1528 770 1560 57.)

711 1269 828 1304 Names,
847 1270 877 1296 17
894 1270 963 1296 avril
984 1270 1058 1296 1955.

163 1644 177 1659 <t
194 1633 279 1661 Petro
301 1631 334 1660 de
357 1631 504 1660 Vercellis.
529 1630 613 1661 Cum
633 1630 718 1660 sicut
741 1630 774 1659 in
796 1634 909 1660 nostra
931 1630 1133 1668 proposuisti

120 1684 289 1723 presentia
310 1683 526 1718 constitutus⁷
544 1692 602 1721 pro
619 1683 832 1721 expediendis
854 1683 1001 1721 negociis
1021 1683 1134 1713 dilecti

120 1738 184 1768 fih'i
202 1761 234 1772 ..,
254 1737 382 1767 abbatis
398 1736 595 1766 monasterii
608 1736 916 1766 Westimonasterii
927 1737 1134 1767 Londonien-

122 1791 186 1826 sis,
204 1789 367 1829 capellani
386 1789 508 1825 nostri,
526 1798 584 1827 pro
601 1789 722 1828 quibus
744 1798 761 1819 a
784 1789 867 1820 Sede
886 1789 1065 1828 apostolica
1082 1799 1133 1820 ac-

122 1844 271 1878 cessisti,
290 1851 410 1880 magna
430 1846 459 1872 te
481 1842 594 1872 subire
616 1846 763 1880 oporteat
786 1851 886 1872 onera
902 1851 1132 1880 expensarum,

123 1906 165 1927 ne
189 1905 246 1934 pro
271 1896 401 1925 defectu
426 1895 574 1933 ipsarum
595 1895 709 1925 eadem
732 1895 765 1924 in
790 1895 941 1933 expedita
962 1904 1134 1925 remanere

123 1950 311 1987 contingat,
335 1957 394 1978 nos
417 1949 484 1978 tuis
506 1948 805 1987 supplicationibus
821 1948 986 1978 inclinati.
1004 1952 1135 1978 contra-

124 2002 227 2033 hendi
243 2006 393 2032 mutuum
411 2006 542 2040 propter
558 2001 619 2032 hoc
635 2010 740 2040 usque
760 2002 801 2031 ad
821 2011 983 2032 summam
1003 2006 1136 2031 centum

126 2064 312 2085 marcarum
337 2054 573 2092 sterlingorum
598 2058 629 2084 et
651 2054 820 2092 obligandi
837 2054 1056 2084 creditoribus
1078 2064 1136 2084 us-

126 2117 191 2146 que
216 2107 257 2137 ad
282 2115 445 2137 summam
469 2106 661 2145 hujusmodi
686 2107 838 2137 abbatem
860 2107 970 2145 ipsum
996 2111 1026 2137 et
1050 2107 1137 2137 bona

127 2161 198 2200 ejus
232 2169 267 2190 ac
299 2159 520 2189 renunciandi
551 2159 781 2189 constitutioni
811 2159 850 2189 de
880 2159 1008 2189 duabus
1038 2159 1136 2189 dietis

125 2213 231 2243 edicte
255 2213 291 2242 in
310 2212 450 2242 concilio
473 2211 621 2250 generali
637 2215 668 2241 et
686 2211 846 2241 beneficio
863 2212 1086 2242 restitutionis
1102 2212 1136 2240 in

125 2267 292 2304 integrum
319 2274 447 2295 necnon
473 2269 505 2295 et
529 2265 742 2295 conventioni
762 2265 911 2304 judicum
937 2265 965 2294 si
990 2265 1138 2303 ipsorum

125 2319 327 2350 creditorum
355 2318 488 2348 nomine
519 2317 716 2356 apostolicas
744 2317 873 2347 litteras
901 2317 1139 2356 cujuscumque

126 2372 251 2402 tenoris
277 2371 311 2400 in
336 2375 506 2409 posterum
534 2370 707 2408 impetrari
731 2370 917 2408 contigerit⁷
943 2370 1139 2400 auctoritate

127 2425 188 2454 tibi
199 2424 405 2463 presentium
417 2423 630 2453 concedimus
644 2422 846 2452 facultatem.
863 2423 913 2452 Ita
927 2427 1035 2452 tamen
1054 2421 1141 2460 quod

126 2477 214 2507 idem
238 2477 339 2506 abbas
363 2480 393 2506 et
417 2484 626 2506 successores
647 2475 753 2513 ipsius
776 2479 950 2505 teneantur
967 2475 1007 2504 ad
1023 2475 1140 2513 hujus-

125 2529 215 2559 modi
231 2529 406 2567 pecuniam
422 2528 675 2567 persolvendam
694 2533 723 2558 et
741 2528 781 2557 ad
799 2537 933 2566 penam,
953 2528 1094 2565 dampna
1110 2531 1141 2556 et

128 2591 288 2620 expensas
305 2586 336 2611 et
354 2582 535 2615 interesse,
554 2581 582 2610 si
601 2581 634 2610 in
652 2581 794 2611 termino
811 2590 827 2610 a
846 2574 877 2610 te
892 2580 1066 2610 statuendo
1084 2588 1141 2617 pe-

127 2635 261 2665 cuniam
292 2643 356 2663 non
387 2633 605 2671 persolverint
636 2638 871 2663 memoratam.
902 2632 1031 2662 sublata
1058 2632 1141 2670 ipsis

128 2687 348 2718 creditoribus
368 2686 565 2716 necessitate
584 2685 744 2723 probandi
763 2686 850 2724 quod
869 2685 1009 2723 pecunia
1028 2684 1142 2714 eadem

129 2741 173 2771 sit
198 2749 356 2770 conversa
378 2739 413 2768 in
435 2738 613 2768 utilitatem
640 2738 746 2776 ipsius
771 2737 966 2767 monasterii
993 2740 1141 2775 pretextu

130 2793 272 2832 alicujus
284 2791 533 2821 constitutionis
546 2791 703 2820 canonice
720 2790 770 2820 vel
787 2790 908 2820 civilis.
924 2791 997 2820 Non
1012 2790 1143 2819 obstan-

133 2846 221 2876 tibus
244 2845 411 2883 aliquibus
434 2843 620 2882 privilegiis
642 2852 700 2873 seu
721 2843 940 2880 indulgentiis
962 2843 1000 2872 de
1022 2842 1143 2880 quibus

1212 263 1246 292 in
1264 265 1385 294 nostris
1405 265 1525 296 litteris
1548 267 1620 296 fieri
1641 272 1787 305 oport-eat
1807 268 2010 298 mentionem
2028 273 2059 298 et
2078 278 2135 307 per
2151 277 2214 308 que

1214 315 1314 345 abbas
1339 322 1369 346 et
1396 325 1603 348 successores
1629 319 1767 357 predicti
1792 320 1921 350 valeant
1951 330 1985 350 se
2016 321 2110 351 tueri.
2138 322 2210 351 Dat.

1213 367 1363 405 Neapoli,
1381 369 1442 399 XV
1456 369 1615 400 kalendas
1629 371 1719 402 maii,
1739 380 1823 401 anno
1839 373 1955 410 primo.
1977 386 1988 399 ι)

1285 569 1372 598 4⁸29

1250 629 1409 657 Couventui
1426 631 1460 657 de
1476 631 1639 663 Neweham,
1659 632 1768 658 ordinis
1783 642 1806 659 s.
1826 634 1993 668 Augustini,
2008 635 2215 664 Liucnlniensis

1214 679 1349 709 diocesis,
1367 680 1568 713 hospitalitatis
1584 681 1674 706 officio
1691 682 1830 715 fungenti,
1845 682 2023 708 medietatem
2035 685 2171 710 ccclesiae
2181 685 2215 711 de

1214 726 1358 753 Wortono
1378 727 1469 753 dictae
1486 728 1612 754 diocesis
1635 730 1660 754 in
1686 729 1818 764 proprios
1834 738 1906 756 usus
1926 731 2055 757 concedit
2070 733 2216 766 applican-

1214 775 1289 803 dam.
1308 776 1389 808 (Rso.
1404 777 1447 808 ⁸34,
1465 785 1490 802 c.
1509 777 1569 809 395,
1587 778 1605 803 f.
1623 778 1677 804 57.)

1796 571 1912 606 Naples,
1928 574 1959 599 ‘22
1977 575 2045 600 avril
2068 576 2142 602 1255.

1257 902 1270 917 <t
1300 913 1332 925 ..‚
1355 892 1458 928 priori
1479 896 1505 919 et
1531 893 1695 920 conventui
1724 892 1756 920 de
1778 893 1952 928 Neweham,
1977 894 2096 922 ordinis
2120 896 2219 923 sancti

1214 944 1398 981 Augustini,
1423 945 1644 973 timolniensis
1666 945 1800 974 diocesis.
1819 945 1964 983 Injuncti
1981 946 2079 976 officii
2096 946 2218 976 sollici-

1214 996 1292 1026 tudo
1308 1013 1357 1025 —.
1375 996 1459 1026 Cum
1474 996 1603 1034 itaque,
1627 997 1712 1026 sicut
1734 1006 1771 1026 ex
1787 1001 1878 1035 parte
1896 1001 2006 1027 vestra
2024 998 2084 1027 suit
2104 1008 2219 1037 propo-

1215 1050 1317 1080 situm
1343 1058 1452 1079 coram
1478 1049 1591 1084 nohis,
1618 1050 1653 1078 in
1683 1050 1823 1079 ecclesia
1846 1039 1958 1080 restra
1984 1051 2220 1089 hospitalitatis

1214 1106 1349 1132 vacetur
1380 1102 1486 1131 officio
1517 1111 1553 1131 ac
1582 1106 1713 1140 propter
1744 1103 1805 1132 hoc
1834 1107 1865 1132 et
1894 1103 1976 1133 alias
2006 1104 2220 1135 necessitates

1214 1155 1415 1193 multiplices
1437 1155 1540 1184 multa
1562 1164 1618 1185 vos
1640 1155 1752 1185 subire
1773 1159 1919 1194 oporteat
1940 1165 2037 1186 onera
2062 1166 2220 1194 expensa-

1213 1218 1298 1244 rum⁷
1317 1217 1376 1238 nos
1396 1208 1542 1237 volentes
1563 1208 1656 1237 vobis
1672 1208 1707 1237 in
1728 1208 1788 1238 hac
1810 1213 1901 1246 parte
1924 1208 2147 1239 sollicitudine
2163 1218 2220 1247 pa-

1213 1266 1308 1292 terna
1326 1261 1514 1299 providere,
1535 1265 1570 1290 ut
1592 1261 1782 1299 hujusmodi
1801 1270 1899 1291 onera
1919 1262 2120 1291 commodius
2143 1271 2220 1300 sup-

1213 1318 1344 1354 portare
1375 1314 1530 1351 possitis,
1562 1314 1681 1343 vestris
1713 1313 2011 1352 supplicationibus
2048 1314 2217 1349 inclinati,

1213 1368 1425 1398 medietatem
1444 1367 1581 1397 ecclesie
1598 1367 1636 1396 de
1652 1368 1830 1402 VVortone,
1849 1367 2093 1397 Lincolnicnsis
2112 1368 2220 1397 dioce-

1214 1421 1278 1455 sis⁷
1297 1421 1332 1449 in
1349 1430 1413 1459 qua
1432 1420 1486 1458 jus
1510 1423 1703 1457 patronatus
1719 1419 1867 1455 habetis,
1885 1429 1974 1454 cum,
1993 1420 2078 1450 sicut
2099 1420 2221 1450 asseri-

1214 1474 1268 1504 tis.
1285 1474 1356 1512 ejus
1367 1476 1545 1511 proventus
1560 1472 1741 1502 secundum
1753 1481 1960 1501 communem
1974 1472 2220 1502 extimationem

1214 1527 1320 1566 patrie
1344 1536 1398 1556 sex
1422 1534 1607 1555 marcarum
1632 1525 1867 1562 sterlingorum
1892 1534 2054 1554 summam
2077 1534 2221 1555 annuam

1215 1581 1268 1610 vix
1285 1579 1446 1610 excedunt
1458 1582 1488 1609 et
1504 1587 1542 1608 ex
1554 1578 1657 1607 altera
1670 1577 1845 1607 medietate
1862 1577 1941 1607 olim
1957 1578 2049 1607 vobis
2065 1587 2122 1615 per
2138 1578 2221 1607 bone

1215 1632 1374 1663 memorie
1388 1633 1428 1662 R.
1446 1631 1714 1661 Lincolniensem
1728 1630 1918 1668 episcopum
1934 1630 1996 1659 loci
2010 1630 2222 1660 diocesanum

1215 1687 1251 1716 in
1264 1685 1414 1724 proprios
1430 1693 1511 1714 usus
1528 1688 1654 1714 vestros
1668 1687 1699 1713 et
1716 1692 1944 1713 successorum
1957 1687 2141 1712 vestrorum
2158 1683 2222 1712 usi-

1215 1739 1277 1769 bus
1295 1738 1439 1777 propriis
1459 1746 1533 1767 cum
1552 1736 1706 1766 omnibus
1725 1736 1795 1765 suis
1808 1735 1940 1774 juribus
1960 1739 1987 1764 et
2012 1735 2223 1773 pertinentiis

1217 1791 1445 1831 applicandam
1462 1790 1500 1819 sle
1515 1790 1621 1827 gratia
1633 1789 1769 1827 speciali
1780 1788 2001 1823 concedimus,
2016 1788 2107 1817 vobis
2120 1787 2223 1817 nichi-

1215 1845 1361 1875 lominus
1389 1843 1600 1881 indulgentes
1625 1846 1661 1871 ut
1684 1842 1818 1871 cedente
1841 1841 1893 1870 vel
1915 1840 2091 1870 decedente
2119 1840 2223 1878 ipsius

1216 1897 1404 1927 medietatis
1421 1900 1546 1925 rectore
1563 1895 1614 1924 vel
1628 1904 1665 1924 eo
1679 1902 1885 1932 quocumque
1899 1893 1962 1922 alio
1978 1893 2073 1922 modo
2089 1897 2223 1922 vacante

1217 1938 1323 1989 ipsius
1346 1948 1591 1987 possessionem
1616 1946 1810 1976 auctoritate
1835 1950 1944 1974 nostra
1968 1945 2097 1982 ingredi
2122 1944 2223 1974 libere

1218 2003 1371 2033 valeatis.
1397 2002 1564 2039 assignata
1590 2000 1713 2029 vicario
1734 1999 1791 2037 qui
1810 2007 1868 2036 pro
1890 2003 2034 2035 tempore
2055 1997 2089 2026 in
2112 1997 2224 2027 eadem

1219 2056 1372 2086 servierit
1394 2055 1432 2084 de
1448 2054 1554 2092 ipsius
1571 2053 1709 2083 ecclesie
1732 2051 1945 2089 proventibus
1968 2050 2117 2088 portione
2138 2050 2223 2079 unde

1217 2109 1326 2139 valeat
1348 2115 1526 2144 congruam
1549 2105 1825 2135 sustentationem
1850 2103 1971 2132 habere
1997 2112 2033 2131 ac
2056 2103 2224 2140 episcopa—

1217 2162 1274 2197 lia,
1296 2158 1575 2190 archidiaconalia
1595 2161 1626 2187 ct
1646 2162 1754 2187 cetera
1777 2159 1933 2185 consueta
1956 2155 2061 2192 ipsius
2087 2154 2223 2184 ecclesie

1219 2224 1320 2245 onera
1336 2217 1538 2251 supportare.
1555 2212 1627 2240 Nou
1640 2209 1847 2239 obstantibus
1864 2207 2031 2246 aliquibus
2045 2207 2165 2236 litteris
2175 2224 2222 2234 —.

1219 2267 1312 2298 Nulli
1328 2270 1388 2296 ctc.
1407 2269 1517 2295 nostre
1535 2262 1758 2293 concessionis
1778 2265 1838 2291 etc.
1857 2262 1928 2290 Dal.
1949 2259 2102 2297 Neapoli,
2120 2260 2148 2288 X
2166 2259 2224 2288 ka-

1218 2320 1333 2350 lendas
1352 2318 1442 2353 maii,
1464 2325 1549 2346 anno
1567 2315 1680 2353 primo.
1704 2326 1716 2341 n

1808 2510 1924 2543 Naples.
1942 2510 1972 2535 22
1990 2510 2058 2535 avril
2081 2509 2153 2535 1-255.

1292 2516 1381 2544 480

1260 2578 1407 2604 Prioribus
1423 2585 1447 2603 S.
1464 2575 1611 2601 Trinitatis
1631 2575 1665 2599 (le
1689 2573 1854 2607 Gippewico
1873 2575 1899 2597 et
1921 2572 1955 2596 ‹lc
1979 2570 2129 2601 waltunc,
2153 2570 2226 2596 Nor-

1223 2626 1358 2653 wicensis
1373 2625 1508 2658 diocesis,
1523 2623 1637 2649 mandat
1653 2627 1682 2649 ut
1697 2625 1870 2648 conventum
1889 2620 2062 2654 praedictum
2081 2620 2106 2645 in
2121 2619 2226 2644 medie-

1224 2677 1290 2702 tatis
1324 2675 1415 2709 ipsius
1449 2673 1587 2699 ecclesiae
1621 2671 1796 2705 corporalem
1828 2668 2040 2703 possessiouem
2079 2667 2224 2693 inducant.

1227 2724 1308 2755 (Rae.
1325 2722 1368 2753 Qll,
1386 2731 1411 2748 e.
1428 2722 1501 2752 395⁸,
1522 2721 1539 2746 f.
1558 2721 1612 2753 57.)

1268 2851 1280 2865 ι(
1361 2841 1461 2865 εσηι-Ιν
1488 2835 1648 2863 Trinilatis
1671 2834 1703 2861 «lv
1725 2833 1900 2869 Gippt'wicm
1924 2836 1948 2859 e!
2028 2830 2059 2855 ‘lv
2085 2830 2227 2857 ll'alt'lvnst
