2441 3330
213 228 249 256 24
936 229 1175 259 REGISTRES
1198 229 1504 260 D'ALEXANDRE
1529 232 1581 260 IV.

212 293 342 322 nientes
363 292 396 321 in
416 302 517 321 unmn
540 298 570 322 et
590 293 741 323 invocata
765 295 908 332 Spiritus
930 295 1041 325 Sancti
1059 295 1163 332 gratia
1183 299 1217 324 ut

212 348 259 374 est
273 345 384 379 moris,
395 345 552 374 dilectum
566 346 670 374 tilium
686 347 926 382 Hei-mannum,
941 352 1018 384 tunc
1035 348 1140 386 ipsius
1152 356 1217 377 mo-

212 397 350 426 nasterii
376 397 585 433 monachum,
611 399 717 428 virum
743 400 916 437 providum
945 405 978 430 ut
1005 405 1157 430 asserunt
1187 404 1216 430 et

211 450 387 480 honestum
408 455 505 489 atquc
527 451 561 480 in
585 452 816 489 spiritualibus
839 458 869 482 ct
893 453 1129 492 temporalibus
1152 453 1217 482 cir-

211 507 446 540 cumspectum,
463 503 496 531 in
511 503 662 533 abbatem
678 514 774 533 suum
788 506 945 535 canonice
960 516 995 535 ac
1012 506 1218 535 concorditer

211 554 396 592 elegerunt,
416 556 509 585 nobis
526 555 699 586 humiliter
714 558 954 596 supplicantes,
973 563 1008 589 ut
1026 568 1100 588 cum
1117 559 1217 588 rectis

211 607 485 646 dispositionibus
508 609 612 638 nichil
633 609 748 640 debeat
769 611 973 641 difficultatis
994 612 1120 647 afferri,
1139 620 1217 642 con-

210 660 336 690 firmari
352 660 546 691 electionem
560 661 751 701 hujusmodi
767 667 797 693 et
809 663 960 695 benedici
976 664 1126 694 abbatem
1143 673 1218 702 pre-

211 713 335 743 dictum
357 714 391 742 in
415 713 482 743 illis
504 715 653 752 partibus
674 716 918 746 mamlaremus.
941 717 1101 753 Quocirca
1123 726 1218 746 man-

211 766 326 796 damus
348 767 522 804 quatinus,
542 767 701 806 inquisita
725 768 763 797 de
780 769 874 798 modo
891 769 1078 803 electionis,
1097 770 1217 800 studiis

210 818 404 855 eligentium
418 824 447 849 et
460 819 555 849 electi
568 821 696 851 meritis
713 821 906 857 diligentius
920 822 1069 857 veritate,
1088 823 1116 852 si
1132 822 1218 853 elec-

211 871 334 902 tionem
356 872 462 910 ipsam
485 873 681 903 inveneritis
702 874 740 903 de
761 884 901 912 persona
921 875 1038 905 idonea
1060 877 1217 906 canonice
1240 881 1243 888 ⁶

210 923 408 954 celebratam
423 948 428 957 ,
446 925 537 954 illam
554 926 748 955 auctoritate
766 931 876 956 nostra
898 928 1131 958 confirmantes
1143 951 1149 963 ,
1167 929 1217 957 fa—

210 977 306 1007 ciatis
318 978 423 1007 eidem
437 978 575 1008 abbatia
590 979 732 1008 subditis
749 980 819 1009 suis
835 980 978 1010 debitam
995 981 1217 1011 obedientiam

210 1034 241 1060 et
266 1031 485 1060 reverentiam
509 1031 657 1061 exbiberi
681 1042 717 1061 ac
742 1042 862 1062 munus
886 1034 1130 1064 benedictionis
1155 1035 1218 1064 im-

209 1082 326 1120 pendi,
351 1084 513 1121 recepturi
536 1085 575 1113 ab
596 1096 632 1113 co
652 1086 859 1123 postmodum
881 1090 992 1116 nostro
1015 1091 1045 1115 et
1070 1087 1217 1117 Ecclesie

211 1136 358 1165 Romane
385 1137 518 1166 nomine
548 1137 717 1167 fidelitatis
750 1138 845 1168 solite
871 1139 1098 1178 juramentum
1123 1140 1218 1179 juxta

210 1189 349 1218 formam
371 1198 469 1227 quam
492 1190 584 1219 vobis
605 1191 666 1220 sub
687 1191 777 1221 bulla
798 1196 909 1221 nostra
929 1193 1092 1222 mittimus
1112 1193 1217 1223 inter-

210 1240 347 1270 clusam.
367 1243 516 1271 Formam
533 1244 833 1281 autemjuramenti
850 1249 909 1274 etc.
929 1254 1034 1284 usque
1051 1247 1216 1276 transmit-

211 1293 298 1323 tatis.
316 1294 474 1333 Alioquin
492 1296 605 1325 eadem
627 1296 786 1325 electione
805 1297 867 1327 rite
884 1303 1012 1328 cassata
1033 1303 1093 1328 etc.
1110 1308 1216 1337 usque

208 1346 386 1384 provideri.
414 1348 692 1379 Contradictores.
719 1350 792 1379 Dat.
821 1351 977 1389 Neapoli,
1003 1352 1032 1382 V
1057 1351 1216 1383 kalendas

207 1399 386 1436 februarii,
405 1409 492 1430 anno
506 1401 624 1439 primo.
644 1414 657 1428 »

279 1572 332 1600 91
755 1574 871 1610 Naples,
888 1575 921 1603 28
934 1578 1047 1611 janvier
1065 1578 1142 1606 1255.

247 1633 338 1660 Priori
354 1635 472 1661 fratrum
494 1635 725 1663 praedicatorum
743 1636 1020 1665 Barchinonensium
1039 1640 1166 1673 mandat,
1185 1645 1215 1668 ut

208 1690 275 1709 cum
288 1683 488 1710 archidiacono
503 1684 674 1712 Dei-tusensi
692 1686 801 1713 ordinis
816 1694 840 1713 s.
854 1687 1023 1721 Augustini,
1036 1690 1084 1723 qui
1098 1689 1124 1715 in
1143 1689 1214 1716 Der-

209 1732 320 1758 tusensi
343 1732 466 1758 ecclesia
487 1734 643 1768 episcopus
665 1738 726 1760 erat
748 1735 873 1767 electus,
895 1743 984 1770 super
1006 1738 1214 1771 irregularitate

207 1779 366 1814 dispenset.
382 1780 465 1813 (Rea.
478 1781 521 1812 ⁴24,
534 1790 560 1809 c.
572 1782 616 1813 81,
633 1782 651 1808 f.
671 1783 697 1808 ll
712 1791 718 1814 ;
739 1782 884 1811 Po'r'rfflsr
902 1784 1008 1818 15656.)

249 1893 262 1907 «
291 1904 311 1910 ..
325 1905 330 1917 ,
353 1883 456 1920 priori
480 1885 617 1920 fratrum
644 1885 873 1915 Predicazorum
901 1887 1211 1918 Barchinonensium.

207 1934 253 1964 Ex
265 1938 356 1972 parte
373 1935 485 1965 dilecti
500 1953 549 1965 -.
564 1937 638 1966 Dat.
656 1937 806 1975 Neapoli,
822 1939 850 1968 V
862 1938 1022 1970 kalendas
1037 1940 1210 1977 februarii,

206 1995 293 2017 anno
307 1987 425 2025 primo.
446 2000 459 2014 n

275 2151 332 2181 92
750 2155 868 2191 Naples,
885 2156 918 2184 29
930 2158 1045 2191 janvier
1062 2159 1139 2187 1255.

239 2211 399 2239 Conventui
416 2214 581 2241 monasterii
600 2214 807 2248 Rothonensis,
824 2216 998 2245 Venetensis
1009 2219 1144 2253 diocesis,
1159 2229 1212 2247 cu-

201 2261 252 2294 jus
267 2260 402 2287 citatores
418 2265 446 2288 et
462 2262 618 2289 monitores
634 2265 768 2290 comitem
783 2269 811 2291 et
827 2265 948 2292 barones
964 2270 1013 2293 aut
1028 2268 1133 2294 milites
1149 2268 1212 2295 Bri·

204 2309 317 2334 tanniae
333 2317 389 2335 non
406 2314 530 2344 possunt
545 2311 672 2337 exterriti
689 2313 840 2347 attingere,
856 2314 995 2348 indulget,
1015 2318 1044 2342 ut
1059 2317 1211 2344 citationes

203 2355 277 2390 apud
293 2356 471 2384 cathedrales
485 2359 623 2386 ecclesias
636 2364 685 2386 aut
700 2360 726 2386 in
743 2361 806 2387 aliis
821 2361 945 2396 publicis
960 2363 1031 2390 locis
1047 2363 1210 2392 Britanniae

203 2403 293 2430 factae
311 2405 378 2432 sint.
399 2405 479 2437 (Rea.
497 2406 540 2438 24,
558 2416 582 2433 c.
599 2407 643 2441 82,
660 2408 679 2434 f.
699 2409 766 2442 Ην.)

246 2517 259 2531 «
286 2528 318 2540 ..,
340 2506 441 2535 abbati
460 2512 485 2536 et
503 2510 667 2537 conventui
687 2512 867 2540 monasterii*
885 2512 1082 2542 Itotlzonensis
1101 2514 1141 2543 ad
1158 2516 1211 2544 Ro-

203 2567 330 2587 manam
353 2561 505 2589 ecclesiam
529 2562 615 2590 nullo
636 2563 733 2591 medio
752 2565 951 2601 pertinentis,
973 2566 1092 2595 ordinis
1111 2570 1211 2597 sancti

203 2612 365 2647 Benedicti,
387 2614 553 2643 Venetensis
566 2615 701 2644 diocesis.
716 2616 762 2645 Ex
780 2621 871 2654 parte
890 2622 999 2648 vestra
1015 2619 1110 2649 nobis
1127 2621 1210 2650 exti-

202 2663 241 2692 tit
256 2663 459 2700 intimatum,
473 2666 570 2704 quod,
586 2676 660 2697 cum
676 2667 831 2698 intervos
845 2678 882 2699 ex
893 2675 985 2708 parte
1000 2680 1065 2701 una
1077 2676 1107 2701 et
1119 2673 1210 2702 nobi-

200 2715 249 2746 les
264 2716 353 2746 viros
370 2740 402 2752 ..‚
420 2718 585 2754 comitem,
602 2719 743 2750 barones
764 2725 795 2751 et
813 2721 896 2751 alios
916 2722 1039 2753 milites
1059 2725 1210 2756 Britanie

201 2770 253 2801 vel
268 2779 382 2801 eorum
398 2772 544 2811 aliquem
564 2782 601 2804 ex
620 2774 724 2804 altera
745 2784 844 2806 cause
863 2776 1024 2808 hactenus
1043 2788 1142 2817 super
1159 2780 1209 2809 di-

200 2824 307 2854 versis
324 2824 474 2855 articulis
490 2827 716 2863 emersissent,
734 2828 835 2858 iidem
849 2838 889 2859 ne
906 2830 1080 2862 citationes
1097 2836 1128 2862 et
1144 2842 1209 2863 mo-

201 2876 346 2907 nitiones
363 2886 461 2916 super
477 2879 587 2909 causis
598 2879 680 2918 ipsis
693 2882 904 2919 pervenirent
919 2883 959 2913 ad
972 2892 1027 2914 eos
1043 2884 1209 2916 malitiose

1300 295 1412 332 sepius
1440 302 1679 333 procurarunt,
1709 302 1840 336 propter
1862 297 1948 336 quod
1971 298 2164 328 multotiens
2191 299 2310 329 accidit

1300 347 1385 386 quod
1403 348 1557 378 citatores
1573 353 1603 378 et
1625 350 1805 379 monitores
1826 359 1900 380 cum
1923 350 1963 380 ad
1981 351 2069 389 ipsos
2088 360 2145 389 per
2160 351 2310 382 diversas

1299 404 1409 438 partes
1432 400 1573 432 sollicite
1596 403 1797 441 perquisitos
1818 403 1980 439 attingere
1999 403 2229 442 nequivissent
2249 412 2310 435 nec

1300 453 1334 482 in
1344 454 1533 484 eorumdem
1542 455 1721 486 domiciliis
1734 456 1923 495 hujusmodi
1935 456 2110 486 citationes
2123 457 2310 495 potuissent

1299 507 1408 537 facere
1426 507 1579 537 timentes
1594 508 1741 546 pericula
1755 518 1972 548 personarum
1989 509 2131 544 tandem,
2145 509 2309 540 citationi-

1300 559 1361 589 bus
1377 564 1407 590 et
1424 560 1664 591 monitionibus
1678 562 1760 600 ipsis
1777 571 1840 591 non
1856 562 1952 591 factis
1969 562 2094 599 gravati
2108 562 2262 600 expensis
2277 566 2310 592 et.

1299 612 1429 650 fatigati
1443 612 1612 644 laboribus
1626 614 1807 645 redierunt.
1822 616 1930 651 Quare
1948 614 2042 644 nobis
2058 623 2133 644 cum
2149 614 2310 645 instantia

1300 664 1513 702 supplicastis
1531 670 1565 696 ut
1583 671 1696 697 contra
1712 666 1903 706 bujtisrnodi
1924 676 2036 697 eorum
2057 667 2214 697 astutiam
2229 675 2309 697 con-

1300 727 1415 755 gruam
1431 719 1466 748 in
1483 723 1650 757 posterum
1667 720 1825 751 adbibere
1841 720 2025 750 remedium
2039 719 2217 758 apostolica
2232 728 2309 758 pro-

1300 770 1448 800 videntia
1470 780 1674 802 curaremus.
1691 773 1851 803 Nolentes
1873 773 1985 811 itaque
2008 773 2216 811 negotiorum
2238 773 2310 803 sive

1300 832 1475 853 causarum
1496 833 1670 862 processus
1688 830 1718 855 et
1735 826 1921 856 decisiones
1938 836 1995 864 per
2010 825 2202 865 hujusmodi
2216 825 2319 855 stau--

1300 876 1435 906 dulenta
1455 877 1609 915 impediri
1632 878 1768 916 diffugia
1792 878 1843 908 vel
1866 879 1992 908 differri
2016 883 2071 908 aut
2096 877 2309 908 monasteriis

1301 929 1370 958 sive
1392 929 1594 967 prioratibus
1619 931 1739 960 vestris
1760 931 1933 968 dispendia
1950 931 2060 961 taliter
2082 931 2238 969 irrogari,
2260 930 2309 961 sic

1301 990 1399 1019 super
1414 982 1475 1011 hoc
1489 983 1684 1012 auctoritate
1699 983 1877 1021 apostolica
1891 984 2045 1013 duximus
2056 983 2306 1022 providendum,

1300 1039 1334 1064 ut
1359 1034 1393 1064 in
1414 1035 1523 1065 causis
1546 1039 1577 1065 et
1603 1036 1750 1073 negociis
1771 1036 1859 1066 inter
1880 1046 1936 1066 vos
1959 1041 1989 1066 et
2009 1037 2155 1074 prefatos
2179 1035 2309 1066 nobiles

1301 1088 1559 1125 emergentibus,
1584 1089 1612 1118 si
1637 1089 1799 1119 citatoriis
1823 1089 1872 1119 vel
1895 1089 2084 1119 monitoriis
2107 1089 2229 1119 litteris
2252 1093 2309 1119 aut

1301 1140 1429 1170 nuntiis
1450 1141 1650 1180 ajudicibus
1671 1141 1709 1171 de
1730 1142 1840 1171 (tausis
1861 1147 1891 1171 ct
1913 1142 2055 1179 negotiis
2071 1142 2154 1180 ipsis
2170 1150 2309 1180 cognos-

1300 1193 1452 1223 centibus
1474 1194 1514 1223 ad
1533 1194 1637 1223 dictos
1660 1194 1788 1224 nobiles
1811 1194 1986 1224 destinatis
2013 1195 2113 1225 iidem
2133 1193 2232 1224 facile
2255 1193 2309 1224 vel

1300 1247 1432 1277 comode
1449 1248 1595 1277 inveniri
1611 1257 1674 1277 uon
1691 1252 1856 1285 poterunt,
1870 1248 2039 1278 citationis
2051 1247 2101 1277 vel
2112 1247 2308 1278 monitionis

1299 1300 1404 1329 edicta
1422 1310 1478 1338 per
1494 1301 1583 1338 ipsos
1598 1301 1727 1339 judices
1744 1300 1795 1330 vel
1811 1301 1893 1330 alios
1910 1294 2031 1339 quibus
2050 1301 2111 1331 hec
2133 1300 2308 1331 commise-

1300 1353 1364 1382 rint
1383 1352 1468 1390 apud
1483 1352 1689 1383 cathedrales
1706 1353 1863 1383 ecclesias
1874 1353 1926 1383 vel
1939 1353 1973 1383 in
1986 1353 2062 1383 aliis
2073 1352 2215 1391 publicis
2225 1352 2308 1383 locis

1300 1405 1450 1435 Britanie
1472 1414 1488 1435 e
1508 1406 1630 1444 quibus
1652 1406 1766 1436 citatio
1788 1406 1840 1436 vel
1862 1406 2000 1436 monitio
2020 1406 2147 1444 possint
2170 1406 2210 1436 ad
2230 1405 2308 1436 illos

1299 1458 1398 1488 citius
1414 1458 1587 1496 pervenire
1602 1458 1733 1497 publice
1751 1463 1986 1497 proponantur,
2002 1464 2037 1489 ut
2053 1459 2100 1489 sic
2116 1458 2308 1498 hujusmodi

1299 1511 1416 1541 edictis
1438 1511 1616 1549 propositis
1636 1512 1740 1550 possit
1755 1512 1962 1550 postmodum
1980 1512 2014 1541 in
2033 1512 2144 1542 causis
2160 1516 2191 1543 et
2206 1519 2308 1550 nego-

1298 1564 1360 1593 ciis
1380 1564 1463 1602 ipsis
1484 1568 1641 1602 tanquam
1663 1564 1789 1594 eisdem
1812 1564 1980 1595 nobilibus
2001 1565 2149 1602 legitime
2171 1563 2308 1595 monitis

1299 1616 1349 1646 vel
1363 1617 1473 1647 citatis
1490 1617 1552 1647 rite
1564 1617 1707 1655 procedi.
1722 1617 1816 1647 Nulli
1829 1622 1890 1648 etc.
1906 1622 2017 1648 nostre
2033 1617 2233 1656 provisionis
2244 1621 2306 1648 etc.

1298 1670 1371 1699 Dat.
1387 1669 1542 1708 Neapoli,
1561 1671 1629 1700 1111
1644 1670 1804 1701 kalendas
1819 1670 1994 1706 februarii,
2012 1680 2099 1701 anno
2113 1671 2232 1710 primo.
2251 1682 2264 1697 n

1367 1842 1425 1870 93
1863 1841 1981 1877 Naples,
1998 1843 2012 1868 7
2024 1842 2139 1876 janvier
2155 1841 2233 1868 1255.

1334 1903 1475 1931 Riecardo
1496 1904 1713 1938 archidiacono,
1732 1904 1904 1939 Raymundo
1921 1904 1956 1931 dc
1981 1904 2155 1939 Angularia,
2178 1903 2306 1930 Arnaldo

1296 1953 1331 1979 de
1348 1952 1449 1982 Man-ra.
1469 1952 1621 1979 Guillelmo
1639 1952 1776 1979 Bet-nardi
1794 1953 1828 1979 de
1845 1953 1983 1980 Fluviano
2000 1957 2029 1979 et
2045 1952 2173 1979 Arnaldo
2183 1952 2218 1979 de
2229 1951 2306 1985 Que-

1297 2002 1350 2032 rol.
1369 2002 1518 2028 canonicis
1541 2001 1778 2036 Urgctlcnstbus‚
1799 2002 1979 2037 petentibus,
1997 2002 2168 2028 sententiam
2192 2010 2208 2028 a
2231 2000 2306 2035 [Ste-

1297 2050 1398 2085 phano]
1416 2051 1553 2084 episcopo
1572 2049 1757 2077 Praenestino
1774 2051 1800 2076 in
1820 2050 1954 2077 Pontium
1971 2049 2170 2084 Urgellensem
2189 2050 2305 2084 episco-

1296 2107 1363 2133 pum
1389 2098 1542 2129 simoniae,
1567 2099 1698 2125 incestus
1723 2099 1902 2133 aliorumque
1925 2098 2079 2125 criminum
2114 2105 2193 2125 reum
2219 2097 2305 2124 latam

1294 2148 1454 2174 confirmat.
1472 2147 1556 2178 (Rau.
1569 2147 1614 2178 24,
1627 2155 1653 2175 c.
1669 2147 1714 2181 83,
1729 2148 1749 2174 f.
1769 2148 1828 2178 HV:
1846 2147 1993 2174 Porri-mm
2010 2145 2122 2181 15621.)

1336 2261 1348 2274 (ι
1370 2249 1515 2278 Riccardo
1532 2249 1767 2283 archidiacono,
1788 2248 1967 2286 Raymundo
1983 2247 2016 2276 de
2032 2247 2223 2285 Anyularia,
2244 2247 2305 2276 Ar-

1294 2302 1385 2330 naldo
1401 2302 1434 2330 de
1449 2302 1563 2337 Merra,
1581 2302 1741 2330 Guillelmo
1758 2300 1954 2330 Bernardide
1966 2301 2118 2346 Fluviano
2130 2305 2156 2329 et
2167 2298 2305 2328 Arnaldo

1293 2355 1327 2383 de
1344 2356 1461 2389 (merob,
1479 2355 1637 2383 canonicis
1656 2354 1885 2392 Urgellensibus.
1903 2353 2035 2383 Dudum
2050 2352 2144 2382 vobis
2159 2351 2305 2382 clamosa

1292 2425 1342 2436 —.
1360 2408 1433 2437 Dat.
1452 2407 1601 2446 Neapoli,
1619 2408 1681 2437 VII
1698 2407 1772 2437 idus
1785 2406 1944 2446 januarii,
1960 2415 2048 2436 anno
2063 2405 2180 2445 primo.
2197 2417 2212 2432 η

1363 2578 1421 2606 94
1837 2576 1958 2611 Naples,
1975 2576 2009 2603 29
2022 2575 2134 2610 janvier
2152 2575 2229 2602 1255.

1328 2639 1482 2666 Universis
1492 2639 1657 2666 hominibus
1665 2638 1790 2666 civitatis
1800 2638 1929 2665 calensis
1940 2637 2085 2672 significat
2095 2645 2126 2664 se
2137 2637 2300 2664 restituisse

1293 2687 1436 2714 Riccardo
1461 2687 1559 2714 comiti
1584 2686 1741 2714 Casertano
1765 2686 1980 2721 possessiouem
2010 2686 2136 2712 civitatis
2159 2692 2259 2711 eoi-um
2283 2692 2300 2711 a

1292 2734 1423 2762 Conrado
1437 2736 1570 2762 ablatam.
1585 2735 1667 2770 (Καὶ.
1684 2735 1728 2770 24,
1745 2743 1770 2762 c.
1787 2735 1832 2767 84,
1850 2735 1869 2761 t'.
1886 2735 1954 2769 lt'.)

1333 2847 1347 2862 α
1368 2837 1523 2866 Universis
1544 2838 1720 2866 hominibus
1741 2838 1877 2866 civitatis
1899 2836 2043 2866 calensis.
2066 2834 2150 2866 Cum
2170 2842 2230 2864 nos
2247 2833 2299 2863 di-

1290 2887 1374 2918 lecto
1392 2888 1461 2918 filio
1477 2889 1582 2919 nobili
1597 2889 1668 2919 viro
1690 2889 1850 2919 Riccardo
1872 2888 1985 2919 comiti
2005 2888 2186 2919 Casertano
2207 2885 2299 2917 fideli
