2441 3330
168 240 219 268 15⁴2
890 238 1127 268 REGISTRES
1150 237 1458 269 D'ALEXANDRE
1482 241 1537 270 1V.

158 305 361 338 divionensis,
389 304 507 332 ordinis
531 305 632 333 sancti
661 305 824 334 Benedicti.
851 304 934 334 Cum
958 313 975 333 a
1001 303 1097 333 nobis
1117 320 1166 332 —.
1209 309 1212 332 ε

1210 345 1212 385 ἶ
1254 368 1266 382 ›>
1292 357 1537 395 professoribus
1562 359 1737 397 religionis
1762 361 1874 391 favore
1898 361 2009 400 aliqua
2037 362 2264 392 conceduntur

158 359 231 387 Dat.
250 356 399 395 Neapoli,
418 357 500 386 XIII
514 356 784 396 kalendasjunii,
801 366 888 386 anno
904 357 1021 395 primo.
1044 368 1057 383 n

229 527 318 555 53ss
761 526 877 561 Naples,
893 527 926 553 ‘28
944 527 998 553 mai
1018 528 1094 554 1-255.

193 589 324 622 Athon-to,
341 590 431 615 electo
451 589 614 619 Parmensi.
631 589 778 620 concedit.
798 594 828 615 ut
843 593 971 623 tempora
986 589 1010 615 ei
1028 597 1082 615 non
1100 597 1167 616 cur-

159 642 221 664 rant
237 647 252 663 a
267 646 376 664 canone
394 647 406 662 u
421 638 455 663 de
471 638 677 664 consecrandis
691 638 837 672 episcopis
854 648 866 662 υ
883 638 1010 664 diffinita.
1026 638 1108 670 (Rau.
1121 638 1165 669 24,

157 696 182 714 c.
199 686 260 719 44⁵2,
277 687 295 712 f.
315 687 384 718 ssz‘v.)

199 801 210 814 «
229 790 356 818 ,liber-10.
373 790 459 817 eleeto
476 789 646 817 Parmensi.
664 788 746 818 Cum
764 796 829 818 non
846 788 889 817 sit
905 805 954 816 —-.
969 789 1037 818 Tue
1054 788 1165 827 itaque

156 841 323 870 devotioni
340 840 544 878 presentium
563 840 759 870 auctoritate
780 840 1007 874 concedimus,
1027 845 1063 870 ut
1084 845 1166 871 tem-

156 903 233 931 pora
257 893 316 922 tibi
337 902 400 922 non
423 898 556 923 currant
579 903 596 922 a
619 902 744 923 canone
768 893 806 923 de
827 894 1060 923 consecrandis
1078 894 1165 932 epis-

156 947 245 985 copis
261 946 403 975 dillinita
423 956 481 975 seu
502 947 535 975 in
561 946 799 976 constitutione
824 956 923 985 quam
945 956 1051 985 nuper
1067 956 1165 986 super

155 1000 215 1029 hoc
233 999 397 1028 edidimus
417 999 664 1037 comprehensa,
692 1009 751 1028 noc
772 1003 913 1029 statutas
936 999 969 1028 in
993 1000 1042 1030 eis
1062 1008 1164 1038 penas

155 1052 306 1081 incurras
323 1052 350 1081 si
375 1056 404 1081 te
422 1052 510 1081 infra
527 1052 639 1081 eadem
658 1056 801 1090 tempora
820 1061 884 1082 non
908 1052 1028 1082 scocris
1048 1061 1165 1082 conse-

156 1105 252 1138 crari,
271 1105 482 1142 presentibus
499 1114 603 1143 usque
623 1105 663 1134 ad
680 1109 829 1134 nostrum
845 1105 1089 1143 bt=m=placitu111
1108 1115 1165 1136 va-

154 1157 276 1187 lituris.
294 1157 385 1187 Nulli
397 1162 457 1187 etc.
477 1162 587 1187 nostre
604 1158 830 1188 concessionis
847 1162 907 1188 etc.
925 1159 998 1188 Dat.
1012 1159 1162 1196 Neapoli.

153 1211 181 1239 V
197 1209 355 1239 kalendas
371 1210 470 1248 junii,
490 1219 576 1239 anno
592 1210 707 1248 primo.
731 1223 743 1236 ι)

226 1380 313 1408 53ἵ
758 1381 874 1416 Names,
892 1382 925 1409 ‘25
942 1384 996 1408 mai
1014 1382 1092 1409 1255.

187 1442 325 1474 Johanni,
338 1442 431 1468 abbati
449 1442 614 1468 monasterii
633 1451 656 1468 s.
669 1442 818 1470 Trinitatis
834 1444 868 1469 de
886 1443 992 1478 Monte,
1007 1445 1164 1472 Rothoma·

153 1491 252 1525 gensis
266 1490 402 1519 diocesis,
416 1491 450 1516 de
466 1491 634 1526 presbytero
651 1493 749 1525 genito
761 1496 789 1518 ot
801 1493 905 1523 soluta,
918 1493 1163 1528 dispensationem

153 1541 180 1566 in
197 1541 343 1573 susceptis
361 1539 542 1566 ministrandi
559 1540 710 1567 ordinibus
726 1544 754 1566 et
770 1540 798 1567 iu
817 1542 957 1575 regimine
972 1543 1102 1569 abbatiae
1118 1552 1164 1570 re-

153 1588 299 1617 manendi,
323 1588 358 1613 ab
380 1587 503 1621 lingone
530 1588 603 1614 tituli
631 1596 656 1616 s.
683 1588 805 1615 Sabinae
829 1590 996 1624 presbytero
1021 1591 1164 1618 cardinale

153 1636 272 1671 Neapoli
293 1637 389 1662 idibus
413 1637 478 1662 maii
500 1637 683 1671 pontificatus
707 1638 752 1664 sui
774 1646 848 1664 anno
869 1639 960 1673 prImo
981 1648 1161 1673 concessam,

155 1686 306 1711 confirmat
321 1685 405 1718 (ltro.
422 1685 468 1716 24,
485 1694 510 1712 c.
528 1685 588 1716 443,
606 1686 625 1712 s.
643 1686 712 1719 62¹.)

193 1798 205 1811 «
224 1786 369 1821 Jolzanni,
391 1787 491 1815 (limati
508 1788 689 1816 monasterii
704 1793 806 1817 scmcw
828 1789 991 1819 Trinitatis
1007 1791 1040 1819 de
1055 1792 1162 1827 Monte,

152 1839 271 1867 ordinis
291 1840 391 1867 sancti
413 1840 580 1875 Benedicti,
608 1841 853 1877 Rozlwmaymzsis
878 1842 1012 1871 diocesis.
1040 1844 1122 1873 Cum
1146 1853 1164 1873 a

153 1891 248 1920 nobis
267 1891 390 1928 petitur
413 1895 471 1921 etc.
496 1901 602 1930 usque
620 1902 625 1920 ε
649 1893 813 1922 effectum.
832 1894 915 1924 Cum
928 1895 1056 1933 itaque,
1079 1897 1165 1927 sicut

151 1944 245 1973 nobis
263 1953 423 1981 exponere
440 1944 616 1979 curavisti,
637 1945 777 1975 dilectus
794 1946 884 1976 iilius
906 1952 1018 1977 noster
1040 1949 1098 1983 H.‚
1122 1950 1164 1979 ti-

153 1997 211 2026 tuli
243 2001 355 2026 sam-te
386 1997 508 2027 Sabine
538 1997 713 2036 presbyter
740 1999 936 2035 cardinalis,
967 2003 1163 2033 auctoritate

152 2054 261 2080 nostra
285 2054 391 2079 lecum
409 2059 508 2088 super
531 2050 661 2081 defectu
681 2052 843 2081 natalium
860 2062 957 2091 quem
971 2055 1106 2092 pateris,
1125 2055 1163 2086 de

151 2103 345 2141 presbytero
365 2103 497 2139 genitus
510 2108 540 2133 ct
552 2103 670 2139 soluta,
689 2109 724 2134 ut
740 2105 775 2134 in
792 2107 955 2144 susceptis
971 2107 1163 2138 ministrare

150 2156 324 2185 ordinibus
345 2166 380 2185 ac
398 2156 433 2185 in
457 2162 609 2195 suscepto
630 2158 792 2195 regimine
817 2158 949 2189 abbatie
971 2160 1058 2198 quod
1080 2161 1163 2192 alias

152 2213 180 2239 te
202 2209 359 2239 canonice
386 2210 541 2247 proponis
564 2210 718 2248 adeptum
742 2210 832 2241 licite
859 2220 1031 2242 remanere
1053 2213 1163 2244 valeas

150 2262 279 2291 duxerit
308 2262 587 2300 dispensandum,
613 2267 709 2301 prout
737 2264 771 2293 in
802 2265 950 2303 ejusdem
983 2266 1162 2297 cardinalis

149 2315 270 2344 litteris
294 2315 410 2345 exinde
434 2316 594 2345 confectis
617 2316 748 2354 plenius
774 2318 982 2354 continetur3
1010 2328 1070 2349 nos
1096 2320 1162 2350 tuis

150 2366 448 2404 supplicationibus
473 2367 642 2403 inclinati,
671 2369 758 2407 quod
786 2370 826 2399 ab
847 2371 962 2400 eodem
993 2372 1162 2402 cardinale

150 2419 272 2447 factum
290 2419 397 2448 extitit
416 2419 451 2448 in
472 2419 533 2449 hac
552 2425 643 2458 parte
666 2426 775 2451 ratum
789 2426 820 2451 et
840 2427 969 2459 gratum
986 2423 1159 2459 habentes,

149 2470 183 2499 id
199 2471 393 2501 anctoritate
411 2472 591 2509 apostolica
603 2474 838 2504 confirmamus
850 2479 911 2505 etc.
930 2485 1036 2515 usque
1053 2486 1058 2506 :
1077 2486 1161 2507 com-

150 2523 332 2553 munimus.
360 2524 522 2554 Tenorem
546 2524 734 2555 litterarum
756 2527 903 2564 ipsarum
929 2529 968 2558 de
990 2529 1090 2559 verbo
1122 2530 1161 2560 ad

150 2575 287 2605 verbum
303 2576 514 2613 presentibus
530 2577 635 2607 inseri
652 2578 824 2614 facientes,
845 2580 902 2618 qui
920 2580 994 2611 talis
1011 2586 1060 2612 est
1077 2592 1083 2611 :

754 2670 871 2704 Names,
888 2673 919 2699 15
937 2674 992 2699 mai
1009 2673 1087 2701 1255.

192 2742 204 2756 κ
223 2731 337 2759 Frater
352 2730 463 2767 Hugo,
487 2730 702 2761 miseratione
723 2731 835 2763 (livine
857 2733 946 2764 tituli
967 2740 1080 2767 sancte
1101 2737 1161 2768 Sa-

153 2795 164 2807 »
190 2782 266 2812 bine
285 2782 459 2820 presbyter
479 2783 678 2820 cardinalis,
710 2784 829 2817 dilecto
853 2786 887 2815 in
909 2787 1042 2818 Christo
1064 2789 1161 2820 fratri

152 2846 164 2860 ³>
192 2834 350 2869 Johanni,
370 2834 576 2873 presbytero,
595 2835 707 2865 abbati
718 2838 913 2868 monasterii
929 2845 1042 2871 sancte
1054 2842 1161 2872 Trini-

152 2900 164 2913 »
190 2887 266 2917 tatis
285 2887 323 2917 de
346 2887 472 2922 Monte,
496 2888 623 2919 ordinis
641 2890 748 2919 sancti
763 2890 954 2928 Benedicti,
979 2893 1161 2926 Rothoma-

1255 315 1267 329 υ
1293 305 1406 341 gensis
1418 305 1570 342 diocesis,
1586 306 1727 337 salutem
1739 307 1773 337 in
1784 308 1936 338 Domino.
1949 308 2126 346 Regularis
2135 309 2264 340 ordinis

1253 420 1260 434 )

1290 418 1353 447 que
1369 409 1450 439 solet
1467 410 1543 440 aliis
1560 411 1726 441 interdici.
1745 413 1898 443 Pori-ecta
1916 413 2081 452 siquidem
2095 414 2190 444 nobis
2207 419 2263 444 tua

1253 474 1266 487 »
1291 463 1407 500 petitio
1433 464 1623 494 continebat
1649 465 1750 503 quod,
1783 474 1857 495 cum
1883 474 1973 495 esses
2001 466 2040 496 de
2068 467 2263 506 presbytero

1208 517 1211 550 j
1253 527 1265 540 »
1292 515 1423 551 genitus
1441 520 1471 546 et
1488 516 1605 549 soluta,
1625 518 1711 556 apud
1728 519 1969 548 monasterium
1985 523 2097 550 sancte
2117 520 2264 550 Trinita-

1253 580 1265 594 »
1292 568 1333 598 tis
1350 569 1387 598 dc
1408 570 1518 600 Monte
1536 570 1686 600 habitum
1702 571 1875 609 religionis
1895 582 2069 603 assumens
2092 573 2180 603 beati
2199 574 2264 603 Be-

1253 633 1264 646 n
1292 622 1414 651 nedicti
1431 623 1580 659 regulam
1597 633 1632 654 es
1645 625 1827 662 professus,
1842 625 1898 654 ubi
1910 625 2036 656 diutius
2050 625 2264 656 laudabiliter
2282 665 2286 670 η

1252 686 1264 700 »
1290 680 1516 710 conversatus,
1537 677 1668 706 tandem
1685 682 1875 716 assumptus
1892 687 1926 708 es
1948 678 2073 717 absque
2094 678 2263 717 dispensa·

1253 738 1265 753 ι)
1293 728 1380 756 tione
1400 728 1495 758 Sedis
1512 729 1689 767 apostolice
1707 729 1790 759 alias
1811 734 1920 760 tamen
1938 731 2097 761 canonice
2114 731 2149 760 in
2161 731 2264 761 abba-

1252 791 1264 806 »
1290 784 1367 809 tem.
1386 782 1491 819 Super
1508 790 1583 820 quo,
1601 791 1675 812 cum
1693 783 1739 812 sis
1756 783 1896 813 idoneus
1913 783 1998 813 sicut
2017 784 2206 822 accepimus
2223 784 2264 814 ad

1252 844 1264 858 »
1280 833 1396 871 ipsius
1417 834 1566 869 regimen
1589 835 1735 870 abbatie,
1756 835 1950 874 supplicasti
1970 840 2024 866 tue
2047 836 2148 866 saluti
2167 845 2263 875 apos-

1251 897 1264 911 »
1290 886 1386 916 lolii-e
1412 886 1507 917 Sedis
1531 888 1738 925 providentia
1764 888 1948 918 subveniri.
1975 889 2058 920 Cum
2083 889 2196 928 itaque
2224 898 2263 920 ex

1251 949 1263 964 »
1289 938 1462 974 religionis
1477 939 1630 976 ingressu
1648 940 1730 970 tales
1746 940 1889 978 legitimi
1905 950 1969 980 quo
1983 941 2023 971 ad
2039 942 2263 980 receptionem

1251 1004 1262 1017 »
1288 991 1442 1021 ordinum
1460 997 1669 1027 censeantur,
1687 997 1794 1023 tecum
1811 994 1909 1032 quod,
1926 994 2055 1024 defectu
2071 994 2262 1034 hujusmodi

1251 1057 1262 1070 n
1289 1053 1353 1074 non
1369 1045 1532 1079 obstante,
1549 1046 1581 1074 in
1596 1046 1758 1084 susceptis
1775 1046 1948 1075 ordinibus
1965 1046 2157 1077 ministrare
2173 1056 2210 1076 ac
2226 1046 2261 1076 in

1249 1110 1262 1123 »
1288 1102 1439 1136 suscepto
1459 1099 1621 1135 regimine
1640 1099 1771 1129 abbatie
1792 1099 1882 1129 licite
1899 1108 2070 1129 remancre
2089 1099 2201 1130 valcas
2221 1099 2260 1129 de

1250 1162 1262 1176 »
1288 1150 1424 1188 speciali
1441 1151 1566 1180 domini
1583 1160 1663 1190 pape
1680 1152 1835 1181 mandato
1858 1152 1953 1181 nobis
1975 1152 2049 1181 viva
2072 1161 2150 1182 voce
2172 1153 2259 1182 facto

1250 1216 1262 1229 »
1288 1207 1400 1233 tenore
1419 1204 1624 1241 presentium
1647 1204 1891 1242 dispensamus.
1916 1205 1989 1234 Dat.
2015 1204 2172 1243 Neapoli,
2194 1204 2260 1234 idi-

1249 1267 1262 1282 »
1287 1256 1348 1285 bus
1372 1256 1468 1290 maii,
1494 1256 1705 1294 pontificatus
1729 1256 1853 1286 domini
1880 1256 2059 1287 Alexandri
2081 1266 2163 1296 pape
2189 1257 2258 1287 IIII

1249 1321 1262 1335 ›>
1287 1318 1374 1339 anno
1390 1309 1507 1347 primo.
1527 1321 1540 1335 »

1286 1361 1380 1392 Nulli
1401 1365 1460 1391 etc.
1492 1366 1602 1391 nostre
1630 1362 1894 1392 confirmationis
1917 1366 1978 1392 etc.
2004 1362 2078 1392 Dat.
2102 1362 2256 1401 Neapoli,

1246 1415 1329 1445 VIII
1346 1414 1506 1444 kalendas
1522 1414 1622 1453 junii,
1641 1423 1728 1444 anno
1742 1415 1860 1453 primo.
1878 1427 1891 1441 »

1317 1599 1405 1629 538
1869 1599 1986 1635 Naples,
2004 1600 2020 1627 9
2035 1600 2090 1627 mai
2107 1600 2186 1628 1255.

1283 1661 1420 1695 Magistro
1438 1661 1639 1688 Bartholomeo
1655 1661 1689 1687 de
1708 1661 1810 1695 Regio,
1828 1661 1966 1688 canonico
1982 1662 2122 1688 ecclesiae
2134 1670 2159 1690 s.
2172 1661 2261 1689 Pros-

1248 1711 1308 1745 peri
1324 1710 1462 1744 Reginae,
1481 1710 1631 1736 ecclesiam
1649 1718 1672 1736 s.
1691 1710 1768 1737 Petri
1784 1710 1818 1736 de
1834 1709 1942 1744 Vesan,
1955 1710 2182 1745 Burdegalensis
2197 1710 2258 1738 dio-

1246 1761 1333 1790 cesis,
1348 1768 1434 1794 quum
1451 1760 1589 1793 magister
1601 1759 1767 1786 Rostandus
1783 1759 1981 1786 subdiaconus
1996 1759 2156 1787 canonicus
2167 1767 2192 1787 S.
2207 1759 2260 1786 Se-

1246 1810 1337 1835 verini
1362 1808 1586 1841 Burdegalensis
1609 1808 1768 1840 resignavit
1789 1811 1817 1833 ct
1841 1807 1875 1833 de
1899 1816 1955 1842 qua
1979 1807 2200 1834 Bartholomeus
2223 1808 2258 1834 ab

1246 1858 1363 1884 Andrea
1380 1858 1414 1883 de
1431 1857 1562 1890 Lavunia,
1581 1856 1742 1883 Innocentii
1759 1855 1798 1882 lV
1818 1861 1920 1891 nepote
1936 1860 1964 1882 et
1982 1856 2144 1891 capellano,
2162 1857 2259 1882 inves-

1247 1907 1318 1933 titus
1341 1907 1403 1935 suit.
1427 1906 1591 1938 confirmat,
1615 1905 1724 1931 litteras
1748 1905 1880 1931 Andreae
1901 1904 1936 1930 de
1960 1904 2084 1931 Lavania
2107 1905 2258 1939 Anagniae

1250 1954 1317 1981 VIII
1340 1954 1476 1981 kalendas
1497 1953 1671 1988 septembris
1691 1953 1772 1979 datas
1793 1953 1954 1979 inserendo,
1978 1952 2062 1985 (Rau.
2083 1952 2126 1983 24,
2148 1961 2174 1980 c.
2194 1942 2257 1983 444,

1247 2005 1266 2032 f.
1283 2004 1350 2034 6-2vl

1289 2119 1301 2132 «
1323 2106 1466 2143 Maqistro
1478 2105 1686 2134 Bai-tholomeo
1700 2104 1733 2132 de
1746 2104 1842 2141 Reqio,
1862 2104 2009 2132 canonico
2025 2104 2143 2132 ecclesie
2157 2104 2258 2133 sancti

1246 2159 1387 2196 Prosperi
1402 2159 1522 2195 Regiae.
1543 2157 1626 2187 Cum
1645 2166 1663 2186 a
1679 2156 1774 2185 nohis
1790 2155 1914 2193 petitur
1931 2159 1992 2185 etc.
2010 2164 2115 2194 usque
2133 2165 2140 2184 ε
2159 2155 2257 2186 effec-

1246 2215 1327 2241 tum.
1346 2209 1551 2248 significasti
1568 2209 1733 2248 siquidem
1755 2208 1850 2238 nobis
1867 2207 1970 2246 quod,
1990 2216 2065 2238 cum
2080 2207 2189 2238 felicis
2204 2216 2257 2238 re-

1246 2263 1447 2294 cordationis
1483 2264 1508 2292 Ι,
1542 2270 1625 2300 papa
1652 2261 1866 2299 predecessor
1897 2264 2009 2290 noster
2039 2259 2159 2290 dilecto
2186 2259 2257 2289 filio

1246 2316 1405 2354 magistro
1422 2315 1590 2345 Rostando
1606 2314 1808 2344 subdiacono
1826 2317 1857 2342 et
1875 2312 2045 2350 capellano
2060 2316 2184 2347 nostro,
2202 2320 2257 2342 ca-

1246 2369 1365 2399 nonico
1381 2368 1520 2399 ecclesie
1541 2367 1648 2397 sancti
1665 2366 1816 2397 Severini
1833 2365 2092 2403 Bai-degalensis
2113 2365 2184 2395 suis
2199 2365 2257 2395 de-

1245 2423 1349 2452 disset
1370 2421 1432 2451 sub
1457 2425 1545 2451 certa
1566 2421 1672 2449 forma
1689 2419 1811 2448 litteris
1834 2418 1868 2447 in
1890 2417 2056 2448 mandatis
2077 2422 2114 2447 ut
2138 2417 2200 2447 tibi
2220 2417 2272 2449 in.

1245 2476 1357 2514 aliqua
1381 2474 1598 2515 ecclesiarum
1621 2472 1766 2502 civitatis
1790 2476 1820 2502 et
1841 2471 1982 2501 diocesis
2006 2480 2065 2501 seu
2086 2471 2256 2510 provincie

1244 2527 1524 2565 Burdegalensis,
1543 2525 1725 2556 cathedrali
1741 2524 1793 2554 vel
1815 2523 1881 2554 alia
1897 2523 2048 2554 ecclesiis
2064 2523 2210 2554 civitatis
2225 2528 2257 2553 et

1245 2581 1387 2611 diocesis
1407 2579 1655 2610 Xanctonensis
1677 2578 1846 2607 dumtaxat
1871 2576 2028 2614 exceptis,
2051 2576 2090 2606 de
2114 2576 2256 2614 preben-

1243 2633 1311 2664 dali
1326 2633 1378 2663 vel
1395 2632 1460 2663 alio
1479 2631 1705 2663 ecclesiastico
1723 2629 1885 2660 beneficio
1902 2637 1962 2659 seu
1978 2629 2128 2667 prioratu
2145 2628 2186 2658 ad
2202 2636 2255 2659 re-

1244 2686 1375 2724 gulares
1390 2694 1549 2724 personas
1566 2694 1625 2715 seu
1638 2683 1805 2715 seculares
1819 2685 1987 2721 spectante
2003 2685 2160 2712 consueto
2175 2681 2257 2712 assi-

1244 2738 1339 2776 gnari
1355 2738 1486 2768 clericis
1503 2737 1710 2768 secularibus
1722 2745 1781 2767 seu
1795 2745 1813 2766 a
1827 2735 1924 2766 laicis
1940 2735 2094 2770 detineri,
2112 2734 2213 2765 etiam
2225 2734 2255 2765 si

1243 2799 1357 2820 curam
1369 2791 1558 2821 animarum
1568 2790 1705 2820 haberet
1719 2797 1892 2824 annexam,
1904 2796 1963 2826 per
1974 2796 2009 2818 se
2020 2786 2072 2817 vel
2082 2795 2140 2825 per
2151 2786 2255 2817 aliurn

1243 2843 1441 2882 provideret,
1464 2843 1543 2882 quia
1565 2847 1601 2872 tu
1621 2846 1753 2881 propter
1774 2840 1838 2871 loci
1863 2839 2057 2870 distantiam
2077 2839 2116 2869 de
2135 2838 2254 2878 hujus-

1242 2897 1331 2926 modi
1361 2896 1467 2935 gratia
1494 2905 1558 2936 que
1583 2905 1641 2935 per
1668 2903 1794 2926 annum
1818 2898 1850 2925 et
1873 2893 2016 2932 amplius
2041 2892 2103 2922 tibi
2127 2891 2254 2923 sterilis
