2498 3325
966 234 1189 270 PREMIERE
1211 235 1367 271 ANNEE.
2157 247 2213 277 ‘253

123 305 254 335 retinere.
273 307 345 332 hanc
361 306 578 333 concessionem
595 307 755 333 confirmat.
773 307 855 339 (Rau.
869 306 913 338 ς24,
926 315 952 334 e.
965 306 1026 336 669,
1042 307 1061 333 f.
1074 306 1124 336 99:

124 355 269 382 Ροττεμςτ
289 355 393 385 moes.)

163 470 175 483 α
202 481 234 492 ..,
255 458 417 490 abbatisse,
439 463 465 486 et
486 459 650 487 conventui
675 459 855 486 monasterii
877 458 1007 486 Corrone
1024 462 1126 486 sancte

120 511 225 544 Mario,
244 510 449 539 Cisterciensis
462 511 595 545 ordinis,
617 511 770 548 Spirensis
785 511 920 539 diocesis.
939 509 1125 547 Religionis

120 566 228 593 vestre
245 567 390 592 meretur
404 580 454 590 —-.
470 563 543 592 Dat.
561 567 596 592 ut
613 572 723 601 supra.
744 574 756 588 ι»

190 733 272 760 841

154 793 258 827 Egew,
276 792 476 819 Colimbriensi
492 794 639 828 episcopo,
655 795 740 828 cujus
754 798 909 828 proventus
926 803 1041 820 mensae
1057 798 1125 820 sunt

604 732 729 766 Anagni,
747 733 779 759 30
795 733 958 767 septembre
977 732 1052 759 ¹255.

118 847 220 869 tenues
235 847 262 868 et
278 843 377 872 exiles
395 842 487 876 quoad
506 843 608 868 vixerit
624 843 793 869 conceditur
811 844 941 877 facultas,
960 847 989 869 ut
1006 852 1030 869 s.
1049 843 1125 869 Mar-

117 891 169 917 tini
187 891 292 916 Montis
310 890 427 924 MaJ'oris
444 891 478 916 de
496 890 658 925 Pcrrogano
669 895 697 917 et
714 891 748 917 de
763 891 845 917 Anco
857 892 1044 917 ecclesiarum
1058 900 1124 925 pro-

118 943 235 968 ventus.
254 940 312 973 qui,
330 939 462 965 deductis
478 939 624 971 oneribus,
643 939 758 973 triginta
783 948 940 965 marcarum
964 940 1048 965 annis
1064 939 1124 965 sin-

117 988 193 1022 gulis
217 996 270 1013 non
301 987 458 1017 excedunt.
481 988 508 1013 in
534 996 606 1014 usus
629 988 789 1022 praedictae
817 996 932 1014 mensae
955 991 1123 1014 convertere

117 1037 216 1062 valeat.
235 1036 319 1069 (Rae.
342 1036 386 1068 ⁵24,
404 1044 429 1062 c.
448 1036 510 1068 670,
527 1037 546 1063 f.
564 1036 619 1068 99.)

159 1151 171 1164 «
197 1139 278 1175 que,
304 1139 517 1168 Colimbriensi
538 1139 682 1176 episcopo.
709 1138 891 1167 Petitiones
917 1142 990 1167 tuas
1014 1147 1051 1167 eo
1073 1155 1122 1166 —-.

117 1193 190 1221 Dat.
210 1191 371 1229 Anagnie,
391 1192 422 1221 ΙΙ
438 1191 597 1221 kalendas
616 1191 771 1222 octobris,
788 1200 875 1220 anno
891 1191 1008 1229 primo.
1030 1203 1041 1216 »

189 1363 276 1391 842

153 1423 283 1458 Capitulo
301 1423 476 1450 Virdunensi
493 1423 619 1455 mandat.
638 1423 774 1458 quatinus
789 1423 927 1455 Roberto,
946 1422 1123 1449 Virdunensi

115 1473 217 1505 electo,
233 1473 398 1499 successori
408 1472 509 1499 Jacobi
522 1480 598 1499 nunc
608 1471 843 1506 Jerosolymitani
856 1471 1043 1506 patriarchae,
1054 1471 1122 1497 obe-

114 1521 251 1547 dientiam
268 1520 444 1555 impendant.
462 1521 543 1553 (Rea.
561 1520 604 1554 ⁶24,
622 1529 647 1546 c.
664 1521 726 1552 671,
743 1521 763 1546 f.
781 1520 847 1550 99¹.)

662 1361 792 1395 Anagni,
810 1361 825 1387 5
841 1361 957 1387 octobre
975 1361 1052 1388 1-255.

155 1635 167 1648 «
189 1624 329 1660 Capitulo
348 1623 544 1651 Virdttnensi.
566 1622 721 1652 Debitum
737 1622 837 1651 officii
856 1621 960 1651 nostri
982 1621 1122 1659 requirit

112 1679 147 1705 ut
164 1675 251 1705 inter
268 1675 510 1705 sollicitudines
530 1675 612 1705 alias
636 1679 696 1705 etc.
715 1684 819 1713 usque
841 1685 846 1703 :
866 1675 1118 1704 incrementum.

113 1728 163 1757 Ad
180 1728 238 1757 boc
251 1728 341 1757 enim
356 1732 468 1757 nostra
484 1728 627 1758 intendit
643 1728 796 1762 intentio,
814 1728 900 1757 circa
917 1727 949 1756 id
966 1727 1121 1764 cogitatio

113 1785 227 1810 nostra
241 1784 391 1810 versatur
405 1785 435 1810 et
451 1781 492 1810 ad
507 1781 568 1811 hoc
582 1789 713 1810 omnem
728 1790 825 1819 quam
840 1789 1015 1818 possumus
1028 1789 1122 1818 opem

113 1837 145 1863 et
162 1841 296 1871 operam
312 1833 520 1868 adhibemus,
537 1837 573 1863 ut
589 1832 671 1863 tales
688 1833 722 1862 in
739 1837 866 1871 partem
885 1833 1122 1862 sollicitudinis

114 1895 299 1921 evocemus,
331 1886 388 1924 qui
417 1886 632 1916 commissum
663 1886 727 1915 sibi
755 1895 887 1924 gregem
919 1886 1123 1915 dominicum

114 1939 221 1968 sciant
236 1948 300 1968 non
313 1938 420 1968 solum
431 1939 615 1969 doctrinam
629 1939 721 1969 verbi
734 1939 791 1969 sed
805 1939 913 1977 operis
926 1939 1120 1974 informare,

115 1991 275 2030 illumque
298 1992 478 2030 prudenter
500 2001 613 2030 regere
635 1992 790 2021 studeant
813 1996 843 2022 et
863 1992 898 2021 in
919 1992 1007 2021 viam
1033 1991 1123 2021 salu-

115 2044 225 2074 brium
237 2044 379 2082 dirigere
391 2045 632 2080 mandatorum,
645 2049 675 2075 et
689 2045 747 2084 qui
759 2045 902 2074 subditis
914 2054 979 2074 non
990 2053 1123 2083 preesse

115 2096 250 2135 cupiant
271 2097 328 2126 sed
352 2097 521 2134 prodesse,
549 2107 586 2127 ac
608 2098 802 2127 commissas
824 2097 889 2127 sibi
910 2097 1067 2127 ecclesias
1088 2097 1123 2126 in

116 2154 204 2180 statu
220 2150 356 2188 pacifico
368 2154 398 2180 et
412 2151 592 2189 tranquillo
607 2151 709 2181 velint
726 2155 757 2181 et
773 2151 905 2181 valeant
924 2151 1121 2189 gubernare.

117 2203 202 2233 Sane
222 2202 422 2233 venerabilis
444 2203 546 2233 frater
569 2208 680 2233 noster
704 2227 736 2239 ..,
759 2203 947 2242 patriarcha
963 2203 1124 2234 Jerosoli-

116 2256 279 2286 mitanus,
300 2255 338 2285 de
354 2256 560 2286 Virdunensi
576 2256 716 2286 ecclesia
737 2257 789 2286 cui
807 2260 881 2286 ante
898 2257 1067 2295 prefuerat
1084 2257 1124 2286 ad

114 2308 419 2339 Jerosolimitanam
431 2309 543 2338 divina
555 2309 771 2347 dispositione
787 2309 957 2345 translato⁷
976 2318 1046 2344 nos,
1066 2310 1123 2348 qui

115 2370 152 2390 ex
165 2361 244 2400 jugo
261 2360 438 2398 apostolice
459 2361 629 2391 servitutis
650 2362 818 2391 universis
838 2371 952 2392 sumus
971 2362 1122 2392 eeclesiis

113 2413 266 2451 obligati,
285 2413 492 2443 attendentes
509 2414 606 2451 quod,
625 2414 653 2443 si
667 2413 812 2452 predicte
831 2414 1052 2444 Virdunensis
1070 2424 1123 2444 eo-

113 2465 213 2495 clesie
231 2465 375 2503 provisio
392 2465 591 2501 differretur,
611 2466 724 2496 multis
741 2467 948 2497 subiceretur
964 2467 1122 2505 periculis

114 2522 144 2548 et
168 2518 279 2555 gravia
298 2518 333 2546 in
357 2518 588 2556 spiritualibus
611 2522 640 2548 et
665 2519 902 2557 temporalibus
922 2520 1121 2549 detrimenta

114 2570 258 2602 subiret,
278 2580 313 2599 ac
333 2570 479 2600 volentes
500 2575 631 2608 propter
651 2571 712 2601 hoc
733 2572 840 2601 eidem
858 2572 1063 2602 Virdunensi
1083 2573 1121 2602 de

114 2627 244 2661 pastore
274 2623 391 2652 idoneo
425 2623 577 2653 celeriter
607 2624 796 2661 providere,
829 2624 985 2654 dilectum
1016 2625 1122 2654 filium

114 2676 311 2713 magistrum
342 2676 539 2706 Ptobertum.
573 2677 818 2707 Virdunensem
855 2677 1012 2711 electum
1045 2683 1123 2707 tunc

114 2729 333 2758 camerarium
351 2729 462 2758 dilecti
479 2729 539 2757 filii
552 2730 657 2758 nostri
670 2731 707 2764 1.‚
725 2731 830 2760 sancti
847 2730 976 2760 Nicolai
992 2731 1025 2760 in
1043 2732 1123 2761 Car-

115 2790 188 2811 cere
206 2781 359 2811 Tulliano
378 2781 507 2810 diaconi
525 2782 715 2817 cardinalis⁷
736 2783 843 2812 virum
860 2784 975 2822 utique
995 2784 1123 2813 littera-

118 2839 201 2865 tum,
218 2844 344 2864 morum
362 2834 533 2864 honestate
550 2835 777 2873 conspicuum,
795 2837 934 2866 consilio
949 2837 1123 2875 providum

117 2891 148 2917 et
171 2887 204 2916 in
223 2887 453 2925 spiritualibus
475 2892 505 2917 et
524 2888 760 2926 temporalibus
777 2889 1052 2927 circumspectum
1070 2899 1123 2919 ac-

1209 311 1404 345 ceptumque
1436 309 1530 338 nobis
1558 314 1588 339 et
1618 311 1740 340 nostris
1765 312 1925 342 fratribus
1954 321 2011 342 sue
2039 313 2213 350 probitatis

1208 359 1336 389 merito,
1361 360 1506 397 predicte
1526 362 1731 392 Virdunensi
1755 363 1891 393 ecclesie
1915 364 1949 393 in
1971 365 2160 402 episcopum
2181 369 2213 394 et

1208 415 1373 447 pastorem
1389 413 1600 449 prefecimus,
1619 414 1656 444 de
1674 415 1814 444 fratrum
1832 417 2010 446 eorundem
2027 416 2166 446 consilio
2183 420 2214 447 et

1208 463 1385 500 apostolice
1408 465 1614 502 plenitudine
1639 468 1828 504 potestatis,
1854 473 2024 505 sperantes
2047 469 2133 508 quod
2154 478 2214 499 sua

1207 515 1502 554 circumspectione
1526 517 1685 547 laudabili
1705 523 1734 548 et
1751 520 1956 556 providentia
1974 521 2212 559 circumspecta

1207 567 1279 605 ipsa
1306 568 1446 598 ecclesia
1472 573 1537 598 tam
1563 570 1649 599 circa
1675 571 1862 608 spiritualia
1892 582 1990 610 quam
2018 574 2212 611 temporalia

1207 620 1309 657 gratis
1326 621 1492 651 tribuente
1509 623 1650 651 Domino
1663 624 1811 660 proficiet
1828 624 2054 655 incrementis.
2068 627 2211 665 Ideoque

1207 672 1418 703 universitati
1431 678 1537 703 vestre
1554 675 1761 710 mandamus,
1780 677 1937 714 quatinus
1954 686 2029 706 eum
2044 682 2212 717 tamquam

1207 729 1334 762 patrem
1350 729 1381 755 et
1397 730 1563 763 pastorem
1579 727 1765 758 animarum
1781 733 1966 758 vestrarum
1981 731 2094 761 devote
2111 733 2213 761 susei-

1207 778 1352 815 pientes,
1376 779 1598 809 obedientiam
1622 784 1652 810 et
1674 782 1895 811 reverentiam
1919 782 2062 812 debitam
2086 784 2214 822 impen-

1207 830 1304 863 datis,
1326 831 1431 868 ipsius
1452 832 1589 862 monitis
1606 837 1637 862 et
1653 833 1817 863 mandatis
1837 834 2027 865 salubribus
2044 836 2216 866 humiliter

1207 882 1421 912 intendendo.
1435 883 1593 922 Alioquin
1607 886 1807 915 sententiam
1819 891 1880 916 etc.
1894 896 1998 925 usque
2012 897 2018 915 t
2032 888 2213 918 observari.

1206 935 1279 963 Dat.
1299 935 1461 973 Anagnie,
1478 938 1527 966 III
1546 946 1650 967 nonas
1667 938 1821 974 octobris,
1841 948 1926 969 anno
1943 940 2057 977 primo.
2080 952 2092 966 »

1242 1054 1273 1080 In
1290 1063 1316 1081 e.
1334 1063 1371 1082 m.
1388 1056 1464 1081 clero
1481 1056 1606 1082 civitatis
1622 1060 1650 1083 et
1666 1056 1792 1083 diocesis
1810 1056 2048 1086 Vin-dunensium.

1242 1103 1274 1129 In
1291 1112 1314 1129 e.
1335 1112 1370 1130 m.
1390 1105 1495 1138 populo
1512 1105 1637 1131 civitatis
1653 1109 1680 1131 et
1704 1105 1829 1132 diocesis
1849 1105 2074 1133 virdunensium
2097 1115 2189 1142 usque
2208 1119 2212 1134 :

1208 1152 1411 1185 suscipientes,
1430 1153 1522 1186 ipsius
1539 1154 1655 1180 monitis
1678 1158 1706 1179 et
1723 1155 1862 1181 mandatis
1883 1155 2048 1182 salubribus
2068 1156 2214 1183 humiliter

1207 1200 1372 1226 intendatis,
1392 1201 1456 1227 Dat.
1475 1206 1503 1228 ut
1520 1211 1617 1236 supra.

1244 1249 1274 1274 In
1299 1258 1324 1275 e.
1349 1258 1385 1276 m.
1413 1250 1555 1276 universis
1578 1251 1709 1277 vassallis
1731 1252 1853 1278 ecclesie
1882 1252 2073 1280 Vir-dunensis
2095 1261 2186 1288 usque
2206 1266 2211 1280 :

1207 1299 1412 1332 suscipientes,
1430 1299 1573 1325 fidelitatis
1594 1300 1648 1326 sibi
1665 1302 1829 1334 Jur‘unenta
1847 1306 1973 1335 prestare
1994 1303 2112 1328 curetis.
2131 1303 2215 1329 Alio-

1206 1347 1274 1380 quin
1291 1349 1461 1373 sententiam
1477 1348 1537 1374 sive
1551 1357 1650 1382 penam
1662 1358 1747 1382 quam
1764 1350 1836 1375 idem
1854 1351 2040 1383 spiritualiter
2053 1352 2104 1377 rite
2117 1352 2212 1379 tuterit

1206 1395 1233 1421 in
1251 1396 1370 1422 rebelles
1386 1400 1473 1422 ratam
1487 1401 1542 1423 etc.
1561 1405 1652 1431 usque
1669 1408 1673 1423 :
1692 1398 1848 1424 observari.
1868 1399 1930 1424 tm.
1950 1404 1978 1425 ut
1995 1408 2092 1434 supra.

1277 1576 1364 1604 843
1708 1579 1831 1612 Anagni,
1850 1580 1864 1605 ὃ
1881 1580 2043 1613 septembre
2062 1580 2139 1607 1‘255.

1243 1637 1347 1663 Abbati
1364 1646 1388 1664 s.
1407 1638 1569 1665 Genovefac
1588 1639 1760 1666 Parisiensis
1777 1640 1905 1671 mandat,
1923 1642 2058 1675 quatinus
2075 1651 2212 1676 praecep-

1206 1687 1259 1712 tori
1276 1690 1304 1711 et
1320 1686 1455 1713 fratribus
1470 1687 1586 1714 Militiae
1601 1688 1711 1723 Templi
1728 1690 1754 1715 in
1774 1689 1902 1720 Francia,
1920 1697 1993 1723 quos
2010 1691 2136 1716 nonnulli
2154 1691 2213 1716 cle-

1207 1734 1258 1760 riei
1287 1738 1314 1760 et
1344 1735 1406 1760 laici
1436 1736 1606 1767 molestant,
1640 1737 1881 1771 complementum
1906 1739 2038 1771 justitiae
2067 1740 2210 1766 exhibeat.

1206 1782 1288 1815 (tim.
1307 1783 1350 1816 at,
1367 1792 1391 1809 c.
1409 1783 1471 1817 67²2,
1490 1785 1504 1809 f.
1523 1785 1589 1816 90v.)

1249 1898 1260 1910 «
1280 1908 1318 1919 ..,
1336 1886 1436 1914 abbati
1456 1891 1557 1915 sancte
1585 1887 1726 1924 Genovefe
1753 1889 1947 1917 Parisiensis.
1972 1890 2117 1927 Dignum
2141 1900 2212 1921 esse

1207 1938 1430 1975 conspicimus
1450 1943 1480 1968 et
1500 1940 1725 1969 necessarium
1748 1941 1963 1977 arbitramur,
1983 1946 2018 1971 ut
2036 1942 2084 1971 hii
2101 1944 2213 1973 favore

1207 1990 1302 2019 Sedis
1320 1990 1497 2028 apostolice
1512 1991 1697 2027 foveantur,
1716 1992 1784 2031 qui,
1803 1994 2127 2031 consanguineorum
2142 2005 2213 2025 suo-

1207 2052 1280 2072 rum
1291 2044 1410 2073 affectu
1420 2044 1578 2081 deposito,
1591 2045 1663 2079 Dei,
1675 2054 1740 2074 non
1751 2045 1908 2081 hominis
1922 2046 2063 2084 prelium
2072 2048 2213 2085 prelian-

1206 2100 1270 2124 tur.
1288 2095 1372 2125 Sanc
1387 2096 1583 2126 dilectorum
1596 2097 1740 2127 filiorum
1753 2121 1784 2133 ..7
1800 2099 2013 2136 preceptoris,
2029 2104 2059 2129 et
2073 2101 2214 2130 fratrum

1207 2149 1327 2178 Militie
1338 2149 1465 2187 Templi
1476 2150 1509 2178 in
1523 2150 1662 2179 Francia
1674 2151 1769 2180 nobis
1781 2151 1928 2181 exhibita.
1939 2153 2055 2190 petitio
2067 2154 2212 2184 contine-

1206 2202 1271 2237 bat,
1288 2202 1375 2240 quod
1389 2203 1541 2232 nonnulli
1555 2203 1667 2233 cleriei
1684 2208 1715 2233 et
1730 2204 1818 2239 laici,
1835 2205 1875 2234 ad
1890 2214 1944 2235 eos
1959 2206 2103 2235 debitam
2119 2216 2213 2237 reve-

1206 2255 1348 2284 rentiam
1362 2264 1425 2284 non
1440 2255 1611 2291 habentes,
1628 2256 1717 2294 ipsos
1730 2257 1765 2285 in
1778 2258 1929 2295 personis
1943 2258 2083 2288 ethonis
2100 2268 2214 2289 eorum

1206 2312 1402 2346 presumunt
1425 2308 1571 2348 indebite
1589 2309 1776 2339 molestare.
1793 2311 1928 2341 Verum,
1954 2320 2028 2340 eum
2053 2312 2215 2342 ordinarii

1207 2360 1441 2399 injuriatorum
1454 2361 1611 2398 ipsorum,
1626 2362 1751 2391 eisdem
1762 2363 1946 2401 preceptori
1958 2367 1989 2393 et
2002 2365 2162 2395 fratribus
2177 2375 2214 2395 ac

1206 2413 1354 2451 ipsorum
1372 2414 1589 2451 exemptionis
1611 2414 1822 2445 libertatibus
1840 2415 2043 2452 invidentes,
2066 2417 2100 2446 in
2121 2418 2215 2448 exhi-

1206 2465 1312 2495 bendo
1326 2466 1503 2504 justitiam,
1523 2475 1563 2495 ne
1581 2466 1702 2497 talibus
1720 2476 1753 2497 se
1770 2468 1937 2497 interdum
1954 2470 2109 2499 recedant
2128 2471 2214 2499 diffi-

1207 2518 1286 2547 ciles
1309 2522 1339 2547 et
1359 2518 1456 2547 etiam
1482 2519 1700 2557 negligentes,
1723 2520 1871 2558 ipsisque
1896 2521 1996 2551 nimis
2020 2522 2154 2552 difficile
2177 2532 2214 2553 ac

1207 2572 1455 2609 dispendiosum
1473 2573 1591 2601 existat
1610 2582 1666 2610 pro
1684 2573 1826 2610 singulis
1849 2573 1983 2612 injuriis
2001 2575 2214 2613 apostolicam

1208 2624 1324 2654 Sede-m
1338 2624 1439 2659 adire,
1453 2625 1547 2654 nobis
1560 2625 1732 2655 humiliter
1742 2626 1981 2663 supplicarunt,
1995 2631 2030 2656 ut
2042 2628 2214 2665 providere

1207 2677 1288 2715 ipsis
1305 2677 1339 2706 in
1357 2677 1416 2706 ha<-
1434 2683 1524 2715 parte
1541 2678 1579 2707 de
1596 2678 1801 2716 benignitate
1819 2679 1913 2709 Sedis
1929 2680 2105 2718 apostolice
2123 2691 2214 2711 cura-

1207 2739 1329 2759 remus.
1349 2730 1508 2765 Quocirca
1527 2731 1737 2760 mandamus.
1757 2731 1914 2770 quatinus
1929 2733 2066 2770 prefatis
2084 2743 2213 2772 precep—

1209 2782 1269 2811 tori
1282 2787 1312 2811 ot
1326 2782 1485 2812 fratribus
1498 2783 1643 2821 presidio
1655 2784 1860 2813 defensionis
1873 2785 2044 2819 assistens,
2057 2785 2213 2815 exhibeas

1208 2836 1300 2873 ipsis.
1317 2845 1390 2864 cuin
1408 2836 1507 2865 abeis
1526 2836 1628 2866 fueris
1648 2837 1840 2875 requisitus,
1855 2837 1893 2867 de
1908 2838 2063 2875 predictis
2078 2839 2214 2877 injuria-

1208 2889 1345 2923 toribus,
1364 2889 1601 2927 cujuscumque
1621 2890 1821 2920 conditionis
1838 2891 1887 2920 vel
1905 2891 2076 2928 dignitatis
2091 2900 2148 2922 scu
2165 2902 2214 2921 01·-
