2498 3325
203 274 262 305 390
931 266 1170 300 REGISTRES
1192 265 1499 296 D'ALEXANDRE
1522 267 1578 296 lv.

205 340 334 374 episcopi
352 338 512 373 Sagiensis‚
529 338 614 371 cujus
625 336 749 363 clericus
760 339 789 362 et
805 338 972 370 procurator
988 333 1097 366 existit,
1116 336 1154 363 ut,
1173 333 1214 358 is-

207 390 244 416 tis
269 388 383 415 dnobus
410 387 585 420 resignatis,
615 385 672 411 duo
701 384 755 410 alia
784 383 925 410 beneficia
955 383 1083 417 recipere
1111 381 1212 407 valeat.

207 437 291 472 (ΗΜ).
309 436 351 467 ⁵24,
371 436 388 461 s.
410 434 481 468 ¹632
499 442 566 461 ann.
582 433 618 462 11.
636 441 661 460 c.
678 433 753 465 255.)

249 550 261 563 α
292 537 456 565 Laurentio
480 536 513 564 de
535 536 650 566 Arezio.
677 535 790 564 rectori
811 534 929 563 ecclesie
955 533 1027 562 l'ille
1054 533 1213 569 Lupensis,

209 591 393 621 Turonensis
409 590 542 619 diocesis.
561 589 630 618 Tua
646 597 756 618 coram
775 586 870 617 nobis
887 604 935 615 —.
953 587 1024 616 Dat.
1046 584 1212 618 Laterani,

206 645 234 675 V
252 643 410 673 kalendas
430 642 520 676 maii,
539 650 625 670 anno
645 641 798 671 secundo.
821 653 833 666 η

281 828 396 856 1305
764 825 878 859 Lati-an,
899 826 928 852 15
946 825 1050 851 scvrier
1069 824 1144 851 1256.

244 890 361 916 Nicolao
384 888 523 920 neu-audi,
544 888 685 915 canonIco
706 888 845 914 ecclesiae
867 887 1075 918 Daui-atensis,
1099 887 1216 921 speciali

208 940 312 968 clerico
323 944 350 965 et
363 939 472 965 notario
487 939 533 970 A„
547 937 675 972 episcopi
690 937 916 968 Lemoviccnsis,
930 937 977 970 qui
992 945 1057 962 enm
1071 944 1120 970 per
1133 936 1218 961 allec-

209 993 310 1016 mosas
333 988 442 1014 litteras
463 996 577 1013 summo
600 986 729 1022 pontifici
753 986 981 1017 commendavit,
1008 985 1151 1019 indulget,
1177 989 1217 1014 ut,

208 1042 321 1074 practer
337 1037 475 1063 ecclesias
491 1036 522 1063 S.
540 1036 646 1062 Mau-iae
663 1036 697 1062 dc
715 1035 799 1062 Belac
815 1039 844 1062 ct
861 1035 890 1061 S.
910 1035 1078 1067 salvatoris,
1096 1043 1217 1068 quarum

211 1095 265 1112 nna
282 1086 423 1120 dependet
438 1086 472 1111 ab
489 1086 576 1110 altera
593 1093 725 1119 quaeque
742 1092 831 1110 unum
843 1084 991 1110 dumtaxat
1006 1083 1176 1109 beneficium
1191 1084 1217 1109 in

210 1135 411 1161 lemovicensi
430 1134 540 1160 diocesi
557 1133 671 1160 censeri
689 1137 858 1166 noscuntur,
882 1133 998 1159 unicum
1017 1132 1093 1158 aliud
1111 1132 1219 1158 benefl-

209 1185 285 1210 cium
304 1184 430 1218 recipere
449 1183 548 1208 valeat.
567 1182 647 1215 (l'tiao.
667 1182 712 1212 24,
731 1182 749 1208 s.
770 1181 828 1212 163,
846 1190 912 1207 ann.
935 1181 971 1211 11,
989 1190 1015 1208 c.
1031 1182 1105 1213 255)

251 1298 262 1310 «ι
278 1286 400 1314 Nicoma
413 1285 554 1319 Bertimlt',
570 1285 718 1313 canonico
729 1285 848 1313 ecclesio
860 1284 1068 1314 Dc1117·(1len.s·1'x,
1089 1284 1220 1312 Lemovi-

209 1340 306 1368 ccnsis
324 1339 458 1366 dior-esis.
483 1338 544 1367 l‘er
563 1337 673 1366 studia
690 1336 868 1366 laudabiliS
884 1354 932 1365 ——.
951 1337 1023 1366 Dat.
1043 1337 1217 1372 Laterani,

211 1392 270 1421 XV
288 1390 445 1419 kalendas
466 1390 592 1423 marcii,
612 1399 698 1419 anno
718 1389 871 1419 secundo.
896 1402 909 1415 n

286 1576 402 1605 1306
829 1575 948 1607 Latmn,
967 1577 979 1602 4
998 1577 1052 1602 mai
1074 1576 1149 1603 1‘256.

251 1639 340 1665 Priori
358 1644 385 1664 ct
405 1639 530 1673 capitulo
553 1639 694 1665 ccclesiae
716 1638 746 1665 S.
771 1637 970 1672 Cliristopliori
989 1639 1022 1663 de
1042 1638 1142 1671 Barga,
1167 1639 1223 1665 Lu-

212 1696 301 1713 canae
316 1688 452 1717 diocesis,
470 1696 542 1721 quae
556 1696 702 1722 perunum
717 1687 835 1712 milliare
852 1687 939 1712 distat
955 1696 970 1712 a
989 1688 1069 1721 plebe
1087 1687 1220 1722 Leppiae,

212 1744 431 1762 conci-sswncm
451 1736 570 1761 sontium
589 1736 814 1770 baptismalium,
831 1736 865 1761 ul.)
882 1737 1050 1767 Octaviano,
1069 1737 1098 1763 S.
1118 1736 1223 1762 Mariae

214 1785 240 1810 iu
268 1784 318 1810 Via
337 1785 390 1809 lxta
408 1784 562 1817 cardinale,
585 1785 697 1816 sactum,
719 1785 890 1810 auctoritate
912 1785 1069 1810 litterarum
1093 1793 1221 1815 suarum,

214 1833 380 1863 confirmat,
403 1832 555 1858 inserendo
580 1833 689 1858 litteras
712 1841 781 1858 suas
803 1833 944 1865 Laterani,
966 1833 987 1857 V
1006 1833 1141 1859 kalendas
1158 1835 1224 1861 maii

215 1880 367 1912 MCCIA't„
393 1886 420 1907 ct
446 1880 606 1913 Octaviani,
637 1881 766 1907 kalendis
793 1882 858 1908 maii
881 1882 1012 1916 ejusdem
1036 1883 1102 1908 anni
1130 1882 1221 1909 datas.

213 1929 727 1964 (inu.2-4,r.1ct,ann.11,e.257)
780 1918 785 1923 ’

257 2043 269 2057 α
303 2054 336 2066 ..‚
362 2032 474 2068 priori,
504 2036 528 2060 et
556 2032 692 2069 capitulo
716 2032 835 2060 ecclesie
855 2032 963 2061 Sancti
989 2033 1171 2069 Christosori
1192 2033 1226 2062 de

215 2085 323 2121 Bar-qa,
343 2085 461 2113 Lucane
477 2084 611 2113 diocesis.
631 2084 714 2114 Cum
729 2093 747 2114 a
763 2083 859 2114 nohis
877 2085 1002 2123 petitur
1018 2089 1077 2115 etc.
1099 2095 1222 2125 usque:

215 2137 380 2166 effectum.
402 2137 557 2175 Exposita
581 2137 747 2176 siquidem
766 2146 876 2167 coram
897 2137 993 2168 nobis
1015 2143 1124 2169 vestra
1139 2140 1225 2178 peti-

215 2189 260 2219 tio
279 2189 480 2224 continebat,
506 2190 593 2229 quod
616 2189 756 2220 dilectus
782 2190 873 2220 filius
899 2196 1011 2221 noster
1033 2192 1084 2227 O.,
1105 2192 1225 2223 Sancte

215 2242 319 2272 Mai-ie
336 2243 369 2271 in
386 2242 449 2272 Via
468 2242 533 2272 lata
552 2243 711 2273 diaconus
728 2243 924 2279 cardinalis,
943 2244 1131 2274 litterarum
1147 2254 1225 2276 nos-

215 2299 341 2325 trarum
366 2295 579 2331 auctoritate,
601 2295 694 2325 vobis
715 2296 823 2326 fontes
849 2295 1064 2335 baptismales
1089 2307 1225 2328 conces-

215 2347 274 2383 sit,
294 2352 390 2385 prout
413 2348 447 2376 in
471 2348 603 2385 publico
629 2348 852 2379 instrumento
877 2350 1026 2380 confecto
1047 2351 1165 2381 exinde
1188 2360 1225 2381 ac

216 2400 323 2438 ipsius
352 2399 532 2430 cardinalis
565 2400 675 2438 sigillo
702 2401 831 2430 munito
865 2401 997 2439 plenius
1023 2403 1223 2434 continetur.

216 2454 286 2483 Nos
305 2454 428 2492 itaque,
449 2453 635 2484 devotionis
654 2458 760 2484 vestre
777 2455 932 2493 precibus
958 2455 1128 2491 inclinati.
1151 2466 1225 2487 con-

217 2506 403 2536 cessionem
416 2505 607 2545 hnjusmodi
621 2511 726 2536 ratam
741 2511 772 2536 et
788 2511 915 2545 gratam
931 2507 1103 2545 habentes,
1118 2509 1226 2548 ipsam

218 2559 414 2588 auctoritate
435 2558 615 2597 apostolica
639 2560 874 2590 confirmamus
894 2565 955 2590 etc.
975 2571 1081 2600 usque
1104 2573 1110 2591 :
1137 2572 1226 2593 com-

217 2611 400 2641 munimus.
419 2611 530 2650 Ipsius
548 2612 765 2642 instrumenti
782 2618 928 2644 tenorem
944 2616 1157 2653 presentibus
1173 2617 1227 2646 in-

217 2665 285 2694 seri
301 2664 473 2700 facientes,
493 2665 551 2703 qui
568 2664 644 2695 talis
661 2670 709 2695 est
727 2675 733 2694 :

273 2757 376 2790 Rome,
391 2757 480 2792 palais
496 2757 547 2784 des
562 2757 669 2790 Quatre
683 2757 781 2785 saints
795 2763 968 2791 coni-onnes.
985 2762 1022 2788 ier
1038 2762 1093 2788 mai
1113 2762 1189 2790 1256.

261 2832 273 2846 α
294 2819 514 2854 Octavianus,
538 2819 754 2850 miseratione
780 2821 894 2851 divina
917 2823 1036 2853 Sancte
1060 2825 1164 2855 Mai-ie
1191 2825 1226 2855 in

221 2885 234 2898 ι)
259 2872 323 2902 Via
338 2872 404 2901 lata
420 2872 579 2902 diaconus
600 2872 795 2910 cardinalis,
819 2873 972 2905 discretis
993 2875 1075 2907 viris
1096 2877 1227 2908 dilectis

221 2937 235 2951 1>
260 2925 293 2953 in
325 2924 459 2955 Christo
486 2924 550 2954 sibi
578 2925 681 2963 priori
709 2929 740 2956 et
767 2926 911 2965 capitulo
941 2928 1080 2959 ecclesie
1114 2930 1227 2961 Sancti

1299 342 1311 356 ν)
1337 330 1536 361 Christosori
1562 331 1600 360 de
1626 332 1751 369 Bai-ga,
1776 331 1907 360 Lucane
1927 330 2084 365 diocesis,
2110 329 2250 360 salutem
2270 329 2305 358 in

1299 395 1305 410 ›
1336 384 1489 414 Domino.
1515 385 1713 423 Recepimus
1734 384 1860 414 domini
1885 384 1990 413 nostri
2015 383 2144 414 Summi
2167 382 2308 413 Pontifi-

1337 437 1384 466 eis
1402 436 1530 467 litteras
1548 437 1581 466 in
1600 436 1659 466 hec
1677 437 1775 467 verba
1794 447 1800 466 z

1299 450 1305 463 )

1887 529 2001 561 Latran,
2019 530 2050 557 Q?
2068 530 2137 556 avril
2158 530 2234 558 1256.

1340 605 1352 618 >1
1379 592 1582 627 Alexander,
1604 592 1794 631 episcopus,
1818 602 1933 622 servus
1959 602 2130 622 servornm
2153 593 2232 629 Dei,
2256 592 2309 622 di-

1300 658 1312 671 »
1338 645 1422 675 lecto
1438 645 1507 674 titio
1524 646 1574 680 O.,
1595 646 1713 676 Sancte
1731 646 1835 675 Marie
1852 645 1886 674 in
1910 646 1972 674 Via
1991 645 2056 675 lata
2079 646 2217 675 diacono
2239 654 2309 675 car·

1300 712 1312 724 >1
1338 697 1460 733 dinali,
1479 697 1665 728 salutemet
1682 698 1895 736 apostolicam
1912 698 2190 728 benedictionem.
2208 697 2311 729 Cons-

1301 764 1313 777 »
1339 751 1456 780 titutus
1492 751 1525 780 in
1564 751 1732 789 presentia
1763 755 1876 781 nostra
1906 751 2046 781 dilectus
2076 751 2165 781 tilius
2193 751 2309 781 Girar-

1301 817 1314 831 »
1339 804 1399 834 dus
1426 804 1463 834 de
1485 804 1705 839 Carsaniano,
1732 805 1897 843 qnondam
1923 805 2101 834 fandiiaris
2126 804 2234 834 [elicis
2257 812 2311 834 re-

1302 871 1314 884 »
1340 858 1541 887 cordationis
1569 859 1592 888 I.
1618 868 1699 896 pape
1727 859 1972 896 predecessoris
2008 858 2128 892 nostri,
2165 857 2310 887 nuncius

1303 926 1314 938 υ
1341 912 1536 941 dilectorum
1554 907 1697 941 liliorum
1715 912 1888 941 bominum
1903 912 1941 941 de
1973 914 2076 949 iarga,
2095 912 2226 941 Lucane
2241 910 2308 940 dio-

1303 977 1315 991 »
1340 965 1437 994 cesis.
1455 965 1601 994 tidelinm
1615 970 1814 999 nostrorum,
1833 969 1973 1004 exparte
1988 965 2134 1003 ipsorum
2149 963 2309 999 fidelium,

1304 1032 1316 1044 »
1343 1018 1438 1047 nobis
1456 1018 1628 1047 humiliter
1649 1018 1858 1056 supplicavit,
1878 1023 1924 1047 ut.
1942 1028 2015 1047 cuin
2034 1017 2190 1055 predictis
2206 1017 2310 1046 homi-

1304 1083 1316 1097 »
1342 1071 1441 1100 nibus
1464 1071 1563 1099 nimis
1585 1071 1627 1100 sit
1651 1070 1853 1100 laboriosum
1878 1075 1907 1100 et
1931 1080 2029 1107 grave
2054 1070 2093 1099 ad
2119 1069 2247 1108 plebem
2271 1069 2312 1099 de

1304 1136 1316 1150 >⁷
1343 1124 1476 1162 Leppia,
1504 1134 1566 1162 quc
1596 1133 1660 1153 non
1684 1124 1850 1153 modicum
1874 1124 1973 1153 distat
2001 1123 2040 1152 ab
2063 1123 2130 1154 eis.
2156 1121 2311 1161 parvulos

1305 1190 1317 1204 »
1343 1177 1555 1216 baptizandos
1572 1177 1712 1212 deferre,
1731 1177 1903 1215 providere
1923 1177 1956 1206 in
1975 1177 2034 1206 hac
2053 1181 2143 1214 parte
2164 1176 2249 1215 'ipsis
2271 1175 2313 1206 de

1305 1243 1317 1257 n
1342 1230 1547 1267 benignitate
1559 1230 1655 1259 solita
1668 1239 1872 1260 curaremus.
1889 1231 1957 1259 Nos
1972 1230 2085 1266 igitur.
2103 1229 2312 1259 attendentes

1306 1297 1317 1310 »
1343 1288 1432 1320 grata
1452 1283 1623 1322 obsequia,
1641 1284 1762 1322 quibus
1780 1283 1866 1313 idem
1883 1283 2044 1313 Girardus
2062 1283 2095 1312 in
2113 1282 2218 1312 oculis
2237 1291 2313 1321 pre-

1305 1350 1318 1364 »
1343 1337 1528 1367 decessoris
1548 1337 1695 1375 ejusdem
1717 1346 1751 1366 se
1773 1337 1916 1366 reddidit
1938 1336 2167 1374 multipliciter
2189 1335 2314 1373 gratio-

1305 1403 1318 1417 »
1344 1399 1436 1424 sum,
1465 1398 1524 1419 nec
1548 1398 1611 1419 non
1632 1394 1661 1419 et
1681 1389 1882 1419 laudabilem
1907 1389 1992 1428 apud
2016 1389 2132 1419 ‘St—dem
2155 1387 2313 1427 apostoli-

1305 1456 1317 1470 „
1343 1453 1413 1473 cam
1437 1444 1722 1472 conversationem
1746 1443 1869 1481 ipsius,
1893 1452 1929 1472 ac
1958 1442 2105 1471 volentes
2133 1442 2174 1471 ob
2202 1442 2311 1480 ipsum

1306 1509 1318 1523 n
1344 1496 1508 1535 predictos
1526 1496 1678 1526 homines
1696 1495 1834 1534 speciali
1852 1495 2008 1534 prosequi
2022 1495 2127 1532 gratia
2141 1499 2171 1524 et
2188 1495 2312 1530 favore,

1306 1563 1318 1576 η
1344 1550 1490 1589 ejusdem
1511 1550 1549 1589 G.
1574 1558 1610 1578 ac
1627 1549 1848 1587 predictorum
1866 1548 2038 1578 hominum
2061 1547 2316 1586 supplicationi-

1307 1617 1319 1631 »
1344 1604 1406 1633 bus
1429 1603 1601 1633 inclinati.
1622 1603 1818 1632 mandamus
1838 1602 1997 1641 quatinus
2019 1601 2150 1631 dilectis
2174 1601 2254 1631 filiis
2278 1624 2312 1635 ..,

1307 1670 1319 1684 »
1345 1657 1446 1696 priori
1463 1661 1493 1687 et
1510 1656 1653 1694 capitulo
1666 1656 1804 1686 ecclesie
1817 1655 1964 1694 ejusdem
1982 1655 2043 1684 loci
2057 1655 2095 1685 dc
2113 1656 2219 1692 Barga
2232 1654 2315 1693 hap-

1307 1723 1319 1737 »
1345 1710 1494 1739 tismales
1512 1710 1619 1739 fontes
1636 1709 1831 1739 auctoritate
1855 1713 1967 1738 nostra
1985 1708 2156 1738 concedas.
2174 1708 2316 1739 Contra-

1308 1776 1320 1790 »
1346 1763 1487 1792 dictores
1504 1767 1564 1792 etc.
1583 1764 1655 1792 Dat.
1676 1763 1842 1796 Laterani,
1860 1763 1888 1791 V
1909 1761 2040 1791 kalend.
2065 1761 2156 1795 maii,
2180 1760 2316 1799 pontifi-

1308 1829 1320 1842 »
1346 1821 1438 1845 catus
1459 1816 1562 1845 nostri
1578 1824 1664 1845 anno
1681 1815 1837 1844 secundo.
1858 1828 1870 1841 n

1349 1882 1361 1894 »
1388 1870 1512 1898 llarum
1538 1869 1641 1905 igitur
1658 1869 1868 1902 auctoritate,
1888 1868 1980 1897 vohis
1998 1872 2026 1897 et
2047 1867 2184 1897 ecclesie
2206 1871 2316 1897 vestre

1308 1936 1320 1948 n
1346 1922 1509 1960 predicte,
1531 1931 1611 1960 que,
1631 1922 1716 1951 sicut
1734 1921 1829 1950 nobis
1847 1921 2035 1955 constituit,
2054 1930 2111 1959 per
2130 1929 2233 1949 unum
2251 1919 2316 1949 mi·-

1308 1987 1320 2001 »
1346 1974 1428 2004 liare
1455 1974 1555 2003 distat
1581 1984 1597 2003 a
1623 1973 1717 2012 plebe
1739 1973 1903 2011 predicta,
1929 1973 1962 2001 in
1988 1976 2182 2011 perpetuum
2205 1972 2316 2002 sontes

1309 2040 1321 2054 »
1347 2027 1559 2057 concedimus
1576 2027 1810 2065 lmptismaleS,
1830 2031 1864 2056 ut
1883 2026 2007 2056 ibidem
2032 2026 2125 2064 pueri
2141 2025 2316 2055 hominum

1309 2093 1321 2107 ›>
1347 2080 1385 2111 de
1413 2081 1519 2117 Bai-ga
1538 2080 1576 2110 de
1595 2084 1703 2110 cetero
1727 2079 1946 2118 baptizentur.
1970 2080 2007 2109 In
2031 2079 2126 2118 cujus
2150 2078 2200 2109 rei
2221 2077 2318 2108 testi-

1309 2146 1321 2160 »
1346 2133 1512 2168 monium,
1537 2142 1673 2171 presens
1693 2133 1853 2171 scriptum
1877 2132 2046 2170 publicum
2065 2131 2136 2162 fieri
2157 2135 2187 2162 et
2204 2135 2317 2161 nostro

1309 2199 1322 2213 »
1348 2186 1458 2224 sigillo
1474 2186 1706 2216 mandavimus
1721 2185 1932 2215 communiri.
1948 2186 2066 2215 Actum
2083 2185 2118 2214 in
2132 2185 2227 2215 domo
2242 2183 2319 2214 hos-

1309 2252 1322 2267 »
1348 2240 1427 2278 picii
1446 2239 1594 2278 ejusdem
1611 2239 1737 2268 domini
1754 2238 1934 2268 cardinalis
1951 2239 2147 2269 Sanctorum
2168 2238 2320 2274 Quatuor

1310 2306 1322 2320 >1
1348 2294 1387 2324 de
1406 2293 1514 2328 Urbe,
1532 2292 1744 2332 presentibus
1763 2296 1794 2322 et
1814 2292 1938 2330 rogatis
1955 2291 2096 2322 testibus
2115 2289 2318 2321 venerabili-

1310 2359 1322 2374 »
1348 2347 1410 2376 bns
1434 2346 1469 2375 in
1489 2346 1622 2377 Christo
1641 2346 1791 2384 patribus
1808 2346 1909 2375 fratre
1926 2344 2109 2379 Gualterio,
2130 2343 2191 2374 Dei
2210 2342 2318 2381 gratia

1310 2412 1323 2427 ›>
1349 2399 1543 2434 Faventino,
1561 2404 1592 2430 ct
1609 2399 1710 2429 fratre
1727 2399 1765 2428 B.
1787 2398 1949 2429 Gaietano
1966 2397 2142 2436 episcopis,
2156 2395 2320 2434 magistro

1310 2465 1323 2480 r»
1350 2452 1491 2487 Ubaldo,
1515 2456 1545 2482 et
1561 2452 1720 2489 magistro
1740 2451 1859 2482 Ottone
1871 2450 2075 2481 vicecomite
2091 2448 2218 2479 domini
2234 2456 2319 2487 pape

1310 2518 1322 2532 n
1350 2504 1548 2544 capellanis,
1579 2509 1610 2534 et
1633 2504 1721 2534 aliis.
1746 2505 1844 2534 Anno
1871 2503 2037 2534 dominice
2070 2500 2319 2532 Incarnationis

1310 2571 1324 2586 n
1350 2559 1396 2588 ΜΟ
1413 2557 1478 2589 CC⁰
1495 2558 1584 2593 LVI,
1610 2557 1762 2588 kalendis
1782 2557 1879 2591 Maii,
1898 2557 2001 2586 XIIII
2018 2555 2215 2590 Indictione,
2235 2562 2321 2593 pon-

1311 2623 1324 2639 »
1350 2611 1496 2641 tificatus
1514 2611 1640 2641 domini
1662 2610 1843 2641 Alexandri
1859 2618 1941 2648 pape
1960 2609 2028 2639 1111
2047 2617 2134 2638 anno
2159 2606 2319 2638 secundo.

1351 2677 1364 2692 =›
1390 2665 1457 2702 Ego
1477 2664 1673 2703 Rodulphus
1696 2664 1735 2694 de
1757 2663 1859 2694 Podio
1882 2662 2009 2697 Bonizi,
2032 2660 2227 2691 auctoritate
2252 2660 2320 2690 Im-

1311 2730 1324 2744 »
1349 2717 1468 2756 periali
1498 2717 1649 2747 notarius
1670 2717 1835 2756 publicus,
1862 2715 2021 2755 predictis
2042 2714 2124 2744 actis
2145 2722 2163 2743 a
2186 2712 2323 2743 domino

1311 2782 1324 2797 n
1350 2769 1513 2800 cardinali
1531 2778 1669 2808 presens
1685 2769 1845 2803 interfui,
1864 2772 1895 2799 et
1918 2777 1956 2798 ea
1976 2767 2089 2798 omnia
2109 2766 2148 2796 de
2164 2764 2323 2795 mandato

1311 2835 1324 2850 n
1350 2823 1457 2861 ipsius
1482 2822 1600 2861 scripsi
1617 2827 1648 2853 et
1664 2821 1843 2861 publicavi.
1861 2820 1955 2850 Nulli
1976 2824 2036 2850 etc.
2067 2822 2179 2849 nostre
2199 2816 2321 2847 confir-

1311 2889 1325 2904 »
1351 2875 1510 2906 mationis
1527 2880 1588 2905 etc.
1609 2876 1682 2905 Dat..
1696 2874 1863 2910 Laterani,
1877 2874 1945 2904 IIII
1962 2881 2038 2903 non.
2055 2871 2147 2907 maii,
2164 2878 2251 2901 anno
2266 2877 2324 2900 se·-

1312 2941 1325 2956 ³›
1351 2930 1469 2959 cundo.
1493 2942 1505 2956 »

2487 2638 2498 2734 -vul
