2441 3330
983 200 1206 238 PREMIERE
1228 203 1386 240 ANNEE.
2176 215 2230 245 149

141 273 258 300 nasterii
279 280 303 299 s.
323 272 399 299 Petri
419 273 453 299 de
474 272 664 303 Monasterio.
686 272 795 298 ordinis
816 279 840 298 S.
862 271 1025 302 Benedicti,
1042 273 1145 299 Niver-

141 322 240 348 nensis
255 321 388 352 diocesis,
407 329 442 347 ex
458 329 514 347 una
529 323 618 355 parte,
635 323 664 346 et
675 323 844 355 perpetuum
856 320 1033 354 capellanum
1047 329 1145 354 parro-

139 371 241 398 chialis
257 370 395 396 ecclesiae
407 378 431 397 s.
444 369 520 395 Petri
538 369 572 395 de
588 369 764 395 Monasterio
780 368 833 394 loci
850 368 979 401 ejusdcm
997 376 1031 394 ex
1048 369 1144 401 altera,

140 427 228 454 super
243 419 414 453 quibusdam
432 418 592 444 redditibus
611 421 638 443 et
659 417 846 451 proventibus
861 416 990 450 ejusdem
1007 417 1146 442 ecclesiae

139 468 174 494 de
189 475 312 494 assensu
329 467 471 501 Radulphi
483 466 674 492 Nivernensis
690 465 817 500 episcopi
834 473 907 490 anno
920 464 1146 490 MCCXXXIVu

140 517 243 543 factam
258 516 418 542 confirmat.
436 515 520 548 (Rae.
536 514 580 547 ζ24,
598 523 623 540 c.
641 514 701 545 419,
718 514 738 541 f.
756 514 816 546 59v;
837 513 981 540 ΡοττΗΑετ
1000 513 1106 545 15891.)

182 624 194 637 «
216 634 253 646 ..‚
276 612 394 649 priori,
416 634 451 645 ..‚
470 611 594 640 sacriste
616 615 641 638 et
663 610 827 638 conventui
849 610 1029 638 monasterii
1048 610 1147 637 sancti

140 665 222 694 Petri
242 664 275 693 de
289 665 485 698 Morzasterio,
505 663 623 692 ordinis
646 663 745 691 sancti
760 662 927 693 Benedicti.
950 662 1147 690 Nivernensis

141 719 275 747 diocesis.
293 718 339 747 Ea
355 726 418 755 que
433 716 559 755 judicio
573 733 621 744 —.
639 716 712 745 Dat.
730 714 884 753 Neapoli,
903 715 972 744 IIII
986 714 1146 744 kalendas

135 771 235 810 junii‚
254 779 340 800 anno
358 769 474 807 primo.
494 781 507 795 n

209 927 299 955 510

173 990 317 1023 Episcopo
342 988 470 1015 Eduensi
495 988 610 1022 pallium
641 987 720 1014 ducit
748 986 965 1017 destinandum,
991 995 1007 1013 a
1032 986 1146 1013 nunciis

138 1039 268 1073 episcopi
286 1037 371 1063 Petro
387 1037 590 1063 archidiacono
610 1036 737 1062 Eduensi
750 1040 778 1062 et
795 1035 943 1070 Haymone
963 1039 1073 1062 rectore
1096 1043 1145 1062 ec-

139 1086 244 1113 clesiae
267 1086 302 1112 de
325 1086 446 1112 Susseio
469 1085 613 1111 Eduensis
636 1085 762 1111 diocesis
789 1084 975 1118 postulatum.
996 1084 1080 1118 (Rae.
1099 1084 1143 1115 24,

139 1144 164 1162 c.
182 1135 242 1166 4⁶20,
259 1135 278 1162 f.
296 1135 350 1167 50.)

744 925 869 960 Capoue,
885 925 898 951 4
913 925 976 959 juin
996 924 1073 951 1255.

181 1243 193 1257 κ
217 1253 253 1265 ..,
271 1231 404 1267 episcopo
420 1230 563 1258 Eduensi.
582 1229 665 1259 Cum
683 1228 827 1266 palleum
843 1228 976 1266 insigne
992 1227 1147 1258 videlicet

138 1282 338 1321 pontificalis
361 1282 461 1312 officii
482 1291 520 1312 ex
541 1285 634 1320 parte
656 1286 712 1311 tua
730 1281 849 1311 fuisset
867 1290 885 1311 a
908 1281 1003 1311 nohis
1020 1289 1078 1319 per
1095 1280 1146 1310 di-

138 1335 239 1366 lectos
257 1334 343 1364 filios
360 1335 495 1364 Petrum
512 1333 783 1364 archidiaconum
802 1334 990 1363 Eduensem
1007 1337 1038 1363 et
1053 1334 1145 1371 Hay-

138 1396 269 1417 monem
286 1390 448 1417 rectorem
464 1386 602 1416 ecclesie
625 1386 663 1416 de
684 1386 833 1421 81155610,
853 1385 1017 1415 Eduensis
1035 1385 1160 1415 dioceae

137 1440 196 1475 sis,
205 1439 344 1470 nuncios
356 1443 440 1474 tuos,
450 1447 523 1468 cum
536 1447 573 1468 ea
582 1447 647 1477 qua
658 1438 750 1468 decet
760 1438 1142 1476 instantiapostulatum,

136 1501 196 1523 nos
214 1492 281 1522 tuis
306 1491 604 1530 supplicationibus
627 1491 795 1526 inclinati⁷
818 1491 928 1529 ipsum
951 1491 989 1521 de
1010 1500 1144 1529 corpore

137 1545 226 1576 beati
243 1545 334 1575 Petri
350 1548 518 1582 sumptum
540 1544 725 1574 venerabili
746 1544 842 1573 fratri
868 1548 980 1573 nostro
999 1567 1038 1579 ..‚
1056 1544 1144 1582 epis-

135 1606 214 1636 copo
237 1597 456 1635 Lingonensi,
475 1597 715 1635 assignandum
732 1596 793 1626 tibi
815 1606 873 1635 per
896 1606 971 1626 eum
989 1596 1144 1628 duximus

136 1650 382 1686 destinandum,
402 1653 438 1679 ut
455 1649 539 1680 illud
555 1649 616 1679 tibi
639 1650 787 1687 assignet
800 1649 861 1679 sub
877 1650 984 1679 forma
1000 1659 1100 1688 quam
1114 1650 1143 1680 ei

136 1703 197 1734 sub
214 1703 306 1733 bulla
324 1707 437 1732 nostra
451 1703 616 1732 mittimus
631 1703 848 1733 interclusam
869 1707 900 1732 et
923 1712 939 1732 a
960 1707 990 1733 te
1009 1703 1144 1733 nomine

137 1761 249 1787 nostro
266 1760 295 1786 et
312 1756 459 1786 Ecclesie
475 1757 624 1786 Romane
640 1756 701 1785 sub
716 1756 823 1786 forma
839 1765 937 1795 quam
954 1756 1015 1786 sub
1030 1757 1145 1787 eadem

136 1809 227 1839 bulla
245 1809 421 1847 dirigimus
437 1809 608 1839 fidelitatis
623 1809 761 1847 recipiat
774 1809 1012 1848 juramentum.
1025 1811 1073 1840 Tu
1090 1819 1144 1840 au-

136 1867 202 1893 tem
217 1861 274 1892 illo
290 1862 377 1891 intra
394 1866 485 1891 tuam
501 1862 676 1892 ecclesiam
689 1862 757 1892 illis
771 1862 888 1892 diebus
901 1862 1007 1892 utaris
1022 1863 1080 1901 qui
1093 1868 1144 1893 ex-

137 1914 242 1952 pressi
258 1914 293 1943 in
309 1914 415 1952 ipsius
430 1914 567 1944 ecclesie
585 1914 770 1952 privilegiis
787 1915 1010 1944 continentur.
1028 1916 1072 1946 Ut
1085 1915 1144 1953 igi-

137 1971 190 1997 tur
220 1967 352 2005 signum
385 1976 449 1997 non
475 1967 639 2005 discrepet
659 1977 677 1997 a
697 1968 838 2005 signato,
867 1968 924 1997 sed
949 1968 1036 2007 quod
1060 1968 1146 2006 gerit

137 2020 282 2050 exterius
299 2020 389 2049 intus
405 2029 517 2050 serves
529 2020 565 2049 in
580 2024 702 2052 mente,
717 2020 961 2050 fraternitatem
973 2025 1063 2051 tuam
1078 2030 1146 2051 mo-

139 2082 256 2103 nemus
282 2077 405 2102 attente
429 2076 459 2102 et
486 2072 658 2102 hortamur
681 2073 838 2111 quatinus
860 2073 1085 2103 humilitatem
1115 2078 1146 2104 et

134 2125 313 2164 justitiam,
327 2125 424 2155 dante
438 2125 579 2155 Domino
593 2125 650 2164 qui
664 2125 718 2155 dat
730 2134 869 2155 munera
881 2130 912 2155 et
924 2126 1051 2164 premia
1064 2126 1145 2156 elar-

138 2179 240 2216 gitur,
262 2186 456 2208 conservare
473 2178 607 2208 studeas
623 2187 687 2216 que
703 2187 801 2208 suum
816 2183 950 2208 servant
970 2183 1000 2208 et
1018 2188 1145 2216 promo-

138 2235 214 2261 vent
231 2235 443 2265 servatorem,
457 2234 488 2259 et
501 2230 689 2260 Eduensem
700 2230 874 2260 ecclesiam
888 2240 1042 2269 sponsam
1054 2235 1145 2261 tuam

137 2292 232 2314 cures
249 2283 401 2317 sollicite,
422 2287 554 2313 auctore
569 2283 720 2318 Domino,
736 2284 956 2322 spiritualiter
970 2287 1000 2313 et
1020 2287 1145 2321 tempo-

139 2336 253 2366 raliter
276 2340 501 2373 augmentare.
517 2337 591 2366 Dat.
608 2336 734 2374 Capue,
754 2337 786 2366 II
807 2345 912 2366 nonas
929 2336 1033 2376 junii,
1057 2345 1144 2366 anno

136 2389 253 2428 primo.
275 2401 287 2415 11

205 2547 288 2574 511

170 2607 315 2642 Episcopo
338 2607 513 2641 Lingonensi
538 2608 665 2639 mandat,
685 2612 714 2634 ut
731 2609 845 2642 pallium
863 2609 1000 2642 episcopo
1017 2608 1145 2635 Eduensi

135 2656 266 2691 assignet
284 2656 338 2682 sub
360 2656 449 2682 torma
465 2665 549 2690 quam
567 2657 592 2683 ei
610 2657 664 2683 sub
682 2657 735 2684 hac
751 2657 824 2683 bulla
842 2658 928 2683 mittit
946 2657 1143 2683 interclusam.

136 2705 219 2737 (lh-zo.
238 2705 278 2734 ’4,
296 2712 322 2731 c.
339 2704 412 2737 420²,
430 2704 449 2732 f.
466 2704 520 2738 60.)

739 2546 864 2581 Capoue,
883 2547 896 2572 4
911 2546 975 2580 juin
995 2546 1072 2572 1255.

179 2811 192 2825 ι(
220 2822 257 2834 ..‚
278 2800 411 2836 episcopo
433 2800 628 2836 Lingonensi.
652 2798 735 2829 Cum
760 2799 903 2837 palleum
928 2803 988 2829 etc.
1010 2808 1115 2838 usque
1137 2809 1144 2828 ε

139 2856 308 2890 sumptum
321 2869 367 2880 —-.
385 2852 458 2881 Dat.
476 2851 598 2890 Capue,
616 2852 648 2881 II
665 2860 769 2881 nonas
781 2852 882 2890 junii,
896 2861 982 2882 anno
998 2852 1115 2891 primo.
1131 2864 1144 2879 »

1297 276 1386 304 512
1826 279 1941 313 Naples,
1959 280 1991 307 18
2007 281 2062 306 mai
2080 281 2156 308 1255.

1261 336 1386 364 «Iohanni
1402 337 1581 370 Waleranth,
1594 341 1696 366 rectori
1710 341 1849 367 ecclesiae
1861 342 1895 367 de
1906 340 1997 372 Clent,
2011 342 2229 376 Wigorniensis

1227 384 1352 411 diocesis
1374 394 1509 418 germano
1534 386 1651 414 Roberti
1673 388 1842 415 Waleranth
1867 390 1964 417 militis
1979 391 2012 422 set
2035 391 2133 417 nuncii
2152 392 2230 425 regis

1228 431 1350 466 Angliae
1362 455 1368 466 ‚
1389 433 1631 467 dispensationem
1654 440 1683 462 ut
1702 437 1754 462 alia
1774 438 1911 464 beneficia
1927 439 2121 466 ecclesiastica
2138 447 2230 474 usque

1227 481 1262 508 ad
1285 489 1426 508 summam
1448 482 1635 510 ducentarum
1660 493 1818 511 marcarum
1843 487 2044 519 sterlingorum
2070 488 2097 513 in
2124 488 2229 523 Anglia

1229 531 1356 564 recipere
1373 530 1463 556 valeat
1483 531 1517 557 ab
1539 531 1711 563 Octaviano,
1733 541 1756 559 s.
1782 533 1886 559 Mariae
1907 535 1934 560 iu
1958 534 2010 561 Via
2030 536 2083 561 lata
2108 536 2228 562 diacono

1229 578 1379 611 cardinale,
1400 588 1433 604 ex
1451 580 1581 606 mandato
1596 581 1689 615 ipsius
1707 581 1860 607 Alexandri
1882 581 1922 607 [V
1943 584 1980 615 (ν,
1997 591 2082 615 supra
2099 590 2127 609 u⁰
2147 586 2228 617 409)

1229 633 1396 652 concessam
1413 628 1577 659 coufirmat,
1601 629 1708 654 litteras
1729 628 1875 655 Octaviani
1895 629 2012 664 Neapoli
2035 632 2061 656 1ο
2079 633 2143 658 maii
2162 633 2228 659 1255

1229 673 1309 700 datas
1330 675 1491 701 inserendo.
1514 676 1596 709 (Res.
1611 677 1655 707 24,
1671 685 1696 703 c.
1715 677 1786 707 420³,
1804 678 1823 703 f.
1842 678 1910 709 ὅθ’.)

1271 787 1284 801 «
1307 776 1444 804 Johanau'
1469 778 1652 811 Il'aleranth,
1676 780 1786 806 rectori
1808 780 1925 807 ecclesie
1945 780 1978 808 de
1997 781 2089 810 Clent.
2115 782 2229 818 111901·-

1228 829 1346 857 ‘niensis
1364 829 1498 858 diocesis.
1520 830 1626 860 Justis
1642 830 1825 867 petentium
1842 834 1902 859 etr.
1920 840 2036 869 usque:
2055 833 2227 870 complere.

1229 879 1312 910 Cum
1330 880 1448 918 igitur,
1469 881 1554 911 516111
1575 891 1612 911 ex
1632 886 1744 912 tenore
1765 886 1819 911 tue
1842 883 2011 920 petitionis
2031 884 2227 921 accepimus,

1228 932 1368 962 dilectus
1386 933 1475 963 iilius
1495 938 1606 963 noster
1624 935 1659 964 Ο.
1674 957 1680 969 ,
1699 938 1810 964 sancte
1827 936 1930 964 Μαι-16
1950 935 1983 963 111
2001 936 2064 965 Via
2079 936 2145 966 lata
2160 937 2231 966 dia-

1228 994 1331 1015 conus
1347 986 1539 1021 cardinalis,
1557 991 1665 1016 tecum
1681 987 1875 1017 auctoritate
1892 992 2001 1017 nostra
2019 989 2147 1019 duxerit
2163 989 2231 1019 dis-

1227 1039 1446 1076 pensandum,
1460 1043 1506 1074 ut,
1519 1044 1628 1077 preter
1639 1039 1813 1069 ecclesiam
1826 1040 1864 1069 de
1878 1040 1972 1070 Clent
1984 1050 2096 1070 euram
2108 1042 2230 1071 anima-

1227 1100 1302 1120 rum
1318 1091 1506 1127 habentem,
1525 1092 1590 1121 alia
1607 1092 1831 1122 ecclesiastiea
1847 1093 2008 1123 beneficia
2024 1095 2123 1124 etiam
2139 1095 2167 1124 si
2184 1095 2231 1124 eis

1229 1143 1350 1173 similis
1367 1153 1446 1174 cura
1461 1144 1634 1174 immineat
1652 1154 1756 1183 usque
1775 1146 1815 1175 ad
1833 1155 1995 1175 summam
2016 1147 2231 1177 ducentarum

1228 1204 1415 1225 marcarum
1434 1196 1684 1234 sterlingorum,
1704 1198 1732 1227 si
1749 1198 1808 1228 tibi
1828 1198 1860 1226 111
1880 1208 1980 1236 regno
1999 1200 2117 1237 Anglie
2133 1209 2231 1230 cano-

1228 1249 1302 1279 nice
1322 1250 1514 1285 offerantur⁷
1532 1251 1639 1288 possis
1658 1251 1761 1281 libere
1779 1252 1924 1289 recipere
1944 1262 1979 1282 ac
2002 1262 2068 1282 una
2085 1262 2158 1282 rum
2177 1263 2201 1283 ez
2217 1271 2230 1274 -

1228 1302 1302 1331 dem
1323 1302 1462 1332 ecclesia
1478 1312 1544 1333 non
1561 1304 1712 1333 obstante
1731 1304 1965 1334 constitutione
1983 1305 2115 1334 concilii
2132 1315 2231 1342 gene-

1226 1354 1307 1384 ralis
1330 1364 1428 1393 super
1448 1356 1509 1385 hoc
1529 1357 1635 1386 edicta
1650 1356 1754 1387 libere
1769 1358 1928 1393 retinere⁷
1946 1362 2041 1396 prout
2056 1358 2091 1387 111
2107 1359 2227 1388 litteris

1226 1406 1333 1444 ipsius
1355 1408 1533 1438 cardinalis
1554 1409 1712 1439 confectis
1731 1410 1848 1439 exinde
1868 1410 1999 1447 pls—nius
2019 1411 2225 1445 continetur;

1228 1468 1286 1489 nos
1304 1460 1369 1489 tuis
1386 1461 1512 1491 devotis
1529 1462 1825 1499 supplicationibus
1844 1463 2010 1497 inclinati,
2029 1464 2115 1502 quod
2130 1472 2228 1501 super

1227 1512 1288 1541 hoe
1305 1513 1344 1542 ab
1365 1514 1477 1543 eodem
1499 1515 1665 1545 cardinale
1678 1516 1801 1545 factum
1818 1520 1877 1551 est,
1898 1520 2005 1545 ratum
2022 1516 2181 1547 habentes
2198 1521 2230 1547 et

1227 1570 1368 1603 gratuiti,
1390 1566 1473 1596 illud
1493 1568 1687 1597 auctoritate
1711 1568 1889 1606 apostolica
1912 1570 2144 1599 confirmamus
2166 1574 2227 1600 etc.

1226 1627 1332 1656 usquc
1352 1628 1358 1647 z
1376 1620 1631 1649 communimus.
1649 1622 1809 1651 Tenorem
1825 1621 2011 1651 litterarum
2027 1622 2174 1660 ipsarum
2190 1623 2228 1651 de

1226 1672 1325 1701 verbo
1343 1672 1382 1701 ad
1399 1672 1535 1702 verbum
1552 1674 1762 1711 presentibus
1774 1674 1878 1704 inseri
1890 1674 2060 1709 facientes,
2077 1675 2134 1713 qui
2152 1675 2228 1705 talis

1226 1728 1275 1754 cst
1294 1735 1299 1753 :

1820 1782 1937 1816 Naples,
1956 1783 1993 1809 121'
2009 1783 2062 1809 mai
2080 1783 2156 1810 1255.

1269 1855 1281 1869 κ
1299 1843 1507 1879 Ottavianus‚
1520 1844 1735 1874 miseratione
1751 1844 1864 1873 divina
1880 1848 1991 1875 sancte
2008 1845 2111 1875 Marie
2122 1845 2157 1874 10
2168 1845 2231 1875 Via

1228 1906 1241 1921 n
1266 1894 1332 1924 lata
1344 1895 1502 1925 diaeonus
1517 1896 1707 1931 cardinalis,
1721 1896 1898 1935 apostolice
1910 1897 2004 1927 Sedis
2018 1897 2156 1936 legatus,
2168 1897 2230 1928 (115-

1229 1959 1242 1974 »
1268 1952 1356 1977 61610
1382 1948 1452 1978 viro
1480 1949 1627 1979 Johanni
1658 1949 1846 1985 Walerant‚
1875 1950 1994 1980 rectori
2027 1951 2164 1981 ecclesie
2193 1951 2231 1981 de

1229 2011 1242 2026 »
1267 2000 1380 2035 Clent,
1402 2002 1652 2039 VVigorniensis
1673 2002 1825 2037 diocesis⁷
1849 2011 2004 2040 germano
2025 2003 2146 2033 nobilis
2166 2004 2231 2033 viri

1229 2065 1242 2079 n
1269 2053 1405 2083 Roberti
1419 2054 1616 2084 VValeranth
1630 2054 1747 2084 militis
1759 2059 1789 2085 et
1801 2055 1915 2085 nuncii
1926 2056 2094 2093 magnifici
2106 2056 2230 2086 domini

1229 2118 1242 2132 11
1322 2106 1544 2137 illustrissimi
1565 2107 1652 2145 regis
1671 2107 1807 2146 Anglie,
1827 2108 1967 2138 salutem
1983 2108 2017 2137 in
2034 2109 2185 2139 Domino.
2202 2111 2229 2139 A

1230 2171 1242 2185 1)
1268 2159 1479 2190 sanctissimo
1496 2164 1588 2198 patre
1604 2160 1736 2190 domino
1753 2160 1939 2190 Alexandro
1952 2161 2152 2191 universalis
2169 2162 2230 2192 Ec-

1229 2223 1242 2238 »
1269 2212 1368 2242 616516
1398 2222 1526 2242 summo
1552 2213 1706 2251 pontifice
1735 2213 1863 2243 litteras
1892 2213 2076 2251 recepimus
2106 2214 2141 2243 in
2170 2213 2231 2244 hac

1229 2276 1242 2291 »
1267 2265 1373 2294 forma
1391 2275 1396 2293 :
1965 2290 1967 2293 .

1810 2317 1926 2352 Naples,
1946 2318 1978 2344 19
1993 2318 2062 2344 avril
2080 2318 2157 2345 1955.

1269 2391 1281 2404 «
1304 2379 1490 2408 Alexander
1507 2383 1568 2409 616.
1586 2379 1705 2409 dilecto
1721 2379 1789 2409 filio
1805 2379 1842 2409 Ο,
1861 2383 1972 2409 sancte
1990 2380 2094 2409 Mario
2115 2380 2149 2409 in
2169 2380 2232 2410 Via

1229 2443 1242 2457 »
1267 2430 1334 2460 lata
1350 2431 1486 2461 diacono
1503 2431 1664 2461 cardinali
1683 2436 1743 2461 etc.
1763 2432 1811 2470 (V.
1829 2441 1932 2470 supra,
1954 2436 1987 2461 0ο
2003 2432 2114 2471 409).

1270 2495 1281 2509 »
1306 2482 1464 2513 Volentes
1484 2483 1587 2520 igitur
1604 2483 1743 2521 predicti
1764 2483 1890 2513 domini
1906 2484 2098 2513 mandatum
2115 2484 2232 2522 exequi

1230 2547 1242 2561 »
1267 2540 1467 2570 reverenter,
1494 2540 1602 2566 tecum
1628 2536 1714 2574 quod
1741 2540 1850 2574 preter
1876 2536 2038 2574 prefatam
2060 2536 2232 2566 ecclesiam

1229 2600 1242 2614 »
1266 2597 1378 2618 curam
1395 2589 1582 2618 animarum
1603 2598 1765 2619 annexam
1781 2589 1959 2619 habentem
1977 2589 2041 2618 alia
2059 2589 2232 2619 ecelesias-

1230 2653 1242 2667 »
1267 2641 1331 2671 tica
1349 2640 1521 2677 beneficia,
1538 2642 1637 2671 ctiam
1654 2642 1682 2671 si
1701 2642 1736 2671 in
1753 2642 1800 2672 eis
1817 2641 1938 2671 similis
1954 2650 2032 2671 cura
2048 2642 2229 2676 immineat,

1230 2705 1242 2720 n
1268 2693 1358 2723 licite
1381 2694 1527 2731 recipere
1544 2703 1650 2732 usque
1672 2694 1712 2723 ad
1730 2702 1893 2723 summam
1912 2694 2126 2723 ducentarum
2145 2701 2233 2722 mar-

1230 2758 1243 2773 »
1269 2755 1381 2776 carum
1398 2746 1644 2784 sterlingorum,
1658 2746 1686 2776 si
1704 2746 1763 2775 tibi
1780 2746 1814 2775 in
1829 2755 1929 2783 regno
1944 2745 2061 2783 Anglie
2076 2745 2232 2775 canonice

1231 2811 1243 2825 n
1269 2800 1460 2833 oll'erantur,
1485 2802 1516 2828 et
1539 2807 1613 2827 cum
1636 2798 1783 2836 predicta
1803 2798 1943 2828 ecclesia
1964 2798 2066 2827 libere
2089 2797 2232 2827 retinere

1231 2862 1244 2877 r>
1268 2850 1390 2885 valeas,
1415 2850 1651 2880 constitutione
1677 2850 1841 2888 generalis
1867 2849 1999 2880 concilii
2023 2857 2233 2888 nequaquam
