2441 3330
174 231 210 258 76
900 228 1139 259 REGISTRES
1162 227 1469 259 D'ALEXANDRE
1492 231 1548 260 IV.

172 294 295 320 mandati
314 294 475 320 innocentii
497 293 535 320 IV
555 293 702 328 procedat,
721 294 776 328 ipsi
797 294 999 329 praecipientis
1021 298 1051 321 ut
1074 294 1182 320 Beren-

171 342 296 375 gariuni,
316 346 456 368 rectorem
474 342 503 369 S.
523 342 627 369 Felicis
643 342 677 368 de
694 342 823 377 Rabona,
841 343 867 370 in
884 343 1007 370 ecelesia
1024 343 1182 370 Barchino-

172 391 253 416 nensi
277 391 303 416 in
328 391 500 417 canonicum
526 394 554 417 et
579 391 605 417 in
632 391 747 417 fratrem
771 392 858 426 recipi
882 392 997 418 faceret.
1023 392 1107 425 (Rso.
1130 392 1180 423 ⁶24,

169 446 195 465 c.
214 438 275 470 ¹232,
291 439 310 465 s.
330 438 385 472 31.)

212 551 224 565 ιι
246 562 278 573 ..,
296 540 397 568 abbaci
412 541 514 569 sancei
530 541 638 570 Felicis
655 541 866 570 Get-undensis.
889 541 977 571 Olim
994 541 1053 571 tibi
1072 541 1181 573 felicis

169 608 217 619 —.
241 592 313 621 Dat.
332 591 482 630 Neapoli,
504 592 569 623 XII
591 592 749 622 kalendas
773 593 903 631 aprilis,
924 602 1010 623 anno
1027 594 1143 633 primo.
1166 607 1178 621 »

242 762 329 789 ‘2³28

208 823 321 850 Fratres
341 824 492 858 hospitalis
512 833 538 852 s.
559 825 685 859 Spiritus
709 826 735 852 in
761 826 846 853 Saxia
869 827 903 853 de
924 827 1002 854 Urbe
1024 828 1125 854 eximit
1146 828 1181 855 de

165 872 370 906 jurisdictione
388 876 531 899 rectorum
550 874 720 907 etjudicum
742 874 837 907 Urbis,
853 876 987 909 quamdiu
1001 884 1180 911 conqueren-

167 920 246 946 tibus
263 920 481 955 respondcbunt
497 930 591 948 coram
613 923 865 957 archipresbytero
881 932 922 950 ss.
939 924 1005 959 Cyri
1026 928 1054 951 et
1071 925 1181 952 Johan-

170 968 223 994 nis.
245 968 328 1000 (um.
349 969 395 1003 24,
416 977 442 997 0.
463 970 525 1003 ἳ33,
548 971 566 997 f.
589 971 656 1004 31'1.)

753 763 870 798 Naples,
892 766 919 791 14
938 773 1013 791 niars
1032 766 1109 793 1255.

209 1082 221 1095 <t
239 1071 382 1107 Magistro
395 1076 421 1099 et
436 1072 588 1106 fratribus
604 1073 762 1110 hospitalis
775 1075 875 1103 sancti
887 1075 1024 1112 Spiritus
1038 1077 1071 1105 in
1084 1076 1180 1105 Samia

166 1123 199 1151 <le
221 1123 301 1151 Isi-be.
322 1122 420 1158 Cum,
442 1123 528 1153 sieut
544 1124 690 1154 exhibita
708 1126 803 1155 nobis
819 1130 929 1156 vestra
941 1128 1057 1165 petitio
1073 1129 1179 1158 conti-

167 1175 281 1210 nebat,
300 1175 453 1205 nonnulli
471 1176 583 1206 elerici
607 1181 638 1207 et
660 1177 737 1207 laici
756 1187 821 1207 non
842 1183 877 1209 ut
899 1188 993 1210 suam
1013 1181 1179 1219 justitiam

166 1234 420 1266 prosespiantur,
435 1229 492 1259 sed
507 1234 542 1259 ut
559 1240 615 1259 vos
631 1231 773 1267 fatigent
791 1231 961 1263 laboribus
978 1238 1009 1264 et
1025 1235 1178 1273 expensis

167 1284 232 1310 tam
248 1281 428 1318 apostoliea
445 1292 542 1320 quam
559 1283 727 1313 ordinaria
743 1285 939 1316 auctoritate
955 1295 1064 1317 coram
1077 1292 1179 1318 recto-

166 1333 259 1362 ribus
282 1333 383 1363 Urbis
409 1338 439 1363 ct
465 1334 540 1364 aliis
563 1335 704 1366 diversis
724 1337 894 1375 judicibus
919 1348 1018 1377 super
1037 1340 1179 1371 (liversis

165 1385 313 1422 negociis
330 1395 386 1415 vos
405 1387 537 1416 trahant
550 1388 585 1417 in
600 1397 746 1424 causam,
763 1398 822 1419 nos
839 1395 946 1421 vestre
963 1392 997 1421 in
1014 1392 1075 1422 hac
1087 1397 1179 1431 parte

165 1438 271 1476 quieti
295 1438 467 1469 consulere
491 1444 628 1478 paterno
650 1442 770 1471 affectu
792 1442 958 1479 volentes,
983 1445 1178 1476 auctoritate

165 1490 258 1520 vobis
274 1492 481 1529 presentium
497 1492 724 1531 indulgemus,
743 1498 779 1524 ut
801 1504 911 1525 coram
931 1496 1057 1527 eisdem
1072 1502 1178 1527 recto-

165 1543 259 1572 ribus
282 1548 338 1574 aut
358 1544 434 1575 aliis
453 1545 623 1584 judicibus
645 1547 900 1579 ordinariisvel
926 1550 1086 1588 delegatis
1108 1560 1179 1582 res-

164 1596 308 1634 pondere
326 1597 494 1636 aliquibus
511 1599 578 1628 nisi
601 1608 700 1638 super
716 1600 785 1631 illis
806 1601 841 1630 in
857 1602 979 1640 quibus
999 1607 1048 1634 est
1068 1613 1178 1634 coram

166 1648 214 1678 eis
241 1648 282 1679 lis
313 1649 462 1687 legitime
487 1655 671 1682 contestata
699 1654 771 1691 cogi
798 1663 864 1684 non
897 1656 1033 1693 possitis
1060 1657 1176 1694 inviti,

165 1702 313 1739 quandiu
330 1711 441 1732 coram
457 1703 576 1733 dilecto
598 1704 667 1735 filio
685 1729 718 1741 ..,
740 1706 1029 1747 archipresbytero
1052 1714 1178 1740 sancto—

164 1763 238 1783 rum
263 1754 344 1793 Cyri
367 1759 397 1784 et
415 1755 580 1787 Johannis
603 1757 641 1787 de
666 1758 755 1789 Urbe
780 1761 887 1798 parati
908 1761 1002 1791 eritis
1024 1762 1063 1792 de
1083 1763 1177 1793 vobis

165 1808 446 1845 conquerentibus
463 1808 619 1840 exhibere
638 1810 770 1849 justitie
789 1813 1075 1851 complementum.
1097 1816 1177 1845 Pre-

164 1859 315 1890 sentibus
331 1864 403 1898 post
420 1861 701 1900 quinquennium.
719 1864 812 1894 Nulli
828 1869 889 1895 etc.
908 1870 1019 1897 nostre
1042 1876 1178 1898 0011005-

164 1912 269 1942 5101115
286 1917 347 1943 etc.
372 1914 445 1943 Dat.
463 1915 614 1953 Neapoli,
634 1917 666 1946 II
682 1916 757 1947 idus
774 1918 897 1954 martii,
917 1927 1004 1949 anno
1023 1920 1141 1958 primo.
1161 1932 1174 1947 1)

235 2083 323 2111 2¹78
748 2086 864 2122 Naples,
884 2088 914 2115 18
930 2096 1007 2116 mars
1026 2089 1104 2117 1255.

201 2144 305 2171 Abbati
323 2149 349 2172 et
364 2147 520 2173 conventui
543 2148 708 2174 monasterii
729 2147 836 2183 Frigidi
852 2150 972 2181 montis,
990 2150 1177 2178 Belvacensis

163 2195 289 2228 ordinis,
308 2196 452 2230 indulget,
476 2201 521 2228 ut,
539 2198 563 2223 si
587 2198 621 2224 de
647 2199 709 2225 suis
729 2200 901 2227 animalibus
922 2202 1089 2228 societatem
1109 2211 1175 2228 cuin

163 2243 226 2269 aliis
243 2245 447 2271 contrahentes
463 2254 498 2271 ex
517 2246 590 2280 ipsis
605 2247 638 2272 ad
660 2251 767 2274 certam
790 2253 898 2282 partem
915 2250 1103 2277 custodienda
1119 2255 1176 2278 tra-

162 2291 230 2318 dant
247 2293 288 2318 vel
305 2293 390 2319 etiam
409 2294 570 2325 nutrienda,
586 2295 621 2320 de
636 2296 823 2329 contingente
840 2297 1050 2331 praedictorum
1067 2300 1177 2326 anima-

163 2339 230 2365 lium
246 2341 376 2373 portione
390 2349 444 2367 non
457 2345 609 2368 teneantur
620 2343 753 2377 cuiquam
766 2343 893 2371 decimas
905 2346 1026 2372 solvere.
1038 2346 1119 2378 (Rea.
1130 2347 1174 2379 24,

163 2394 188 2412 c.
206 2388 267 2418 234,
287 2388 305 2413 f.
326 2388 389 2418 31v;
411 2388 558 2416 Por‘rffls'r
577 2391 684 2423 15747.)

206 2500 218 2513 α
239 2511 270 2522 ..,
289 2489 391 2518 abbaci
411 2495 436 2517 et
454 2492 619 2519 conventui
636 2494 816 2521 §nonasterii
834 2494 955 2531 Fri'yidz·
971 2497 1094 2531 montis,
1111 2497 1175 2526 cis-

164 2542 319 2570 terciensis
339 2543 473 2577 ordinis,
492 2544 680 2573 Betvawzsts
702 2546 835 2575 (11000313.
861 2547 1032 2585 Presignis
1048 2549 1175 2580 ordinis

163 2594 265 2623 vestri
289 2612 336 2622 —.
366 2596 439 2624 Dat.
474 2596 630 2635 Neapoli,
662 2598 722 2627 XV
746 2598 904 2629 kalendas
928 2601 1060 2639 aprilis,
1088 2612 1175 2633 anno

164 2655 279 2683 primo.
303 2659 315 2673 i)

237 2818 327 2846 280
746 2822 863 2857 Naples,
881 2824 909 2850 ‘21
931 2832 1006 2851 mars
1024 2825 1101 2852 1‘255.

200 2879 429 2914 A1·‹·biepiscopo
446 2881 656 2917 Cantuariensi,
670 2884 717 2918 qui
737 2885 901 2919 Aymerico,
915 2888 1093 2920 procuratori
1109 2896 1170 2920 suo,

1264 294 1442 321 subdiacono
1467 304 1570 331 papae,
1589 297 1694 324 rectori
1716 297 1856 324 ecciesiae
1879 306 1903 325 s.
1921 298 2068 325 Saturnini
2086 298 2276 326 Lemovicen-

1263 343 1305 369 sis
1319 342 1445 370 diocesis
1461 352 1517 370 non
1533 345 1654 372 valentis
1674 353 1709 372 ex
1727 345 1807 372 firma
1830 346 1902 372 ultra
1918 346 1946 372 X
1969 347 2056 374 libras
2072 347 2275 374 turonensium

1263 392 1424 423 aunuatim,
1442 392 1566 426 denique
1581 393 1656 427 apud
1673 393 1776 420 Sedem
1801 395 1987 428 apostolicam
2007 403 2057 430 pro
2081 395 2207 430 negotiis
2222 403 2278 422 ec-

1264 439 1368 466 clesiae
1382 439 1598 467 Cantuariensis
1622 441 1727 468 utiliter
1749 443 1952 477 promovendis
1973 443 2135 476 insistenti,
2153 442 2276 470 contulit

1263 488 1414 514 ecclesiam
1438 497 1462 516 s.
1489 488 1633 516 Laurentii
1656 483 1874 518 Cantuariensis
1893 490 2020 518 diocesis
2045 490 2074 518 X
2095 498 2208 518 marcas
2228 499 2276 518 ar-

1263 536 1342 570 genti
1364 544 1398 562 ex
1420 537 1499 563 firma
1524 538 1665 564 valentem
1690 539 1853 570 annuatim,
1871 540 2024 566 committit
2040 547 2139 566 curam
2155 539 2276 574 dispen-

1263 586 1346 612 sandi
1371 593 1437 612 curu
1464 586 1619 620 Aymerico
1648 594 1737 621 super
1762 587 1926 622 receptione
1952 589 2098 615 secundae
2120 588 2276 615 ecciesiae.

1263 633 1347 667 (Risu.
1364 634 1407 665 24,
1424 642 1449 660 e.
1466 635 1529 667 2235,
1546 634 1565 662 f.
1583 634 1649 666 31'.)
2183 673 2199 686 θ

1305 747 1318 762 «
1339 758 1374 770 ..,
1395 736 1621 774 archiepiscopo
1641 737 1871 766 Camuariensi.
1901 737 1993 767 Sicut
2019 737 2160 767 dilectus
2185 735 2277 768 filius

1263 805 1312 817 —.
1330 789 1403 818 Dat.
1426 788 1580 827 Neapoli,
1606 789 1671 820 XII
1686 789 1846 820 kalendas
1862 790 1993 829 aprilis,
2011 799 2098 820 anno
2120 790 2238 829 primo.
2259 800 2274 816 a

1334 980 1418 1010 281
1862 981 1979 1017 Naples,
1998 983 2013 1010 3
2030 991 2106 1010 mars
2123 982 2202 1010 1255.

1298 1042 1473 1069 Monasterio
1488 1043 1523 1070 de
1540 1042 1619 1070 Bona
1637 1043 1758 1078 Requie,
1775 1043 2000 1079 corisopitensis
2015 1045 2152 1076 diocesis.
2169 1045 2276 1073 confir-

1263 1095 1320 1118 mat
1340 1091 1522 1118 donationem
1546 1092 1687 1119 ecclesiae
1709 1092 1845 1119 Omnium
1866 1092 2038 1120 Sanctorum
2059 1094 2094 1120 de
2115 1093 2272 1126 Fulburne,

1263 1138 1395 1174 Elyensis
1411 1140 1546 1166 diocesis.
1561 1140 1644 1174 (Res.
1662 1141 1706 1172 ²24,
1723 1149 1750 1168 0.
1768 1141 1829 1174 ⁶236,
1847 1141 1866 1169 f.
1886 1142 1954 1175 31v.)

1304 1253 1317 1267 α
1338 1264 1370 1276 ..,
1388 1242 1489 1271 abbati
1505 1247 1530 1271 et
1546 1244 1710 1272 conventui
1728 1243 1909 1272 monasterii
1923 1244 1957 1272 cle
1971 1244 2055 1273 Bona
2070 1245 2189 1282 Requie,
2207 1244 2273 1274 cis-

1263 1295 1418 1323 terciensis
1440 1295 1574 1330 ordinis,
1599 1295 1829 1333 Corisopitensis
1856 1296 1992 1326 diocesis.
2019 1296 2102 1327 Cum
2130 1305 2148 1326 a
2174 1296 2272 1327 nobis

1262 1347 1385 1385 petitur
1401 1351 1462 1377 etc.
1486 1357 1592 1386 usque
1611 1358 1617 1377 :
1635 1348 1800 1378 effectum.
1822 1348 1906 1380 Cum
1922 1349 2050 1388 itaque,
2068 1349 2154 1380 sicut
2176 1349 2273 1380 nobis

1262 1409 1423 1439 exponere
1438 1400 1626 1436 curavistis,
1642 1400 1844 1431 venerabilis
1857 1401 1960 1431 frater
1974 1405 2086 1431 noster
2100 1424 2133 1437 ..,
2149 1400 2274 1440 Elyen-

1262 1453 1309 1483 sis
1331 1453 1520 1492 episcopus,
1545 1454 1598 1483 sui
1620 1453 1758 1492 capituli
1780 1454 1821 1484 ad
1842 1454 1876 1483 id
1897 1454 2073 1485 accedente
2093 1462 2271 1490 0011501150,

1262 1506 1437 1537 ecclesiam
1453 1506 1609 1537 Omnium
1626 1507 1824 1537 Sanctorum
1839 1507 1878 1537 de
1893 1506 2074 1543 Fulburne,
2093 1515 2152 1538 sue
2167 1507 2274 1538 dioce-

1262 1560 1324 1595 sis,
1343 1560 1383 1590 ad
1398 1559 1608 1590 collationem
1626 1569 1720 1590 suam
1739 1564 1943 1599 spectantem
1959 1560 1995 1590 in
2012 1569 2077 1599 qua
2091 1560 2147 1600 jus
2162 1564 2274 1599 patro-

1262 1617 1360 1643 natus
1376 1613 1508 1643 habetis
1523 1622 1598 1643 cum
1613 1613 1768 1643 omnibus
1778 1613 1912 1653 juribus
1929 1616 1959 1644 et
1974 1613 2188 1652 pertinentiis
2202 1613 2274 1644 suis

1261 1665 1355 1696 vobis
1379 1665 1415 1694 in
1441 1666 1589 1704 proprios
1613 1674 1696 1696 usus
1721 1666 1775 1704 pia
1796 1665 1998 1696 liberalitate
2018 1665 2220 1697 concesserit
2242 1668 2274 1696 et

1261 1718 1403 1753 donarit,
1414 1722 1510 1756 prout
1522 1718 1558 1747 in
1571 1718 1693 1749 litteris
1708 1727 1807 1757 super
1818 1718 1880 1749 hoc
1894 1718 2054 1749 confectis
2067 1718 2175 1757 ipsius
2189 1717 2273 1756 epis-

1261 1771 1334 1809 copi
1349 1770 1460 1809 sigillo
1476 1771 1617 1808 signatis
1632 1771 1765 1809 plenius
1784 1771 1907 1801 dicitur
1924 1771 2104 1806 contineri,
2122 1779 2182 1801 nos
2198 1779 2273 1801 ves-

1260 1824 1321 1853 tris
1338 1823 1638 1862 supplicationibus
1651 1823 1816 1858 inclinati,
1829 1823 1977 1854 volentes
1992 1822 2086 1854 vobis
2101 1823 2137 1852 in
2152 1822 2215 1853 hoc
2230 1822 2272 1853 ob

1260 1877 1406 1906 favorem
1416 1876 1651 1907 Cisterciensis
1664 1876 1791 1906 ordinis
1805 1876 1946 1914 gratiam
1959 1876 2068 1906 facere
2080 1875 2270 1914 specialem,

1260 1929 1347 1968 quod
1365 1928 1405 1958 ab
1424 1928 1537 1959 eodem
1559 1929 1710 1966 episcopo
1730 1929 1784 1967 pie
1806 1937 1843 1958 ac
1865 1928 2000 1967 provide
2020 1928 2145 1958 factum
2165 1931 2215 1958 est
2235 1927 2272 1958 in

1259 1981 1322 2012 hac
1348 1986 1440 2020 parte
1465 1986 1574 2011 ratum
1598 1981 1759 2012 habentes
1786 1985 1818 2012 et
1844 1985 1992 2020 gratum,
2016 1981 2050 2011 id
2075 1981 2272 2011 auctoritate

1261 2034 1441 2073 apostolica
1452 2034 1686 2065 confirmamus
1698 2038 1759 2064 etc.
1772 2043 1878 2073 usque
1889 2044 1895 2063 ε
1907 2033 2163 2064 communimus.
2176 2032 2272 2064 Nulli

1260 2091 1322 2118 etc.
1342 2092 1454 2118 nostre
1474 2087 1736 2117 confirmationis
1753 2090 1814 2117 etc.
1833 2087 1907 2117 Dat.
1924 2085 2080 2125 Neapoli,
2097 2087 2149 2117 III
2165 2094 2270 2117 nonas

1261 2140 1384 2176 martii,
1404 2149 1490 2170 anno
1505 2140 1622 2178 primo.
1642 2152 1656 2167 ³>

1331 2327 1417 2355 282
1839 2323 1955 2358 Names,
1976 2324 2007 2351 13
2025 2331 2101 2350 mars
2118 2323 2196 2350 1255.

1295 2389 1459 2415 Abbatibus
1483 2387 1518 2414 de
1543 2387 1685 2413 Evesbam
1711 2390 1739 2413 et
1761 2386 1796 2412 de
1815 2385 2032 2420 Teuckesbury,
2049 2384 2269 2420 Wigorniensis

1259 2438 1395 2468 diocesis,
1413 2440 1511 2463 notum
1528 2435 1595 2462 Facit
1611 2439 1641 2462 ut
1659 2434 1814 2462 conventui
1831 2434 1998 2461 monasterii
2013 2433 2179 2461 Glastoniae
2190 2455 2196 2465 ,
2215 2432 2270 2460 Ba-

1258 2486 1421 2513 tboniensis
1446 2485 1580 2516 diocesis,
1608 2483 1759 2511 ecclesiam
1786 2483 1904 2509 manerii
1929 2483 1995 2517 ejus
2023 2482 2058 2508 de
2084 2481 2267 2513 Domerbam,

1261 2534 1485 2561 Saresbiriensis
1501 2533 1642 2565 diocesis,
1660 2533 1688 2558 in
1709 2532 1839 2566 proprios
1857 2539 1928 2558 usus
1943 2531 2136 2563 concesserit,
2154 2533 2182 2557 et
2196 2531 2270 2564 ipsis

1259 2583 1375 2610 mandat
1395 2586 1427 2609 ut
1447 2581 1622 2617 praedictum
1644 2584 1818 2608 conventum
1842 2581 1871 2607 in
1894 2579 2111 2615 possessionem
2129 2579 2269 2606 ecclesiae

1257 2631 1395 2657 inducant
1420 2634 1447 2657 et
1472 2629 1625 2656 defendant
1649 2628 1810 2655 inductum.
1836 2628 1920 2661 (Rea.
1946 2628 1990 2661 24,
2017 2634 2043 2654 0.
2068 2627 2130 2658 237,
2157 2627 2177 2654 f.
2204 2626 2268 2661 31v3

1259 2679 1406 2706 Po'r'rflAs‘r
1425 2678 1530 2713 15738.)
1575 2718 1589 2725 κ

1301 2793 1313 2807 «
1335 2804 1367 2815 ..,
1383 2781 1417 2810 cle
1430 2782 1453 2810 E
1457 2781 1577 2810 vesham
1593 2786 1619 2810 et
1633 2803 1667 2814 ..,
1683 2780 1716 2809 (Ie
1731 2780 1920 2809 Teuckesbi=7·i
1936 2778 2154 2816 ll'iyornt'enst‘s
2168 2777 2268 2806 dioce-

1257 2835 1298 2863 sis
1316 2834 1483 2863 abbatibus.
1506 2833 1641 2863 Sincere
1661 2831 1846 2862 devotionis
1865 2831 2002 2861 affectus
2018 2847 2066 2859 —.
2087 2830 2160 2860 Dat.
2178 2829 2268 2860 Nea-

1257 2886 1336 2925 poli,
1354 2887 1404 2916 III
1420 2886 1496 2915 idus
1511 2885 1634 2919 martii,
1653 2894 1739 2915 anno
1755 2884 1871 2923 primo.
1893 2897 1905 2911 »
2227 2886 2230 2890 '
