<?xml version="1.0" encoding="UTF-8"?>
<!DOCTYPE html PUBLIC "-//W3C//DTD XHTML 1.0 Transitional//EN"
    "http://www.w3.org/TR/xhtml1/DTD/xhtml1-transitional.dtd">
<html xmlns="http://www.w3.org/1999/xhtml" xml:lang="en" lang="en">
 <head>
  <title>
</title>
<meta http-equiv="Content-Type" content="text/html;charset=utf-8" />
  <meta name='ocr-system' content='tesseract 3.04.00' />
  <meta name='ocr-capabilities' content='ocr_page ocr_carea ocr_par ocr_line ocrx_word'/>
</head>
<body>
  <div class='ocr_page' id='page_1' title='image "./lesregistresdale01cathuoft_0273.png"; bbox 0 0 2498 3325; ppageno 0'>
   <div class='ocr_carea' id='block_1_1' title="bbox 991 185 2242 238">
    <p class='ocr_par' dir='ltr' id='par_1_1' title="bbox 991 185 2242 238">
     <span class='ocr_line' id='line_1_1' title="bbox 991 185 2242 238; baseline 0.012 -16"><span class='ocrx_word' id='word_1_1' title='bbox 991 185 1215 223; x_wconf 77' lang='lat' dir='ltr'>PREMIERE</span> <span class='ocrx_word' id='word_1_2' title='bbox 1236 186 1395 226; x_wconf 76' lang='lat' dir='ltr'><strong>ANNEE.</strong></span> <span class='ocrx_word' id='word_1_3' title='bbox 2185 206 2242 238; x_wconf 83' lang='lat'>263</span> 
     </span>
    </p>
   </div>
   <div class='ocr_carea' id='block_1_2' title="bbox 138 256 1151 873">
    <p class='ocr_par' dir='ltr' id='par_1_2' title="bbox 138 256 1151 873">
     <span class='ocr_line' id='line_1_2' title="bbox 147 256 1151 293; baseline 0 -9"><span class='ocrx_word' id='word_1_4' title='bbox 147 261 226 292; x_wconf 82' lang='lat' dir='ltr'>parte</span> <span class='ocrx_word' id='word_1_5' title='bbox 241 265 298 283; x_wconf 86' lang='lat' dir='ltr'>uua</span> <span class='ocrx_word' id='word_1_6' title='bbox 313 261 341 283; x_wconf 87' lang='lat' dir='ltr'>et</span> <span class='ocrx_word' id='word_1_7' title='bbox 355 256 603 291; x_wconf 86' lang='lat' dir='ltr'>archiepiscopum</span> <span class='ocrx_word' id='word_1_8' title='bbox 619 256 811 284; x_wconf 82' lang='lat' dir='ltr'>Tuamensem</span> <span class='ocrx_word' id='word_1_9' title='bbox 827 266 861 284; x_wconf 86' lang='lat' dir='ltr'>ex</span> <span class='ocrx_word' id='word_1_10' title='bbox 875 259 963 285; x_wconf 83' lang='lat' dir='ltr'>altera</span> <span class='ocrx_word' id='word_1_11' title='bbox 978 267 1067 293; x_wconf 86' lang='lat' dir='ltr'>super</span> <span class='ocrx_word' id='word_1_12' title='bbox 1084 259 1151 292; x_wconf 89' lang='lat' dir='ltr'>jure</span> 
     </span>
     <span class='ocr_line' id='line_1_3' title="bbox 145 304 1150 341; baseline 0 -8"><span class='ocrx_word' id='word_1_13' title='bbox 145 306 293 341; x_wconf 84' lang='lat' dir='ltr'>primatiae</span> <span class='ocrx_word' id='word_1_14' title='bbox 308 313 394 339; x_wconf 82' lang='lat' dir='ltr'>quam</span> <span class='ocrx_word' id='word_1_15' title='bbox 406 305 481 332; x_wconf 89' lang='lat' dir='ltr'>idem</span> <span class='ocrx_word' id='word_1_16' title='bbox 492 304 727 340; x_wconf 83' lang='lat' dir='ltr'>archiepiscopus</span> <span class='ocrx_word' id='word_1_17' title='bbox 741 306 942 333; x_wconf 86' lang='lat' dir='ltr'>Armachanus</span> <span class='ocrx_word' id='word_1_18' title='bbox 959 307 987 332; x_wconf 90' lang='lat' dir='ltr'>in</span> <span class='ocrx_word' id='word_1_19' title='bbox 1004 307 1150 341; x_wconf 81' lang='lat' dir='ltr'>provincia</span> 
     </span>
     <span class='ocr_line' id='line_1_4' title="bbox 142 353 1150 389; baseline -0.002 -7"><span class='ocrx_word' id='word_1_20' title='bbox 142 354 300 382; x_wconf 84' lang='lat' dir='ltr'>Tuamensi</span> <span class='ocrx_word' id='word_1_21' title='bbox 315 354 420 380; x_wconf 87' lang='lat' dir='ltr'>habere</span> <span class='ocrx_word' id='word_1_22' title='bbox 436 361 467 379; x_wconf 87' lang='lat' dir='ltr'>se</span> <span class='ocrx_word' id='word_1_23' title='bbox 482 353 588 379; x_wconf 80' lang='lat' dir='ltr'>asserit</span> <span class='ocrx_word' id='word_1_24' title='bbox 603 354 772 388; x_wconf 82' lang='lat' dir='ltr'>quaestione</span> <span class='ocrx_word' id='word_1_25' title='bbox 793 354 926 389; x_wconf 82' lang='lat' dir='ltr'>suborta,</span> <span class='ocrx_word' id='word_1_26' title='bbox 944 355 982 388; x_wconf 81' lang='lat' dir='ltr'>L,</span> <span class='ocrx_word' id='word_1_27' title='bbox 999 363 1024 382; x_wconf 90' lang='lat' dir='ltr'>s.</span> <span class='ocrx_word' id='word_1_28' title='bbox 1038 354 1150 381; x_wconf 83' lang='lat' dir='ltr'>Nicolai</span> 
     </span>
     <span class='ocr_line' id='line_1_5' title="bbox 144 401 1151 438; baseline -0.001 -8"><span class='ocrx_word' id='word_1_29' title='bbox 144 404 173 430; x_wconf 87' lang='lat' dir='ltr'>in</span> <span class='ocrx_word' id='word_1_30' title='bbox 190 403 310 430; x_wconf 86' lang='lat' dir='ltr'>Carcere</span> <span class='ocrx_word' id='word_1_31' title='bbox 325 402 454 429; x_wconf 89' lang='lat' dir='ltr'>Tulliano</span> <span class='ocrx_word' id='word_1_32' title='bbox 470 401 589 428; x_wconf 88' lang='lat' dir='ltr'>diacono</span> <span class='ocrx_word' id='word_1_33' title='bbox 606 402 758 434; x_wconf 79' lang='lat' dir='ltr'>cardinale,</span> <span class='ocrx_word' id='word_1_34' title='bbox 776 402 906 429; x_wconf 85' lang='lat' dir='ltr'>auditore</span> <span class='ocrx_word' id='word_1_35' title='bbox 922 411 1071 434; x_wconf 89' lang='lat' dir='ltr'>concesso,</span> <span class='ocrx_word' id='word_1_36' title='bbox 1086 412 1151 438; x_wconf 88' lang='lat' dir='ltr'>par-</span> 
     </span>
     <span class='ocr_line' id='line_1_6' title="bbox 144 450 1150 486; baseline -0.001 -7"><span class='ocrx_word' id='word_1_37' title='bbox 144 453 224 479; x_wconf 87' lang='lat' dir='ltr'>tibus</span> <span class='ocrx_word' id='word_1_38' title='bbox 243 451 441 485; x_wconf 88' lang='lat' dir='ltr'>interrogatis,</span> <span class='ocrx_word' id='word_1_39' title='bbox 460 450 591 485; x_wconf 78' lang='lat' dir='ltr'>providet</span> <span class='ocrx_word' id='word_1_40' title='bbox 614 459 687 485; x_wconf 87' lang='lat' dir='ltr'>papa</span> <span class='ocrx_word' id='word_1_41' title='bbox 705 461 717 474; x_wconf 72' lang='lat' dir='ltr'>a</span> <span class='ocrx_word' id='word_1_42' title='bbox 742 451 818 485; x_wconf 91' lang='lat' dir='ltr'>qnod</span> <span class='ocrx_word' id='word_1_43' title='bbox 840 452 1076 486; x_wconf 81' lang='lat' dir='ltr'><strong>archiepiscopus</strong></span> <span class='ocrx_word' id='word_1_44' title='bbox 1092 452 1150 478; x_wconf 89' lang='lat' dir='ltr'>Ar-</span> 
     </span>
     <span class='ocr_line' id='line_1_7' title="bbox 144 499 1150 534; baseline -0.002 -7"><span class='ocrx_word' id='word_1_45' title='bbox 144 500 302 527; x_wconf 87' lang='lat' dir='ltr'>machanus</span> <span class='ocrx_word' id='word_1_46' title='bbox 316 504 344 525; x_wconf 84' lang='lat' dir='ltr'>et</span> <span class='ocrx_word' id='word_1_47' title='bbox 359 499 466 533; x_wconf 83' lang='lat' dir='ltr'>singuli</span> <span class='ocrx_word' id='word_1_48' title='bbox 481 499 526 525; x_wconf 90' lang='lat' dir='ltr'>sui</span> <span class='ocrx_word' id='word_1_49' title='bbox 543 507 731 525; x_wconf 74' lang='lat' dir='ltr'>successores</span> <span class='ocrx_word' id='word_1_50' title='bbox 747 500 859 534; x_wconf 82' lang='lat' dir='ltr'>possint</span> <span class='ocrx_word' id='word_1_51' title='bbox 874 507 906 526; x_wconf 88' lang='lat' dir='ltr'>se</span> <span class='ocrx_word' id='word_1_52' title='bbox 922 507 1023 526; x_wconf 85' lang='lat' dir='ltr'>vocare</span> <span class='ocrx_word' id='word_1_53' title='bbox 1041 500 1085 525; x_wconf 91' lang='lat' dir='ltr'>vel</span> <span class='ocrx_word' id='word_1_54' title='bbox 1100 508 1150 534; x_wconf 84' lang='lat' dir='ltr'>ap-</span> 
     </span>
     <span class='ocr_line' id='line_1_8' title="bbox 144 547 1149 584; baseline -0.001 -9"><span class='ocrx_word' id='word_1_55' title='bbox 144 549 249 584; x_wconf 85' lang='lat' dir='ltr'>pellare</span> <span class='ocrx_word' id='word_1_56' title='bbox 271 549 296 575; x_wconf 90' lang='lat' dir='ltr'>si</span> <span class='ocrx_word' id='word_1_57' title='bbox 321 547 463 574; x_wconf 88' lang='lat' dir='ltr'>voluerint</span> <span class='ocrx_word' id='word_1_58' title='bbox 483 547 620 582; x_wconf 85' lang='lat' dir='ltr'>primates</span> <span class='ocrx_word' id='word_1_59' title='bbox 644 547 789 582; x_wconf 78' lang='lat' dir='ltr'>provincie</span> <span class='ocrx_word' id='word_1_60' title='bbox 811 548 984 574; x_wconf 80' lang='lat' dir='ltr'>Tuamensis</span> <span class='ocrx_word' id='word_1_61' title='bbox 1004 551 1032 574; x_wconf 92' lang='lat' dir='ltr'>et</span> <span class='ocrx_word' id='word_1_62' title='bbox 1057 548 1149 574; x_wconf 84' lang='lat' dir='ltr'>facere</span> 
     </span>
     <span class='ocr_line' id='line_1_9' title="bbox 143 596 1149 631; baseline -0.001 -7"><span class='ocrx_word' id='word_1_63' title='bbox 143 597 246 624; x_wconf 84' lang='lat' dir='ltr'>deferri</span> <span class='ocrx_word' id='word_1_64' title='bbox 262 601 327 623; x_wconf 88' lang='lat' dir='ltr'>ante</span> <span class='ocrx_word' id='word_1_65' title='bbox 342 605 374 623; x_wconf 88' lang='lat' dir='ltr'>se</span> <span class='ocrx_word' id='word_1_66' title='bbox 394 604 510 622; x_wconf 85' lang='lat' dir='ltr'>crucem</span> <span class='ocrx_word' id='word_1_67' title='bbox 531 604 581 631; x_wconf 89' lang='lat' dir='ltr'>per</span> <span class='ocrx_word' id='word_1_68' title='bbox 596 599 684 622; x_wconf 90' lang='lat' dir='ltr'>totam</span> <span class='ocrx_word' id='word_1_69' title='bbox 700 597 793 631; x_wconf 83' lang='lat' dir='ltr'>ipsam</span> <span class='ocrx_word' id='word_1_70' title='bbox 814 596 1002 631; x_wconf 79' lang='lat' dir='ltr'>provinciam,</span> <span class='ocrx_word' id='word_1_71' title='bbox 1020 596 1149 631; x_wconf 88' lang='lat' dir='ltr'>quando-</span> 
     </span>
     <span class='ocr_line' id='line_1_10' title="bbox 141 645 1149 681; baseline -0.003 -7"><span class='ocrx_word' id='word_1_72' title='bbox 141 655 267 681; x_wconf 84' lang='lat' dir='ltr'>cumque</span> <span class='ocrx_word' id='word_1_73' title='bbox 282 650 310 672; x_wconf 88' lang='lat' dir='ltr'>et</span> <span class='ocrx_word' id='word_1_74' title='bbox 325 646 564 681; x_wconf 83' lang='lat' dir='ltr'>quotiescumque</span> <span class='ocrx_word' id='word_1_75' title='bbox 586 645 666 679; x_wconf 81' lang='lat' dir='ltr'>ipsos</span> <span class='ocrx_word' id='word_1_76' title='bbox 686 646 808 671; x_wconf 87' lang='lat' dir='ltr'>transire</span> <span class='ocrx_word' id='word_1_77' title='bbox 832 645 986 680; x_wconf 84' lang='lat' dir='ltr'>contigerit</span> <span class='ocrx_word' id='word_1_78' title='bbox 1011 654 1060 680; x_wconf 90' lang='lat' dir='ltr'>per</span> <span class='ocrx_word' id='word_1_79' title='bbox 1080 654 1149 672; x_wconf 81' lang='lat' dir='ltr'>ean-</span> 
     </span>
     <span class='ocr_line' id='line_1_11' title="bbox 143 693 1148 730; baseline -0.002 -8"><span class='ocrx_word' id='word_1_80' title='bbox 143 696 206 722; x_wconf 83' lang='lat' dir='ltr'>dem</span> <span class='ocrx_word' id='word_1_81' title='bbox 226 707 231 722; x_wconf 91' lang='lat'>:</span> <span class='ocrx_word' id='word_1_82' title='bbox 254 695 367 730; x_wconf 86' lang='lat' dir='ltr'>possint</span> <span class='ocrx_word' id='word_1_83' title='bbox 392 695 477 720; x_wconf 90' lang='lat' dir='ltr'>etiam</span> <span class='ocrx_word' id='word_1_84' title='bbox 507 694 612 720; x_wconf 77' lang='lat' dir='ltr'>dictam</span> <span class='ocrx_word' id='word_1_85' title='bbox 635 693 813 728; x_wconf 82' lang='lat' dir='ltr'>provinciam</span> <span class='ocrx_word' id='word_1_86' title='bbox 837 693 872 720; x_wconf 86' lang='lat' dir='ltr'>de</span> <span class='ocrx_word' id='word_1_87' title='bbox 896 695 1093 728; x_wconf 88' lang='lat' dir='ltr'>quinquennio</span> <span class='ocrx_word' id='word_1_88' title='bbox 1120 695 1148 720; x_wconf 90' lang='lat' dir='ltr'>in</span> 
     </span>
     <span class='ocr_line' id='line_1_12' title="bbox 141 742 1150 780; baseline -0.002 -9"><span class='ocrx_word' id='word_1_89' title='bbox 141 745 371 780; x_wconf 86' lang='lat' dir='ltr'>quinquennium</span> <span class='ocrx_word' id='word_1_90' title='bbox 388 742 518 777; x_wconf 86' lang='lat' dir='ltr'>visitare,</span> <span class='ocrx_word' id='word_1_91' title='bbox 535 751 568 769; x_wconf 76' lang='lat' dir='ltr'>ac</span> <span class='ocrx_word' id='word_1_92' title='bbox 584 751 634 777; x_wconf 88' lang='lat' dir='ltr'>per</span> <span class='ocrx_word' id='word_1_93' title='bbox 649 742 710 768; x_wconf 88' lang='lat' dir='ltr'>XX</span> <span class='ocrx_word' id='word_1_94' title='bbox 726 745 754 769; x_wconf 84' lang='lat' dir='ltr'>et</span> <span class='ocrx_word' id='word_1_95' title='bbox 770 742 827 769; x_wconf 84' lang='lat' dir='ltr'>VII</span> <span class='ocrx_word' id='word_1_96' title='bbox 841 743 902 769; x_wconf 90' lang='lat' dir='ltr'>dies</span> <span class='ocrx_word' id='word_1_97' title='bbox 917 743 1065 770; x_wconf 79' lang='lat' dir='ltr'>dumtaxat</span> <span class='ocrx_word' id='word_1_98' title='bbox 1080 743 1150 769; x_wconf 88' lang='lat' dir='ltr'>visi-</span> 
     </span>
     <span class='ocr_line' id='line_1_13' title="bbox 142 791 1148 827; baseline -0.003 -6"><span class='ocrx_word' id='word_1_99' title='bbox 142 794 258 821; x_wconf 79' lang='lat' dir='ltr'>tationis</span> <span class='ocrx_word' id='word_1_100' title='bbox 273 792 364 819; x_wconf 88' lang='lat' dir='ltr'>officio</span> <span class='ocrx_word' id='word_1_101' title='bbox 379 791 536 824; x_wconf 76' lang='lat' dir='ltr'>immorari,</span> <span class='ocrx_word' id='word_1_102' title='bbox 552 794 609 818; x_wconf 81' lang='lat' dir='ltr'>etc.</span> <span class='ocrx_word' id='word_1_103' title='bbox 627 802 640 815; x_wconf 85' lang='lat'>»</span> <span class='ocrx_word' id='word_1_104' title='bbox 657 791 740 825; x_wconf 64' lang='lat' dir='ltr'>(Rau.</span> <span class='ocrx_word' id='word_1_105' title='bbox 757 791 801 823; x_wconf 72' lang='lat'>24,</span> <span class='ocrx_word' id='word_1_106' title='bbox 818 800 843 819; x_wconf 91' lang='lat' dir='ltr'>c.</span> <span class='ocrx_word' id='word_1_107' title='bbox 861 792 923 827; x_wconf 68' lang='lat'>71⁶2,</span> <span class='ocrx_word' id='word_1_108' title='bbox 940 792 958 818; x_wconf 86' lang='lat' dir='ltr'>f.</span> <span class='ocrx_word' id='word_1_109' title='bbox 976 792 1040 819; x_wconf 65' lang='lat'>103*</span> <span class='ocrx_word' id='word_1_110' title='bbox 1051 813 1058 824; x_wconf 91' lang='lat'>,</span> <span class='ocrx_word' id='word_1_111' title='bbox 1074 791 1148 819; x_wconf 76' lang='lat' dir='ltr'>Por-</span> 
     </span>
     <span class='ocr_line' id='line_1_14' title="bbox 138 841 350 873; baseline -0.009 -4"><span class='ocrx_word' id='word_1_112' title='bbox 138 851 227 869; x_wconf 70' lang='lat' dir='ltr'>‘rnAsr</span> <span class='ocrx_word' id='word_1_113' title='bbox 244 841 350 873; x_wconf 77' lang='lat'>16056.)</span> 
     </span>
    </p>
   </div>
   <div class='ocr_carea' id='block_1_3' title="bbox 139 955 1148 1048">
    <p class='ocr_par' dir='ltr' id='par_1_3' title="bbox 139 955 1148 1048">
     <span class='ocr_line' id='line_1_15' title="bbox 182 955 1148 994; baseline 0.002 -11"><span class='ocrx_word' id='word_1_114' title='bbox 182 969 195 983; x_wconf 64' lang='grc' dir='ltr'>(ι</span> <span class='ocrx_word' id='word_1_115' title='bbox 212 957 256 986; x_wconf 80' lang='lat' dir='ltr'>Ad</span> <span class='ocrx_word' id='word_1_116' title='bbox 267 961 448 994; x_wconf 75' lang='lat' dir='ltr'>perpetuam</span> <span class='ocrx_word' id='word_1_117' title='bbox 463 957 509 984; x_wconf 78' lang='lat' dir='ltr'>rei</span> <span class='ocrx_word' id='word_1_118' title='bbox 525 957 718 985; x_wconf 77' lang='lat' dir='ltr'>memoriam.</span> <span class='ocrx_word' id='word_1_119' title='bbox 737 955 885 985; x_wconf 74' lang='lat' dir='ltr'>Ecclesia</span> <span class='ocrx_word' id='word_1_120' title='bbox 903 956 1052 985; x_wconf 84' lang='lat' dir='ltr'>Romana</span> <span class='ocrx_word' id='word_1_121' title='bbox 1068 959 1148 985; x_wconf 84' lang='lat' dir='ltr'>tam-</span> 
     </span>
     <span class='ocr_line' id='line_1_16' title="bbox 139 1008 1144 1048; baseline -0.002 -10"><span class='ocrx_word' id='word_1_122' title='bbox 139 1018 240 1048; x_wconf 86' lang='lat' dir='ltr'>quam</span> <span class='ocrx_word' id='word_1_123' title='bbox 254 1027 303 1038; x_wconf 91' lang='lat'>—.</span> <span class='ocrx_word' id='word_1_124' title='bbox 319 1010 390 1038; x_wconf 86' lang='lat' dir='ltr'>Dat.</span> <span class='ocrx_word' id='word_1_125' title='bbox 409 1009 572 1046; x_wconf 82' lang='lat' dir='ltr'>Anagnie,</span> <span class='ocrx_word' id='word_1_126' title='bbox 589 1009 622 1038; x_wconf 95' lang='lat' dir='ltr'>II</span> <span class='ocrx_word' id='word_1_127' title='bbox 638 1008 712 1038; x_wconf 88' lang='lat' dir='ltr'>idus</span> <span class='ocrx_word' id='word_1_128' title='bbox 726 1008 880 1043; x_wconf 81' lang='lat' dir='ltr'>octobris,</span> <span class='ocrx_word' id='word_1_129' title='bbox 897 1017 984 1038; x_wconf 85' lang='lat' dir='ltr'>anno</span> <span class='ocrx_word' id='word_1_130' title='bbox 998 1008 1116 1046; x_wconf 89' lang='lat' dir='ltr'>primo.</span> <span class='ocrx_word' id='word_1_131' title='bbox 1132 1021 1144 1035; x_wconf 80' lang='lat'>»</span> 
     </span>
    </p>
   </div>
   <div class='ocr_carea' id='block_1_4' title="bbox 210 1207 298 1235">
    <p class='ocr_par' dir='ltr' id='par_1_4' title="bbox 210 1207 298 1235">
     <span class='ocr_line' id='line_1_17' title="bbox 210 1207 298 1235; baseline 0 0"><span class='ocrx_word' id='word_1_132' title='bbox 210 1207 298 1235; x_wconf 77' lang='lat'>883</span> 
     </span>
    </p>
   </div>
   <div class='ocr_carea' id='block_1_5' title="bbox 140 1268 1146 1354">
    <p class='ocr_par' dir='ltr' id='par_1_5' title="bbox 140 1268 1146 1354">
     <span class='ocr_line' id='line_1_18' title="bbox 175 1268 1146 1304; baseline 0 -8"><span class='ocrx_word' id='word_1_133' title='bbox 175 1270 214 1304; x_wconf 86' lang='grc'>1.,</span> <span class='ocrx_word' id='word_1_134' title='bbox 233 1269 482 1303; x_wconf 86' lang='lat' dir='ltr'>archiepiscopum</span> <span class='ocrx_word' id='word_1_135' title='bbox 503 1268 694 1301; x_wconf 86' lang='lat' dir='ltr'>Auxitanum,</span> <span class='ocrx_word' id='word_1_136' title='bbox 713 1269 843 1300; x_wconf 84' lang='lat' dir='ltr'>absolvit,</span> <span class='ocrx_word' id='word_1_137' title='bbox 867 1273 897 1295; x_wconf 89' lang='lat' dir='ltr'>nt</span> <span class='ocrx_word' id='word_1_138' title='bbox 920 1269 953 1295; x_wconf 86' lang='lat' dir='ltr'>ad</span> <span class='ocrx_word' id='word_1_139' title='bbox 970 1270 1146 1296; x_wconf 86' lang='lat' dir='ltr'>visitandum</span> 
     </span>
     <span class='ocr_line' id='line_1_19' title="bbox 140 1317 1074 1354; baseline -0.001 -8"><span class='ocrx_word' id='word_1_140' title='bbox 140 1319 245 1346; x_wconf 85' lang='lat' dir='ltr'>Sedem</span> <span class='ocrx_word' id='word_1_141' title='bbox 260 1318 446 1354; x_wconf 86' lang='lat' dir='ltr'>apostolicam</span> <span class='ocrx_word' id='word_1_142' title='bbox 463 1326 520 1344; x_wconf 89' lang='lat' dir='ltr'>non</span> <span class='ocrx_word' id='word_1_143' title='bbox 535 1317 662 1345; x_wconf 81' lang='lat' dir='ltr'>accedat.</span> <span class='ocrx_word' id='word_1_144' title='bbox 679 1317 763 1350; x_wconf 63' lang='lat' dir='ltr'>(Rae.</span> <span class='ocrx_word' id='word_1_145' title='bbox 780 1318 824 1352; x_wconf 69' lang='lat'>24,</span> <span class='ocrx_word' id='word_1_146' title='bbox 842 1326 868 1346; x_wconf 87' lang='lat' dir='ltr'>c.</span> <span class='ocrx_word' id='word_1_147' title='bbox 885 1318 946 1351; x_wconf 78' lang='lat'>713,</span> <span class='ocrx_word' id='word_1_148' title='bbox 964 1319 983 1346; x_wconf 87' lang='lat' dir='ltr'>f.</span> <span class='ocrx_word' id='word_1_149' title='bbox 1004 1319 1074 1352; x_wconf 80' lang='lat'>104.)</span> 
     </span>
    </p>
   </div>
   <div class='ocr_carea' id='block_1_6' title="bbox 685 1206 1074 1241">
    <p class='ocr_par' dir='ltr' id='par_1_6' title="bbox 685 1206 1074 1241">
     <span class='ocr_line' id='line_1_20' title="bbox 685 1206 1074 1241; baseline 0.005 -9"><span class='ocrx_word' id='word_1_150' title='bbox 685 1206 815 1241; x_wconf 85' lang='lat' dir='ltr'>Anagni,</span> <span class='ocrx_word' id='word_1_151' title='bbox 832 1206 846 1233; x_wconf 89' lang='lat'><strong>4</strong></span> <span class='ocrx_word' id='word_1_152' title='bbox 864 1207 980 1233; x_wconf 78' lang='lat' dir='ltr'>octobre</span> <span class='ocrx_word' id='word_1_153' title='bbox 998 1207 1074 1234; x_wconf 76' lang='lat'>1‘255.</span> 
     </span>
    </p>
   </div>
   <div class='ocr_carea' id='block_1_7' title="bbox 133 1434 1145 1736">
    <p class='ocr_par' dir='ltr' id='par_1_7' title="bbox 133 1434 1145 1736">
     <span class='ocr_line' id='line_1_21' title="bbox 180 1434 1145 1472; baseline 0.003 -12"><span class='ocrx_word' id='word_1_154' title='bbox 180 1447 193 1460; x_wconf 84' lang='lat'>«</span> <span class='ocrx_word' id='word_1_155' title='bbox 212 1435 250 1469; x_wconf 76' lang='lat' dir='ltr'>L,</span> <span class='ocrx_word' id='word_1_156' title='bbox 271 1435 495 1471; x_wconf 77' lang='lat' dir='ltr'>archiepiscopo</span> <span class='ocrx_word' id='word_1_157' title='bbox 509 1434 677 1462; x_wconf 76' lang='lat' dir='ltr'>Auaeitano.</span> <span class='ocrx_word' id='word_1_158' title='bbox 703 1434 840 1471; x_wconf 87' lang='lat' dir='ltr'>Propter</span> <span class='ocrx_word' id='word_1_159' title='bbox 864 1437 1092 1472; x_wconf 77' lang='lat' dir='ltr'>paupertatem</span> <span class='ocrx_word' id='word_1_160' title='bbox 1115 1438 1145 1463; x_wconf 89' lang='lat' dir='ltr'>et</span> 
     </span>
     <span class='ocr_line' id='line_1_22' title="bbox 136 1485 1144 1525; baseline -0.001 -9"><span class='ocrx_word' id='word_1_161' title='bbox 136 1487 266 1516; x_wconf 74' lang='lat' dir='ltr'>viarum</span> <span class='ocrx_word' id='word_1_162' title='bbox 283 1486 430 1525; x_wconf 82' lang='lat' dir='ltr'>pericula</span> <span class='ocrx_word' id='word_1_163' title='bbox 446 1485 601 1523; x_wconf 86' lang='lat' dir='ltr'>impediri</span> <span class='ocrx_word' id='word_1_164' title='bbox 620 1489 650 1516; x_wconf 87' lang='lat' dir='ltr'>te</span> <span class='ocrx_word' id='word_1_165' title='bbox 668 1485 801 1521; x_wconf 86' lang='lat' dir='ltr'>asseris,</span> <span class='ocrx_word' id='word_1_166' title='bbox 820 1486 908 1524; x_wconf 79' lang='lat' dir='ltr'>qnod</span> <span class='ocrx_word' id='word_1_167' title='bbox 923 1486 1058 1516; x_wconf 84' lang='lat' dir='ltr'>visitare</span> <span class='ocrx_word' id='word_1_168' title='bbox 1079 1495 1144 1515; x_wconf 87' lang='lat' dir='ltr'>non</span> 
     </span>
     <span class='ocr_line' id='line_1_23' title="bbox 134 1538 1144 1578; baseline -0.001 -9"><span class='ocrx_word' id='word_1_169' title='bbox 134 1544 226 1578; x_wconf 88' lang='lat' dir='ltr'>potes</span> <span class='ocrx_word' id='word_1_170' title='bbox 250 1539 368 1569; x_wconf 83' lang='lat' dir='ltr'>Sedem</span> <span class='ocrx_word' id='word_1_171' title='bbox 392 1538 618 1576; x_wconf 84' lang='lat' dir='ltr'>apostolicam,</span> <span class='ocrx_word' id='word_1_172' title='bbox 644 1542 680 1568; x_wconf 89' lang='lat' dir='ltr'>ut</span> <span class='ocrx_word' id='word_1_173' title='bbox 699 1539 834 1568; x_wconf 87' lang='lat' dir='ltr'>teneris.</span> <span class='ocrx_word' id='word_1_174' title='bbox 853 1539 921 1568; x_wconf 89' lang='lat' dir='ltr'>Nos</span> <span class='ocrx_word' id='word_1_175' title='bbox 942 1538 1065 1577; x_wconf 82' lang='lat' dir='ltr'>itaque,</span> <span class='ocrx_word' id='word_1_176' title='bbox 1089 1542 1144 1568; x_wconf 86' lang='lat' dir='ltr'>tue</span> 
     </span>
     <span class='ocr_line' id='line_1_24' title="bbox 134 1591 1144 1631; baseline -0.002 -9"><span class='ocrx_word' id='word_1_177' title='bbox 134 1592 289 1631; x_wconf 83' lang='lat' dir='ltr'>precibus</span> <span class='ocrx_word' id='word_1_178' title='bbox 307 1591 510 1622; x_wconf 75' lang='lat' dir='ltr'>sinceritatis</span> <span class='ocrx_word' id='word_1_179' title='bbox 526 1591 670 1626; x_wconf 86' lang='lat' dir='ltr'>inducti,</span> <span class='ocrx_word' id='word_1_180' title='bbox 688 1596 724 1620; x_wconf 92' lang='lat' dir='ltr'>ut</span> <span class='ocrx_word' id='word_1_181' title='bbox 747 1591 787 1620; x_wconf 85' lang='lat' dir='ltr'>ad</span> <span class='ocrx_word' id='word_1_182' title='bbox 803 1591 1007 1621; x_wconf 85' lang='lat' dir='ltr'>visitandum</span> <span class='ocrx_word' id='word_1_183' title='bbox 1023 1591 1144 1621; x_wconf 81' lang='lat' dir='ltr'>dictam</span> 
     </span>
     <span class='ocr_line' id='line_1_25' title="bbox 136 1644 1141 1679; baseline -0.003 -4"><span class='ocrx_word' id='word_1_184' title='bbox 136 1645 254 1676; x_wconf 78' lang='lat' dir='ltr'>sedem</span> <span class='ocrx_word' id='word_1_185' title='bbox 272 1654 337 1675; x_wconf 88' lang='lat' dir='ltr'>non</span> <span class='ocrx_word' id='word_1_186' title='bbox 355 1645 490 1674; x_wconf 78' lang='lat' dir='ltr'>accedas</span> <span class='ocrx_word' id='word_1_187' title='bbox 502 1644 563 1674; x_wconf 89' lang='lat' dir='ltr'>hac</span> <span class='ocrx_word' id='word_1_188' title='bbox 575 1644 656 1679; x_wconf 81' lang='lat' dir='ltr'>vice,</span> <span class='ocrx_word' id='word_1_189' title='bbox 675 1647 705 1674; x_wconf 88' lang='lat' dir='ltr'>te</span> <span class='ocrx_word' id='word_1_190' title='bbox 723 1644 876 1674; x_wconf 76' lang='lat' dir='ltr'>duximus</span> <span class='ocrx_word' id='word_1_191' title='bbox 892 1644 1141 1674; x_wconf 87' lang='lat' dir='ltr'>absolvendum.</span> 
     </span>
     <span class='ocr_line' id='line_1_26' title="bbox 133 1696 1041 1736; baseline -0.003 -9"><span class='ocrx_word' id='word_1_192' title='bbox 133 1699 204 1727; x_wconf 86' lang='lat' dir='ltr'>Dat.</span> <span class='ocrx_word' id='word_1_193' title='bbox 226 1698 388 1736; x_wconf 79' lang='lat' dir='ltr'>Anagnie,</span> <span class='ocrx_word' id='word_1_194' title='bbox 407 1698 475 1727; x_wconf 93' lang='lat' dir='ltr'>IIII</span> <span class='ocrx_word' id='word_1_195' title='bbox 491 1705 595 1726; x_wconf 90' lang='lat' dir='ltr'>nonas</span> <span class='ocrx_word' id='word_1_196' title='bbox 612 1696 766 1731; x_wconf 84' lang='lat' dir='ltr'>octobris,</span> <span class='ocrx_word' id='word_1_197' title='bbox 785 1706 871 1727; x_wconf 89' lang='lat' dir='ltr'>anno</span> <span class='ocrx_word' id='word_1_198' title='bbox 889 1697 1007 1735; x_wconf 88' lang='lat' dir='ltr'>primo.</span> <span class='ocrx_word' id='word_1_199' title='bbox 1028 1709 1041 1724; x_wconf 86' lang='lat'>»</span> 
     </span>
    </p>
   </div>
   <div class='ocr_carea' id='block_1_8' title="bbox 205 1889 293 1917">
    <p class='ocr_par' dir='ltr' id='par_1_8' title="bbox 205 1889 293 1917">
     <span class='ocr_line' id='line_1_27' title="bbox 205 1889 293 1917; baseline 0 0"><span class='ocrx_word' id='word_1_200' title='bbox 205 1889 293 1917; x_wconf 79' lang='lat'>884</span> 
     </span>
    </p>
   </div>
   <div class='ocr_carea' id='block_1_9' title="bbox 134 1950 1143 2132">
    <p class='ocr_par' dir='ltr' id='par_1_9' title="bbox 134 1950 1143 2132">
     <span class='ocr_line' id='line_1_28' title="bbox 170 1950 1143 1986; baseline 0 -9"><span class='ocrx_word' id='word_1_201' title='bbox 170 1951 312 1986; x_wconf 86' lang='lat' dir='ltr'>Episcopo</span> <span class='ocrx_word' id='word_1_202' title='bbox 330 1951 486 1977; x_wconf 86' lang='lat' dir='ltr'>Morinensi</span> <span class='ocrx_word' id='word_1_203' title='bbox 503 1951 627 1985; x_wconf 86' lang='lat' dir='ltr'>mandat,</span> <span class='ocrx_word' id='word_1_204' title='bbox 639 1950 777 1977; x_wconf 82' lang='lat' dir='ltr'>concedat</span> <span class='ocrx_word' id='word_1_205' title='bbox 789 1951 946 1985; x_wconf 86' lang='lat' dir='ltr'>guardiano</span> <span class='ocrx_word' id='word_1_206' title='bbox 963 1955 990 1977; x_wconf 89' lang='lat' dir='ltr'>et</span> <span class='ocrx_word' id='word_1_207' title='bbox 1006 1951 1143 1977; x_wconf 86' lang='lat' dir='ltr'>fratribus</span> 
     </span>
     <span class='ocr_line' id='line_1_29' title="bbox 136 1999 1142 2034; baseline 0 -8"><span class='ocrx_word' id='word_1_208' title='bbox 136 1999 278 2026; x_wconf 78' lang='lat' dir='ltr'>Minoi-um</span> <span class='ocrx_word' id='word_1_209' title='bbox 296 2001 376 2026; x_wconf 75' lang='lat' dir='ltr'>villae</span> <span class='ocrx_word' id='word_1_210' title='bbox 397 2000 431 2026; x_wconf 89' lang='lat' dir='ltr'>de</span> <span class='ocrx_word' id='word_1_211' title='bbox 451 1999 527 2034; x_wconf 79' lang='lat' dir='ltr'>Ypra</span> <span class='ocrx_word' id='word_1_212' title='bbox 548 2000 710 2026; x_wconf 80' lang='lat' dir='ltr'>facultatem</span> <span class='ocrx_word' id='word_1_213' title='bbox 735 1999 925 2025; x_wconf 84' lang='lat' dir='ltr'>transferendi</span> <span class='ocrx_word' id='word_1_214' title='bbox 942 2008 972 2026; x_wconf 87' lang='grc'>50</span> <span class='ocrx_word' id='word_1_215' title='bbox 992 2000 1025 2026; x_wconf 84' lang='lat' dir='ltr'>ad</span> <span class='ocrx_word' id='word_1_216' title='bbox 1049 2000 1142 2027; x_wconf 88' lang='lat' dir='ltr'>solum</span> 
     </span>
     <span class='ocr_line' id='line_1_30' title="bbox 135 2048 1143 2083; baseline 0 -8"><span class='ocrx_word' id='word_1_217' title='bbox 135 2049 211 2083; x_wconf 90' lang='lat' dir='ltr'>quod</span> <span class='ocrx_word' id='word_1_218' title='bbox 227 2049 332 2075; x_wconf 87' lang='lat' dir='ltr'>dicitur</span> <span class='ocrx_word' id='word_1_219' title='bbox 348 2048 416 2075; x_wconf 74' lang='lat' dir='ltr'>Belo</span> <span class='ocrx_word' id='word_1_220' title='bbox 432 2049 521 2075; x_wconf 85' lang='lat' dir='ltr'>situm</span> <span class='ocrx_word' id='word_1_221' title='bbox 538 2048 610 2075; x_wconf 88' lang='lat' dir='ltr'>infra</span> <span class='ocrx_word' id='word_1_222' title='bbox 627 2048 799 2083; x_wconf 81' lang='lat' dir='ltr'>praedictam</span> <span class='ocrx_word' id='word_1_223' title='bbox 817 2049 910 2075; x_wconf 81' lang='lat' dir='ltr'>villam</span> <span class='ocrx_word' id='word_1_224' title='bbox 928 2057 960 2075; x_wconf 88' lang='lat' dir='ltr'>ac</span> <span class='ocrx_word' id='word_1_225' title='bbox 976 2048 1143 2076; x_wconf 78' lang='lat' dir='ltr'>aedificandi</span> 
     </span>
     <span class='ocr_line' id='line_1_31' title="bbox 134 2097 991 2132; baseline 0 -8"><span class='ocrx_word' id='word_1_226' title='bbox 134 2106 222 2132; x_wconf 84' lang='lat' dir='ltr'>super</span> <span class='ocrx_word' id='word_1_227' title='bbox 237 2105 280 2124; x_wconf 88' lang='lat' dir='ltr'>eo.</span> <span class='ocrx_word' id='word_1_228' title='bbox 298 2097 381 2130; x_wconf 63' lang='lat' dir='ltr'>(Rea.</span> <span class='ocrx_word' id='word_1_229' title='bbox 402 2097 450 2131; x_wconf 70' lang='lat'>⁵34,</span> <span class='ocrx_word' id='word_1_230' title='bbox 468 2105 493 2124; x_wconf 90' lang='lat' dir='ltr'>c.</span> <span class='ocrx_word' id='word_1_231' title='bbox 511 2097 571 2128; x_wconf 85' lang='lat'>714,</span> <span class='ocrx_word' id='word_1_232' title='bbox 594 2098 612 2123; x_wconf 89' lang='lat' dir='ltr'>f.</span> <span class='ocrx_word' id='word_1_233' title='bbox 635 2097 702 2128; x_wconf 78' lang='lat'>104;</span> <span class='ocrx_word' id='word_1_234' title='bbox 723 2097 868 2124; x_wconf 69' lang='lat' dir='ltr'>Porrfflsr</span> <span class='ocrx_word' id='word_1_235' title='bbox 885 2097 991 2130; x_wconf 81' lang='lat'>16078.)</span> 
     </span>
    </p>
   </div>
   <div class='ocr_carea' id='block_1_10' title="bbox 620 1888 1070 1922">
    <p class='ocr_par' dir='ltr' id='par_1_10' title="bbox 620 1888 1070 1922">
     <span class='ocr_line' id='line_1_32' title="bbox 620 1888 1070 1922; baseline 0.002 -8"><span class='ocrx_word' id='word_1_236' title='bbox 620 1888 749 1922; x_wconf 85' lang='lat' dir='ltr'>Anagni,</span> <span class='ocrx_word' id='word_1_237' title='bbox 770 1889 807 1914; x_wconf 72' lang='lat' dir='ltr'>1er</span> <span class='ocrx_word' id='word_1_238' title='bbox 820 1888 975 1915; x_wconf 80' lang='lat' dir='ltr'>novembre</span> <span class='ocrx_word' id='word_1_239' title='bbox 993 1889 1070 1915; x_wconf 64' lang='lat'>1255.</span> 
     </span>
    </p>
   </div>
   <div class='ocr_carea' id='block_1_11' title="bbox 131 2203 1144 2886">
    <p class='ocr_par' dir='ltr' id='par_1_11' title="bbox 131 2203 1144 2675">
     <span class='ocr_line' id='line_1_33' title="bbox 176 2203 1144 2250; baseline 0.004 -11"><span class='ocrx_word' id='word_1_240' title='bbox 176 2225 188 2239; x_wconf 86' lang='lat'>«</span> <span class='ocrx_word' id='word_1_241' title='bbox 209 2236 240 2248; x_wconf 91' lang='lat'>..,</span> <span class='ocrx_word' id='word_1_242' title='bbox 260 2214 393 2250; x_wconf 82' lang='lat' dir='ltr'>episcopo</span> <span class='ocrx_word' id='word_1_243' title='bbox 408 2213 586 2242; x_wconf 59' lang='lat' dir='ltr'>florinensi.</span> <span class='ocrx_word' id='word_1_244' title='bbox 607 2213 653 2242; x_wconf 76' lang='lat' dir='ltr'>Ex</span> <span class='ocrx_word' id='word_1_245' title='bbox 669 2217 760 2250; x_wconf 81' lang='lat' dir='ltr'>parte</span> <span class='ocrx_word' id='word_1_246' title='bbox 782 2212 978 2242; x_wconf 80' lang='lat' dir='ltr'>dilectorum</span> <span class='ocrx_word' id='word_1_247' title='bbox 998 2203 1144 2243; x_wconf 51' lang='lat' dir='ltr'>&#39;filiorum</span> 
     </span>
     <span class='ocr_line' id='line_1_34' title="bbox 187 2265 1143 2304; baseline 0.002 -9.895"><span class='ocrx_word' id='word_1_248' title='bbox 187 2265 362 2303; x_wconf 78' lang='lat' dir='ltr'>guardiani</span> <span class='ocrx_word' id='word_1_249' title='bbox 379 2269 409 2295; x_wconf 86' lang='lat' dir='ltr'>et</span> <span class='ocrx_word' id='word_1_250' title='bbox 428 2266 569 2295; x_wconf 76' lang='lat' dir='ltr'>fratrum</span> <span class='ocrx_word' id='word_1_251' title='bbox 585 2266 752 2295; x_wconf 88' lang='lat' dir='ltr'>Minorum</span> <span class='ocrx_word' id='word_1_252' title='bbox 768 2265 855 2295; x_wconf 86' lang='lat' dir='ltr'>Ville</span> <span class='ocrx_word' id='word_1_253' title='bbox 872 2266 910 2295; x_wconf 91' lang='lat' dir='ltr'>de</span> <span class='ocrx_word' id='word_1_254' title='bbox 926 2267 1027 2304; x_wconf 75' lang='lat' dir='ltr'>Ypra,</span> <span class='ocrx_word' id='word_1_255' title='bbox 1046 2267 1143 2296; x_wconf 83' lang='lat' dir='ltr'>Mori-</span> 
     </span>
     <span class='ocr_line' id='line_1_35' title="bbox 133 2318 1143 2357; baseline 0.001 -10"><span class='ocrx_word' id='word_1_256' title='bbox 133 2318 248 2348; x_wconf 85' lang='lat' dir='ltr'>ncnsis</span> <span class='ocrx_word' id='word_1_257' title='bbox 262 2318 414 2352; x_wconf 79' lang='lat' dir='ltr'>diocesis,</span> <span class='ocrx_word' id='word_1_258' title='bbox 437 2318 498 2346; x_wconf 89' lang='lat' dir='ltr'>suit</span> <span class='ocrx_word' id='word_1_259' title='bbox 514 2318 718 2356; x_wconf 86' lang='lat' dir='ltr'>propositum</span> <span class='ocrx_word' id='word_1_260' title='bbox 734 2327 844 2348; x_wconf 80' lang='lat' dir='ltr'>coram</span> <span class='ocrx_word' id='word_1_261' title='bbox 864 2318 970 2353; x_wconf 81' lang='grc'><strong>001115,</strong></span> <span class='ocrx_word' id='word_1_262' title='bbox 989 2319 1076 2357; x_wconf 85' lang='lat' dir='ltr'>quod</span> <span class='ocrx_word' id='word_1_263' title='bbox 1092 2319 1143 2348; x_wconf 88' lang='lat' dir='ltr'>di-</span> 
     </span>
     <span class='ocr_line' id='line_1_36' title="bbox 132 2371 1142 2410; baseline 0 -10"><span class='ocrx_word' id='word_1_264' title='bbox 132 2371 208 2401; x_wconf 74' lang='lat' dir='ltr'>lecti</span> <span class='ocrx_word' id='word_1_265' title='bbox 231 2371 292 2400; x_wconf 85' lang='lat' dir='ltr'>filii</span> <span class='ocrx_word' id='word_1_266' title='bbox 316 2371 443 2400; x_wconf 71' lang='lat' dir='ltr'>scabini</span> <span class='ocrx_word' id='word_1_267' title='bbox 467 2375 497 2400; x_wconf 82' lang='lat' dir='ltr'>et</span> <span class='ocrx_word' id='word_1_268' title='bbox 514 2371 733 2401; x_wconf 85' lang='lat' dir='ltr'>communitas</span> <span class='ocrx_word' id='word_1_269' title='bbox 751 2371 899 2410; x_wconf 84' lang='lat' dir='ltr'>ejusdem</span> <span class='ocrx_word' id='word_1_270' title='bbox 920 2371 1009 2406; x_wconf 73' lang='lat' dir='ltr'>ville,</span> <span class='ocrx_word' id='word_1_271' title='bbox 1035 2376 1142 2401; x_wconf 86' lang='lat' dir='ltr'>atten-</span> 
     </span>
     <span class='ocr_line' id='line_1_37' title="bbox 132 2422 1142 2462; baseline 0 -9"><span class='ocrx_word' id='word_1_272' title='bbox 132 2424 247 2453; x_wconf 83' lang='lat' dir='ltr'>dentes</span> <span class='ocrx_word' id='word_1_273' title='bbox 263 2422 408 2462; x_wconf 71' lang='lat' dir='ltr'>provide.</span> <span class='ocrx_word' id='word_1_274' title='bbox 425 2424 512 2462; x_wconf 79' lang='lat' dir='ltr'>quod</span> <span class='ocrx_word' id='word_1_275' title='bbox 527 2424 605 2453; x_wconf 85' lang='lat' dir='ltr'>dicti</span> <span class='ocrx_word' id='word_1_276' title='bbox 619 2425 737 2454; x_wconf 79' lang='lat' dir='ltr'>fratres</span> <span class='ocrx_word' id='word_1_277' title='bbox 752 2424 785 2453; x_wconf 89' lang='lat' dir='ltr'>in</span> <span class='ocrx_word' id='word_1_278' title='bbox 802 2424 872 2453; x_wconf 81' lang='lat' dir='ltr'>loco</span> <span class='ocrx_word' id='word_1_279' title='bbox 890 2424 921 2453; x_wconf 90' lang='lat' dir='ltr'>in</span> <span class='ocrx_word' id='word_1_280' title='bbox 939 2434 1002 2462; x_wconf 90' lang='lat' dir='ltr'>quo</span> <span class='ocrx_word' id='word_1_281' title='bbox 1019 2424 1142 2462; x_wconf 75' lang='lat' dir='ltr'>degunt</span> 
     </span>
     <span class='ocr_line' id='line_1_38' title="bbox 133 2477 1141 2516; baseline 0.002 -11"><span class='ocrx_word' id='word_1_282' title='bbox 133 2477 172 2506; x_wconf 86' lang='lat' dir='ltr'>ad</span> <span class='ocrx_word' id='word_1_283' title='bbox 198 2486 334 2515; x_wconf 81' lang='lat' dir='ltr'>presens</span> <span class='ocrx_word' id='word_1_284' title='bbox 360 2486 434 2506; x_wconf 91' lang='lat' dir='ltr'>cum</span> <span class='ocrx_word' id='word_1_285' title='bbox 458 2486 493 2507; x_wconf 75' lang='lat' dir='ltr'>ca</span> <span class='ocrx_word' id='word_1_286' title='bbox 519 2477 749 2507; x_wconf 75' lang='lat' dir='ltr'>commoditate</span> <span class='ocrx_word' id='word_1_287' title='bbox 778 2487 842 2516; x_wconf 84' lang='lat' dir='ltr'>qua</span> <span class='ocrx_word' id='word_1_288' title='bbox 865 2478 956 2507; x_wconf 81' lang='lat' dir='ltr'>decet</span> <span class='ocrx_word' id='word_1_289' title='bbox 980 2487 1141 2515; x_wconf 75' lang='lat' dir='ltr'>pauperes</span> 
     </span>
     <span class='ocr_line' id='line_1_39' title="bbox 131 2529 1141 2568; baseline 0 -9"><span class='ocrx_word' id='word_1_290' title='bbox 131 2538 189 2568; x_wconf 89' lang='lat' dir='ltr'>pro</span> <span class='ocrx_word' id='word_1_291' title='bbox 205 2529 338 2560; x_wconf 79' lang='lat' dir='ltr'>Christo</span> <span class='ocrx_word' id='word_1_292' title='bbox 354 2529 539 2559; x_wconf 76' lang='lat' dir='ltr'>voluntarie</span> <span class='ocrx_word' id='word_1_293' title='bbox 556 2530 783 2560; x_wconf 74' lang='lat' dir='ltr'>mendicantes</span> <span class='ocrx_word' id='word_1_294' title='bbox 804 2539 868 2560; x_wconf 88' lang='lat' dir='ltr'>non</span> <span class='ocrx_word' id='word_1_295' title='bbox 885 2534 1036 2568; x_wconf 76' lang='lat' dir='ltr'>poterant</span> <span class='ocrx_word' id='word_1_296' title='bbox 1052 2539 1141 2560; x_wconf 89' lang='lat' dir='ltr'>com-</span> 
     </span>
     <span class='ocr_line' id='line_1_40' title="bbox 132 2582 1139 2621; baseline 0.002 -11"><span class='ocrx_word' id='word_1_297' title='bbox 132 2582 264 2617; x_wconf 86' lang='lat' dir='ltr'>morari,</span> <span class='ocrx_word' id='word_1_298' title='bbox 283 2583 336 2620; x_wconf 89' lang='lat' dir='ltr'>pio</span> <span class='ocrx_word' id='word_1_299' title='bbox 353 2592 451 2620; x_wconf 80' lang='lat' dir='ltr'>super</span> <span class='ocrx_word' id='word_1_300' title='bbox 463 2582 523 2612; x_wconf 86' lang='lat' dir='ltr'>boc</span> <span class='ocrx_word' id='word_1_301' title='bbox 540 2583 587 2612; x_wconf 84' lang='lat' dir='ltr'>eis</span> <span class='ocrx_word' id='word_1_302' title='bbox 605 2583 842 2621; x_wconf 77' lang='lat' dir='ltr'>compatientes</span> <span class='ocrx_word' id='word_1_303' title='bbox 860 2583 989 2619; x_wconf 79' lang='lat' dir='ltr'>affectu,</span> <span class='ocrx_word' id='word_1_304' title='bbox 1008 2583 1090 2621; x_wconf 83' lang='lat' dir='ltr'>ipsis</span> <span class='ocrx_word' id='word_1_305' title='bbox 1106 2605 1139 2619; x_wconf 77' lang='lat'>..,</span> 
     </span>
     <span class='ocr_line' id='line_1_41' title="bbox 133 2635 1142 2675; baseline 0.002 -11"><span class='ocrx_word' id='word_1_306' title='bbox 133 2635 326 2672; x_wconf 67' lang='lat' dir='ltr'>guardiano,</span> <span class='ocrx_word' id='word_1_307' title='bbox 353 2640 382 2665; x_wconf 82' lang='lat' dir='ltr'>et</span> <span class='ocrx_word' id='word_1_308' title='bbox 407 2636 566 2666; x_wconf 81' lang='lat' dir='ltr'>fratribus</span> <span class='ocrx_word' id='word_1_309' title='bbox 592 2636 755 2675; x_wconf 85' lang='lat' dir='ltr'>quoddam</span> <span class='ocrx_word' id='word_1_310' title='bbox 776 2636 883 2666; x_wconf 87' lang='lat' dir='ltr'>solum</span> <span class='ocrx_word' id='word_1_311' title='bbox 907 2637 994 2675; x_wconf 82' lang='lat' dir='ltr'>quod</span> <span class='ocrx_word' id='word_1_312' title='bbox 1020 2637 1142 2666; x_wconf 85' lang='lat' dir='ltr'>dicitur</span> 
     </span>
    </p>

    <p class='ocr_par' dir='ltr' id='par_1_12' title="bbox 132 2688 1142 2886">
     <span class='ocr_line' id='line_1_42' title="bbox 148 2688 1142 2727; baseline 0.002 -10"><span class='ocrx_word' id='word_1_313' title='bbox 148 2688 210 2718; x_wconf 66' lang='lat' dir='ltr'>{elc</span> <span class='ocrx_word' id='word_1_314' title='bbox 224 2689 325 2718; x_wconf 88' lang='lat' dir='ltr'>situm</span> <span class='ocrx_word' id='word_1_315' title='bbox 341 2689 618 2727; x_wconf 86' lang='lat' dir='ltr'>infrapredictam</span> <span class='ocrx_word' id='word_1_316' title='bbox 630 2688 754 2725; x_wconf 73' lang='lat' dir='ltr'>villam,</span> <span class='ocrx_word' id='word_1_317' title='bbox 770 2693 805 2718; x_wconf 87' lang='lat' dir='ltr'>ut</span> <span class='ocrx_word' id='word_1_318' title='bbox 818 2698 853 2719; x_wconf 86' lang='lat' dir='ltr'>se</span> <span class='ocrx_word' id='word_1_319' title='bbox 868 2690 1087 2720; x_wconf 71' lang='grc'><strong>1111051011001</strong></span> <span class='ocrx_word' id='word_1_320' title='bbox 1101 2690 1142 2719; x_wconf 86' lang='lat' dir='ltr'>ad</span> 
     </span>
     <span class='ocr_line' id='line_1_43' title="bbox 132 2740 1139 2778; baseline 0.003 -9"><span class='ocrx_word' id='word_1_321' title='bbox 132 2740 226 2776; x_wconf 85' lang='lat' dir='ltr'>illud,</span> <span class='ocrx_word' id='word_1_322' title='bbox 244 2741 362 2771; x_wconf 77' lang='lat' dir='ltr'>dilecte</span> <span class='ocrx_word' id='word_1_323' title='bbox 380 2741 413 2770; x_wconf 89' lang='lat' dir='ltr'>in</span> <span class='ocrx_word' id='word_1_324' title='bbox 432 2741 564 2772; x_wconf 77' lang='lat' dir='ltr'>Clu-isto</span> <span class='ocrx_word' id='word_1_325' title='bbox 582 2741 647 2771; x_wconf 76' lang='lat' dir='ltr'>filie</span> <span class='ocrx_word' id='word_1_326' title='bbox 664 2745 775 2771; x_wconf 83' lang='lat' dir='ltr'>nostre</span> <span class='ocrx_word' id='word_1_327' title='bbox 792 2742 915 2771; x_wconf 84' lang='lat' dir='ltr'>nobilis</span> <span class='ocrx_word' id='word_1_328' title='bbox 934 2742 1085 2772; x_wconf 81' lang='lat' dir='ltr'>mulieris</span> <span class='ocrx_word' id='word_1_329' title='bbox 1105 2764 1139 2778; x_wconf 85' lang='grc'>..,</span> 
     </span>
     <span class='ocr_line' id='line_1_44' title="bbox 134 2794 1141 2834; baseline 0.002 -12"><span class='ocrx_word' id='word_1_330' title='bbox 134 2794 303 2824; x_wconf 81' lang='lat' dir='ltr'>comitisse</span> <span class='ocrx_word' id='word_1_331' title='bbox 319 2794 484 2829; x_wconf 80' lang='lat' dir='ltr'>Flandrie,</span> <span class='ocrx_word' id='word_1_332' title='bbox 498 2804 560 2833; x_wconf 85' lang='lat' dir='ltr'>que</span> <span class='ocrx_word' id='word_1_333' title='bbox 574 2795 607 2823; x_wconf 90' lang='lat' dir='ltr'>in</span> <span class='ocrx_word' id='word_1_334' title='bbox 623 2794 769 2833; x_wconf 81' lang='lat' dir='ltr'>predicta</span> <span class='ocrx_word' id='word_1_335' title='bbox 784 2794 859 2824; x_wconf 84' lang='lat' dir='ltr'>villa</span> <span class='ocrx_word' id='word_1_336' title='bbox 872 2795 1141 2834; x_wconf 80' lang='lat' dir='ltr'>jurisdictionem</span> 
     </span>
     <span class='ocr_line' id='line_1_45' title="bbox 134 2846 1141 2886; baseline 0.001 -10"><span class='ocrx_word' id='word_1_337' title='bbox 134 2846 261 2876; x_wconf 84' lang='lat' dir='ltr'>obtinet</span> <span class='ocrx_word' id='word_1_338' title='bbox 286 2847 509 2885; x_wconf 68' lang='lat' dir='ltr'>temporalem,</span> <span class='ocrx_word' id='word_1_339' title='bbox 534 2847 573 2876; x_wconf 89' lang='lat' dir='ltr'>ad</span> <span class='ocrx_word' id='word_1_340' title='bbox 596 2847 629 2875; x_wconf 93' lang='lat' dir='ltr'>id</span> <span class='ocrx_word' id='word_1_341' title='bbox 653 2846 827 2878; x_wconf 79' lang='lat' dir='ltr'>accedente</span> <span class='ocrx_word' id='word_1_342' title='bbox 846 2857 1026 2883; x_wconf 78' lang='lat' dir='ltr'>consensu,</span> <span class='ocrx_word' id='word_1_343' title='bbox 1044 2851 1141 2886; x_wconf 87' lang='lat' dir='ltr'>prout</span> 
     </span>
    </p>
   </div>
   <div class='ocr_carea' id='block_1_12' title="bbox 1225 261 2239 1571">
    <p class='ocr_par' dir='ltr' id='par_1_13' title="bbox 1225 261 2239 1571">
     <span class='ocr_line' id='line_1_46' title="bbox 1234 261 2239 311; baseline 0.013 -22"><span class='ocrx_word' id='word_1_344' title='bbox 1234 261 1418 298; x_wconf 80' lang='lat' dir='ltr'>spectabat,</span> <span class='ocrx_word' id='word_1_345' title='bbox 1439 264 1479 292; x_wconf 87' lang='lat' dir='ltr'>ad</span> <span class='ocrx_word' id='word_1_346' title='bbox 1495 273 1549 294; x_wconf 83' lang='lat' dir='ltr'>eos</span> <span class='ocrx_word' id='word_1_347' title='bbox 1564 264 1748 296; x_wconf 75' lang='lat' dir='ltr'>liberaliter</span> <span class='ocrx_word' id='word_1_348' title='bbox 1764 273 2014 305; x_wconf 86' lang='lat' dir='ltr'>concesserunt,</span> <span class='ocrx_word' id='word_1_349' title='bbox 2033 270 2119 301; x_wconf 85' lang='grc'><strong>510111</strong></span> <span class='ocrx_word' id='word_1_350' title='bbox 2133 271 2169 301; x_wconf 90' lang='lat' dir='ltr'>in</span> <span class='ocrx_word' id='word_1_351' title='bbox 2188 272 2239 311; x_wconf 89' lang='lat' dir='ltr'>ip-</span> 
     </span>
     <span class='ocr_line' id='line_1_47' title="bbox 1233 315 2237 355; baseline 0.014 -14"><span class='ocrx_word' id='word_1_352' title='bbox 1233 321 1345 342; x_wconf 86' lang='lat' dir='ltr'>sorum</span> <span class='ocrx_word' id='word_1_353' title='bbox 1359 315 1571 346; x_wconf 88' lang='lat' dir='ltr'>scabinorum</span> <span class='ocrx_word' id='word_1_354' title='bbox 1584 321 1615 347; x_wconf 89' lang='lat' dir='ltr'>et</span> <span class='ocrx_word' id='word_1_355' title='bbox 1628 319 1874 350; x_wconf 84' lang='lat' dir='ltr'>communitatis</span> <span class='ocrx_word' id='word_1_356' title='bbox 1889 329 1925 350; x_wconf 83' lang='lat' dir='ltr'>ac</span> <span class='ocrx_word' id='word_1_357' title='bbox 1937 322 2104 353; x_wconf 85' lang='lat' dir='ltr'>comitisse</span> <span class='ocrx_word' id='word_1_358' title='bbox 2115 323 2237 355; x_wconf 89' lang='lat' dir='ltr'>litteris</span> 
     </span>
     <span class='ocr_line' id='line_1_48' title="bbox 1232 366 2238 410; baseline 0.014 -17"><span class='ocrx_word' id='word_1_359' title='bbox 1232 366 1391 396; x_wconf 84' lang='lat' dir='ltr'>confectis</span> <span class='ocrx_word' id='word_1_360' title='bbox 1411 368 1528 398; x_wconf 76' lang='lat' dir='ltr'>exinde</span> <span class='ocrx_word' id='word_1_361' title='bbox 1543 369 1674 407; x_wconf 87' lang='lat' dir='ltr'>plenius</span> <span class='ocrx_word' id='word_1_362' title='bbox 1693 372 1919 410; x_wconf 78' lang='lat' dir='ltr'>perspeximus</span> <span class='ocrx_word' id='word_1_363' title='bbox 1940 375 2115 405; x_wconf 86' lang='lat' dir='ltr'>contineri.</span> <span class='ocrx_word' id='word_1_364' title='bbox 2142 376 2238 407; x_wconf 86' lang='lat' dir='ltr'>Ideo-</span> 
     </span>
     <span class='ocr_line' id='line_1_49' title="bbox 1232 418 2237 464; baseline 0.014 -19"><span class='ocrx_word' id='word_1_365' title='bbox 1232 426 1295 454; x_wconf 91' lang='lat' dir='ltr'>que</span> <span class='ocrx_word' id='word_1_366' title='bbox 1323 418 1525 450; x_wconf 82' lang='lat' dir='ltr'>fraternitati</span> <span class='ocrx_word' id='word_1_367' title='bbox 1549 426 1602 452; x_wconf 90' lang='lat' dir='ltr'>tue</span> <span class='ocrx_word' id='word_1_368' title='bbox 1626 432 1685 460; x_wconf 90' lang='lat' dir='ltr'>per</span> <span class='ocrx_word' id='word_1_369' title='bbox 1709 423 1889 461; x_wconf 84' lang='lat' dir='ltr'>apostolica</span> <span class='ocrx_word' id='word_1_370' title='bbox 1911 426 2032 464; x_wconf 86' lang='lat' dir='ltr'>scripta</span> <span class='ocrx_word' id='word_1_371' title='bbox 2056 427 2091 456; x_wconf 90' lang='lat' dir='ltr'>in</span> <span class='ocrx_word' id='word_1_372' title='bbox 2115 429 2237 460; x_wconf 88' lang='lat' dir='ltr'>virtute</span> 
     </span>
     <span class='ocr_line' id='line_1_50' title="bbox 1232 469 2236 519; baseline 0.015 -22"><span class='ocrx_word' id='word_1_373' title='bbox 1232 469 1419 501; x_wconf 78' lang='lat' dir='ltr'>obedientie</span> <span class='ocrx_word' id='word_1_374' title='bbox 1444 472 1593 504; x_wconf 87' lang='lat' dir='ltr'>districte</span> <span class='ocrx_word' id='word_1_375' title='bbox 1608 475 1840 513; x_wconf 81' lang='lat' dir='ltr'>precipientes,</span> <span class='ocrx_word' id='word_1_376' title='bbox 1860 478 2055 509; x_wconf 86' lang='lat' dir='ltr'>mandamus</span> <span class='ocrx_word' id='word_1_377' title='bbox 2078 481 2236 519; x_wconf 85' lang='lat' dir='ltr'>quatinus</span> 
     </span>
     <span class='ocr_line' id='line_1_51' title="bbox 1231 522 2237 572; baseline 0.015 -22"><span class='ocrx_word' id='word_1_378' title='bbox 1231 522 1387 558; x_wconf 84' lang='lat' dir='ltr'>predictis</span> <span class='ocrx_word' id='word_1_379' title='bbox 1404 525 1586 561; x_wconf 51' lang='grc' dir='ltr'><strong>,ες-1101111000</strong></span> <span class='ocrx_word' id='word_1_380' title='bbox 1600 531 1630 556; x_wconf 88' lang='grc'>01</span> <span class='ocrx_word' id='word_1_381' title='bbox 1644 527 1805 558; x_wconf 80' lang='lat' dir='ltr'>fratribus</span> <span class='ocrx_word' id='word_1_382' title='bbox 1822 530 2045 561; x_wconf 84' lang='lat' dir='ltr'>transferendi</span> <span class='ocrx_word' id='word_1_383' title='bbox 2061 541 2096 562; x_wconf 88' lang='lat' dir='ltr'>se</span> <span class='ocrx_word' id='word_1_384' title='bbox 2112 534 2153 563; x_wconf 84' lang='lat' dir='ltr'>ad</span> <span class='ocrx_word' id='word_1_385' title='bbox 2166 543 2237 572; x_wconf 87' lang='lat' dir='ltr'>pre-</span> 
     </span>
     <span class='ocr_line' id='line_1_52' title="bbox 1230 573 2236 618; baseline 0.015 -16"><span class='ocrx_word' id='word_1_386' title='bbox 1230 573 1354 603; x_wconf 88' lang='lat' dir='ltr'>dictum</span> <span class='ocrx_word' id='word_1_387' title='bbox 1371 575 1478 605; x_wconf 90' lang='lat' dir='ltr'>solum</span> <span class='ocrx_word' id='word_1_388' title='bbox 1491 586 1527 606; x_wconf 84' lang='lat' dir='ltr'>ac</span> <span class='ocrx_word' id='word_1_389' title='bbox 1543 578 1719 608; x_wconf 88' lang='lat' dir='ltr'>edificandi</span> <span class='ocrx_word' id='word_1_390' title='bbox 1731 589 1829 618; x_wconf 88' lang='lat' dir='ltr'>super</span> <span class='ocrx_word' id='word_1_391' title='bbox 1841 590 1878 611; x_wconf 90' lang='lat' dir='ltr'>eo</span> <span class='ocrx_word' id='word_1_392' title='bbox 1892 586 1927 611; x_wconf 90' lang='grc'>111</span> <span class='ocrx_word' id='word_1_393' title='bbox 1943 583 2097 614; x_wconf 84' lang='lat' dir='ltr'>devotum</span> <span class='ocrx_word' id='word_1_394' title='bbox 2111 586 2236 617; x_wconf 89' lang='lat' dir='ltr'>ibidem</span> 
     </span>
     <span class='ocr_line' id='line_1_53' title="bbox 1230 625 2237 669; baseline 0.016 -16"><span class='ocrx_word' id='word_1_395' title='bbox 1230 625 1423 663; x_wconf 82' lang='lat' dir='ltr'>impendant</span> <span class='ocrx_word' id='word_1_396' title='bbox 1440 629 1580 659; x_wconf 90' lang='lat' dir='ltr'>Domino</span> <span class='ocrx_word' id='word_1_397' title='bbox 1591 631 1800 667; x_wconf 82' lang='lat' dir='ltr'>famulatum,</span> <span class='ocrx_word' id='word_1_398' title='bbox 1816 633 2008 665; x_wconf 82' lang='lat' dir='ltr'>facultatem</span> <span class='ocrx_word' id='word_1_399' title='bbox 2023 636 2164 668; x_wconf 85' lang='lat' dir='ltr'>liberam</span> <span class='ocrx_word' id='word_1_400' title='bbox 2179 648 2237 669; x_wconf 91' lang='lat' dir='ltr'>cu-</span> 
     </span>
     <span class='ocr_line' id='line_1_54' title="bbox 1226 678 2238 726; baseline 0.015 -19"><span class='ocrx_word' id='word_1_401' title='bbox 1226 678 1365 716; x_wconf 84' lang='lat' dir='ltr'>juslibet</span> <span class='ocrx_word' id='word_1_402' title='bbox 1381 682 1654 720; x_wconf 82' lang='lat' dir='ltr'>contradictione,</span> <span class='ocrx_word' id='word_1_403' title='bbox 1671 684 1884 721; x_wconf 84' lang='lat' dir='ltr'>inhibitione,</span> <span class='ocrx_word' id='word_1_404' title='bbox 1905 688 2139 726; x_wconf 80' lang='lat' dir='ltr'>appellatione,</span> <span class='ocrx_word' id='word_1_405' title='bbox 2161 693 2238 722; x_wconf 90' lang='lat' dir='ltr'>novi</span> 
     </span>
     <span class='ocr_line' id='line_1_55' title="bbox 1230 731 2236 780; baseline 0.015 -21"><span class='ocrx_word' id='word_1_406' title='bbox 1230 731 1338 768; x_wconf 89' lang='lat' dir='ltr'>operis</span> <span class='ocrx_word' id='word_1_407' title='bbox 1355 732 1608 765; x_wconf 84' lang='lat' dir='ltr'>denuntiatione</span> <span class='ocrx_word' id='word_1_408' title='bbox 1625 740 1656 765; x_wconf 90' lang='lat' dir='ltr'>et</span> <span class='ocrx_word' id='word_1_409' title='bbox 1669 736 1874 775; x_wconf 85' lang='lat' dir='ltr'>quibuslibet</span> <span class='ocrx_word' id='word_1_410' title='bbox 1886 738 1961 769; x_wconf 85' lang='lat' dir='ltr'>aliis</span> <span class='ocrx_word' id='word_1_411' title='bbox 1978 740 2236 780; x_wconf 76' lang='lat' dir='ltr'>impedimentis,</span> 
     </span>
     <span class='ocr_line' id='line_1_56' title="bbox 1230 785 2239 830; baseline 0.015 -18"><span class='ocrx_word' id='word_1_412' title='bbox 1230 792 1289 813; x_wconf 90' lang='lat' dir='ltr'>seu</span> <span class='ocrx_word' id='word_1_413' title='bbox 1312 785 1341 814; x_wconf 85' lang='lat' dir='ltr'>si</span> <span class='ocrx_word' id='word_1_414' title='bbox 1359 785 1489 816; x_wconf 85' lang='lat' dir='ltr'>dilectis</span> <span class='ocrx_word' id='word_1_415' title='bbox 1512 787 1592 818; x_wconf 79' lang='lat' dir='ltr'>filiis</span> <span class='ocrx_word' id='word_1_416' title='bbox 1622 812 1655 824; x_wconf 86' lang='lat'>..‚</span> <span class='ocrx_word' id='word_1_417' title='bbox 1681 790 1847 828; x_wconf 87' lang='lat' dir='ltr'>preposito</span> <span class='ocrx_word' id='word_1_418' title='bbox 1879 795 1910 821; x_wconf 87' lang='lat' dir='ltr'>et</span> <span class='ocrx_word' id='word_1_419' title='bbox 1934 793 2076 830; x_wconf 88' lang='lat' dir='ltr'>capitulo</span> <span class='ocrx_word' id='word_1_420' title='bbox 2100 795 2239 827; x_wconf 86' lang='lat' dir='ltr'>ecclesie</span> 
     </span>
     <span class='ocr_line' id='line_1_57' title="bbox 1230 837 2238 882; baseline 0.013 -17"><span class='ocrx_word' id='word_1_421' title='bbox 1230 837 1337 866; x_wconf 89' lang='lat' dir='ltr'>sancti</span> <span class='ocrx_word' id='word_1_422' title='bbox 1350 838 1498 875; x_wconf 87' lang='lat' dir='ltr'>Martini,</span> <span class='ocrx_word' id='word_1_423' title='bbox 1516 840 1666 880; x_wconf 86' lang='lat' dir='ltr'>ejusdem</span> <span class='ocrx_word' id='word_1_424' title='bbox 1678 842 1766 878; x_wconf 89' lang='lat' dir='ltr'>ville,</span> <span class='ocrx_word' id='word_1_425' title='bbox 1787 843 1827 872; x_wconf 89' lang='lat' dir='ltr'>ab</span> <span class='ocrx_word' id='word_1_426' title='bbox 1841 845 2021 882; x_wconf 85' lang='lat' dir='ltr'>apostolica</span> <span class='ocrx_word' id='word_1_427' title='bbox 2033 847 2115 877; x_wconf 85' lang='lat' dir='ltr'>Sede</span> <span class='ocrx_word' id='word_1_428' title='bbox 2126 848 2238 878; x_wconf 88' lang='lat' dir='ltr'>indul-</span> 
     </span>
     <span class='ocr_line' id='line_1_58' title="bbox 1231 891 2237 939; baseline 0.013 -20"><span class='ocrx_word' id='word_1_429' title='bbox 1231 893 1299 919; x_wconf 87' lang='lat' dir='ltr'>tum</span> <span class='ocrx_word' id='word_1_430' title='bbox 1315 891 1434 921; x_wconf 79' lang='lat' dir='ltr'>existat</span> <span class='ocrx_word' id='word_1_431' title='bbox 1450 893 1537 931; x_wconf 86' lang='lat' dir='ltr'>quod</span> <span class='ocrx_word' id='word_1_432' title='bbox 1559 894 1644 924; x_wconf 91' lang='lat' dir='ltr'>nulli</span> <span class='ocrx_word' id='word_1_433' title='bbox 1663 895 1813 933; x_wconf 80' lang='lat' dir='ltr'>religiosi</span> <span class='ocrx_word' id='word_1_434' title='bbox 1833 897 1922 928; x_wconf 78' lang='lat' dir='ltr'>infra</span> <span class='ocrx_word' id='word_1_435' title='bbox 1942 899 2025 929; x_wconf 87' lang='lat' dir='ltr'>fines</span> <span class='ocrx_word' id='word_1_436' title='bbox 2049 909 2106 930; x_wconf 89' lang='lat' dir='ltr'>sue</span> <span class='ocrx_word' id='word_1_437' title='bbox 2123 910 2237 939; x_wconf 85' lang='lat' dir='ltr'>parro-</span> 
     </span>
     <span class='ocr_line' id='line_1_59' title="bbox 1229 942 2236 984; baseline 0.013 -13"><span class='ocrx_word' id='word_1_438' title='bbox 1229 942 1303 972; x_wconf 87' lang='lat' dir='ltr'>chie</span> <span class='ocrx_word' id='word_1_439' title='bbox 1326 943 1478 975; x_wconf 84' lang='lat' dir='ltr'>habitare</span> <span class='ocrx_word' id='word_1_440' title='bbox 1501 946 1632 976; x_wconf 83' lang='lat' dir='ltr'>valeant</span> <span class='ocrx_word' id='word_1_441' title='bbox 1653 948 1705 978; x_wconf 90' lang='lat' dir='ltr'>vel</span> <span class='ocrx_word' id='word_1_442' title='bbox 1729 949 1904 979; x_wconf 85' lang='lat' dir='ltr'>ecclesiam</span> <span class='ocrx_word' id='word_1_443' title='bbox 1927 951 2068 982; x_wconf 85' lang='lat' dir='ltr'>fundare</span> <span class='ocrx_word' id='word_1_444' title='bbox 2090 953 2129 982; x_wconf 87' lang='lat' dir='ltr'>de</span> <span class='ocrx_word' id='word_1_445' title='bbox 2152 962 2236 984; x_wconf 90' lang='lat' dir='ltr'>novo</span> 
     </span>
     <span class='ocr_line' id='line_1_60' title="bbox 1230 997 2235 1037; baseline 0.014 -14"><span class='ocrx_word' id='word_1_446' title='bbox 1230 1003 1440 1034; x_wconf 86' lang='lat' dir='ltr'>nequaquam</span> <span class='ocrx_word' id='word_1_447' title='bbox 1462 997 1683 1036; x_wconf 81' lang='lat' dir='ltr'>obstantibus,</span> <span class='ocrx_word' id='word_1_448' title='bbox 1708 1002 1903 1033; x_wconf 85' lang='lat' dir='ltr'>auctoritate</span> <span class='ocrx_word' id='word_1_449' title='bbox 1928 1008 2041 1034; x_wconf 88' lang='lat' dir='ltr'>nostra</span> <span class='ocrx_word' id='word_1_450' title='bbox 2063 1006 2235 1037; x_wconf 83' lang='lat' dir='ltr'>concedas.</span> 
     </span>
     <span class='ocr_line' id='line_1_61' title="bbox 1229 1047 2237 1094; baseline 0.012 -17"><span class='ocrx_word' id='word_1_451' title='bbox 1229 1047 1496 1080; x_wconf 84' lang='lat' dir='ltr'>Contradictores</span> <span class='ocrx_word' id='word_1_452' title='bbox 1510 1052 1693 1082; x_wconf 90' lang='lat' dir='ltr'>monitione</span> <span class='ocrx_word' id='word_1_453' title='bbox 1706 1054 1869 1091; x_wconf 85' lang='lat' dir='ltr'>premissa</span> <span class='ocrx_word' id='word_1_454' title='bbox 1880 1064 1938 1094; x_wconf 87' lang='lat' dir='ltr'>per</span> <span class='ocrx_word' id='word_1_455' title='bbox 1951 1058 2126 1087; x_wconf 81' lang='lat' dir='ltr'>censuram</span> <span class='ocrx_word' id='word_1_456' title='bbox 2137 1059 2237 1090; x_wconf 88' lang='lat' dir='ltr'>eccle-</span> 
     </span>
     <span class='ocr_line' id='line_1_62' title="bbox 1228 1100 2236 1149; baseline 0.013 -20"><span class='ocrx_word' id='word_1_457' title='bbox 1228 1100 1399 1131; x_wconf 86' lang='lat' dir='ltr'>siasticam</span> <span class='ocrx_word' id='word_1_458' title='bbox 1415 1104 1665 1141; x_wconf 88' lang='lat' dir='ltr'>compescendo.</span> <span class='ocrx_word' id='word_1_459' title='bbox 1681 1106 1807 1136; x_wconf 87' lang='lat' dir='ltr'>Verum</span> <span class='ocrx_word' id='word_1_460' title='bbox 1820 1108 1899 1146; x_wconf 85' lang='lat' dir='ltr'>quia</span> <span class='ocrx_word' id='word_1_461' title='bbox 1915 1109 1962 1138; x_wconf 90' lang='lat' dir='ltr'>sic</span> <span class='ocrx_word' id='word_1_462' title='bbox 1982 1111 2120 1148; x_wconf 87' lang='lat' dir='ltr'>prefatis</span> <span class='ocrx_word' id='word_1_463' title='bbox 2137 1120 2236 1149; x_wconf 82' lang='lat' dir='ltr'>guar-</span> 
     </span>
     <span class='ocr_line' id='line_1_63' title="bbox 1229 1152 2235 1204; baseline 0.014 -23"><span class='ocrx_word' id='word_1_464' title='bbox 1229 1152 1327 1183; x_wconf 85' lang='lat' dir='ltr'>diano</span> <span class='ocrx_word' id='word_1_465' title='bbox 1344 1158 1375 1184; x_wconf 90' lang='lat' dir='ltr'>et</span> <span class='ocrx_word' id='word_1_466' title='bbox 1392 1155 1552 1186; x_wconf 83' lang='lat' dir='ltr'>fratribus</span> <span class='ocrx_word' id='word_1_467' title='bbox 1569 1156 1774 1189; x_wconf 89' lang='lat' dir='ltr'>intendimus</span> <span class='ocrx_word' id='word_1_468' title='bbox 1792 1160 1902 1191; x_wconf 84' lang='lat' dir='ltr'>facere</span> <span class='ocrx_word' id='word_1_469' title='bbox 1925 1163 2065 1200; x_wconf 80' lang='lat' dir='ltr'>gratiam</span> <span class='ocrx_word' id='word_1_470' title='bbox 2081 1164 2168 1202; x_wconf 85' lang='lat' dir='ltr'>quod</span> <span class='ocrx_word' id='word_1_471' title='bbox 2179 1165 2235 1204; x_wconf 86' lang='lat' dir='ltr'>jus</span> 
     </span>
     <span class='ocr_line' id='line_1_64' title="bbox 1229 1205 2236 1255; baseline 0.014 -21"><span class='ocrx_word' id='word_1_472' title='bbox 1229 1205 1366 1237; x_wconf 87' lang='lat' dir='ltr'>alterius</span> <span class='ocrx_word' id='word_1_473' title='bbox 1396 1217 1462 1238; x_wconf 90' lang='lat' dir='ltr'>non</span> <span class='ocrx_word' id='word_1_474' title='bbox 1488 1208 1636 1247; x_wconf 87' lang='lat' dir='ltr'>ledatur,</span> <span class='ocrx_word' id='word_1_475' title='bbox 1664 1212 1821 1249; x_wconf 87' lang='lat' dir='ltr'>predictis</span> <span class='ocrx_word' id='word_1_476' title='bbox 1842 1215 2008 1252; x_wconf 81' lang='lat' dir='ltr'>preposito</span> <span class='ocrx_word' id='word_1_477' title='bbox 2033 1220 2063 1246; x_wconf 88' lang='lat' dir='ltr'>et</span> <span class='ocrx_word' id='word_1_478' title='bbox 2092 1217 2236 1255; x_wconf 83' lang='lat' dir='ltr'>capitulo</span> 
     </span>
     <span class='ocr_line' id='line_1_65' title="bbox 1225 1258 2236 1305; baseline 0.011 -18"><span class='ocrx_word' id='word_1_479' title='bbox 1225 1258 1301 1296; x_wconf 84' lang='lat' dir='ltr'>jura</span> <span class='ocrx_word' id='word_1_480' title='bbox 1319 1260 1551 1297; x_wconf 84' lang='lat' dir='ltr'>parrochialia,</span> <span class='ocrx_word' id='word_1_481' title='bbox 1569 1262 1723 1294; x_wconf 79' lang='lat' dir='ltr'>videlicet</span> <span class='ocrx_word' id='word_1_482' title='bbox 1740 1265 1916 1302; x_wconf 77' lang='lat' dir='ltr'>primitias,</span> <span class='ocrx_word' id='word_1_483' title='bbox 1935 1267 2130 1305; x_wconf 85' lang='lat' dir='ltr'>oblationes,</span> <span class='ocrx_word' id='word_1_484' title='bbox 2147 1270 2236 1300; x_wconf 90' lang='lat' dir='ltr'>deci-</span> 
     </span>
     <span class='ocr_line' id='line_1_66' title="bbox 1230 1313 2234 1361; baseline 0.014 -22"><span class='ocrx_word' id='word_1_485' title='bbox 1230 1320 1310 1347; x_wconf 75' lang='lat' dir='ltr'>mas,</span> <span class='ocrx_word' id='word_1_486' title='bbox 1322 1313 1525 1351; x_wconf 88' lang='lat' dir='ltr'>sepulturam</span> <span class='ocrx_word' id='word_1_487' title='bbox 1538 1319 1569 1344; x_wconf 84' lang='lat' dir='ltr'>et</span> <span class='ocrx_word' id='word_1_488' title='bbox 1584 1317 1775 1353; x_wconf 77' lang='lat' dir='ltr'>mortuaria,</span> <span class='ocrx_word' id='word_1_489' title='bbox 1790 1318 1875 1348; x_wconf 87' lang='lat' dir='ltr'>sicut</span> <span class='ocrx_word' id='word_1_490' title='bbox 1892 1319 1939 1350; x_wconf 85' lang='lat' dir='ltr'>eis</span> <span class='ocrx_word' id='word_1_491' title='bbox 1952 1327 2234 1361; x_wconf 85' lang='lat' dir='ltr'>competunt,post</span> 
     </span>
     <span class='ocr_line' id='line_1_67' title="bbox 1228 1364 2233 1413; baseline 0.014 -21"><span class='ocrx_word' id='word_1_492' title='bbox 1228 1364 1350 1394; x_wconf 81' lang='lat' dir='ltr'>factam</span> <span class='ocrx_word' id='word_1_493' title='bbox 1362 1365 1445 1403; x_wconf 86' lang='lat' dir='ltr'>ipsis</span> <span class='ocrx_word' id='word_1_494' title='bbox 1461 1367 1643 1404; x_wconf 71' lang='lat' dir='ltr'>gum-diano</span> <span class='ocrx_word' id='word_1_495' title='bbox 1660 1373 1691 1399; x_wconf 87' lang='lat' dir='ltr'>ct</span> <span class='ocrx_word' id='word_1_496' title='bbox 1704 1370 1863 1401; x_wconf 81' lang='lat' dir='ltr'>fratribus</span> <span class='ocrx_word' id='word_1_497' title='bbox 1876 1372 2067 1411; x_wconf 83' lang='lat' dir='ltr'>hujusmodi</span> <span class='ocrx_word' id='word_1_498' title='bbox 2081 1376 2233 1413; x_wconf 81' lang='lat' dir='ltr'>gratiam,</span> 
     </span>
     <span class='ocr_line' id='line_1_68' title="bbox 1228 1416 2233 1465; baseline 0.015 -20"><span class='ocrx_word' id='word_1_499' title='bbox 1228 1416 1355 1455; x_wconf 79' lang='lat' dir='ltr'>integre</span> <span class='ocrx_word' id='word_1_500' title='bbox 1374 1427 1594 1450; x_wconf 80' lang='lat' dir='ltr'>reservamus.</span> <span class='ocrx_word' id='word_1_501' title='bbox 1619 1422 1777 1453; x_wconf 88' lang='lat' dir='ltr'>Nolentes</span> <span class='ocrx_word' id='word_1_502' title='bbox 1797 1424 1922 1455; x_wconf 88' lang='lat' dir='ltr'>eisdem</span> <span class='ocrx_word' id='word_1_503' title='bbox 1938 1428 2104 1465; x_wconf 86' lang='lat' dir='ltr'>preposito</span> <span class='ocrx_word' id='word_1_504' title='bbox 2125 1433 2156 1458; x_wconf 86' lang='lat' dir='ltr'>et</span> <span class='ocrx_word' id='word_1_505' title='bbox 2178 1438 2233 1460; x_wconf 87' lang='lat' dir='ltr'>ca-</span> 
     </span>
     <span class='ocr_line' id='line_1_69' title="bbox 1227 1469 2229 1518; baseline 0.014 -20"><span class='ocrx_word' id='word_1_506' title='bbox 1227 1469 1330 1506; x_wconf 88' lang='lat' dir='ltr'>pitulo</span> <span class='ocrx_word' id='word_1_507' title='bbox 1353 1480 1410 1509; x_wconf 89' lang='lat' dir='ltr'>per</span> <span class='ocrx_word' id='word_1_508' title='bbox 1432 1472 1493 1502; x_wconf 90' lang='lat' dir='ltr'>hoc</span> <span class='ocrx_word' id='word_1_509' title='bbox 1514 1473 1549 1502; x_wconf 91' lang='lat' dir='ltr'>in</span> <span class='ocrx_word' id='word_1_510' title='bbox 1573 1473 1640 1504; x_wconf 88' lang='grc'><strong>11115</strong></span> <span class='ocrx_word' id='word_1_511' title='bbox 1662 1475 1796 1514; x_wconf 79' lang='lat' dir='ltr'>aliquod</span> <span class='ocrx_word' id='word_1_512' title='bbox 1820 1478 2041 1516; x_wconf 84' lang='lat' dir='ltr'>prejudicium</span> <span class='ocrx_word' id='word_1_513' title='bbox 2065 1483 2229 1518; x_wconf 82' lang='lat' dir='ltr'>generari.</span> 
     </span>
     <span class='ocr_line' id='line_1_70' title="bbox 1226 1523 2149 1571; baseline 0.011 -20"><span class='ocrx_word' id='word_1_514' title='bbox 1226 1523 1299 1551; x_wconf 84' lang='lat' dir='ltr'>Dat.</span> <span class='ocrx_word' id='word_1_515' title='bbox 1317 1524 1485 1562; x_wconf 83' lang='lat' dir='ltr'>Anagnie,</span> <span class='ocrx_word' id='word_1_516' title='bbox 1502 1526 1655 1557; x_wconf 81' lang='lat' dir='ltr'>kalendis</span> <span class='ocrx_word' id='word_1_517' title='bbox 1672 1530 1875 1566; x_wconf 87' lang='lat' dir='ltr'>novembris,</span> <span class='ocrx_word' id='word_1_518' title='bbox 1895 1540 1981 1562; x_wconf 86' lang='lat' dir='ltr'>anno</span> <span class='ocrx_word' id='word_1_519' title='bbox 1996 1534 2113 1571; x_wconf 88' lang='lat' dir='ltr'>primo.</span> <span class='ocrx_word' id='word_1_520' title='bbox 2136 1547 2149 1561; x_wconf 68' lang='lat' dir='ltr'><strong><em>D</em></strong></span> 
     </span>
    </p>
   </div>
   <div class='ocr_carea' id='block_1_13' title="bbox 1297 1730 1384 1758">
    <p class='ocr_par' dir='ltr' id='par_1_14' title="bbox 1297 1730 1384 1758">
     <span class='ocr_line' id='line_1_71' title="bbox 1297 1730 1384 1758; baseline 0 0"><span class='ocrx_word' id='word_1_521' title='bbox 1297 1730 1384 1758; x_wconf 77' lang='lat'>885</span> 
     </span>
    </p>
   </div>
   <div class='ocr_carea' id='block_1_14' title="bbox 1226 1790 2234 1887">
    <p class='ocr_par' dir='ltr' id='par_1_15' title="bbox 1226 1790 2234 1887">
     <span class='ocr_line' id='line_1_72' title="bbox 1261 1790 2233 1832; baseline 0.014 -15"><span class='ocrx_word' id='word_1_522' title='bbox 1261 1790 1405 1827; x_wconf 86' lang='lat' dir='ltr'>Episcopo</span> <span class='ocrx_word' id='word_1_523' title='bbox 1422 1793 1611 1821; x_wconf 86' lang='lat' dir='ltr'>Noviomensi</span> <span class='ocrx_word' id='word_1_524' title='bbox 1624 1796 1748 1829; x_wconf 80' lang='lat' dir='ltr'>mandat,</span> <span class='ocrx_word' id='word_1_525' title='bbox 1760 1799 1896 1832; x_wconf 88' lang='lat' dir='ltr'>quatinus</span> <span class='ocrx_word' id='word_1_526' title='bbox 1909 1800 1994 1827; x_wconf 89' lang='lat' dir='ltr'>nobili</span> <span class='ocrx_word' id='word_1_527' title='bbox 2006 1802 2065 1828; x_wconf 87' lang='lat' dir='ltr'>viro</span> <span class='ocrx_word' id='word_1_528' title='bbox 2077 1801 2233 1832; x_wconf 84' lang='lat' dir='ltr'>Eustachio</span> 
     </span>
     <span class='ocr_line' id='line_1_73' title="bbox 1226 1840 2234 1887; baseline 0.014 -21"><span class='ocrx_word' id='word_1_529' title='bbox 1226 1840 1260 1866; x_wconf 75' lang='lat' dir='ltr'>‹te</span> <span class='ocrx_word' id='word_1_530' title='bbox 1277 1840 1387 1868; x_wconf 83' lang='lat' dir='ltr'>Sisiaco</span> <span class='ocrx_word' id='word_1_531' title='bbox 1404 1846 1432 1868; x_wconf 91' lang='lat' dir='ltr'>et</span> <span class='ocrx_word' id='word_1_532' title='bbox 1449 1843 1535 1869; x_wconf 86' lang='lat' dir='ltr'>nobili</span> <span class='ocrx_word' id='word_1_533' title='bbox 1551 1844 1664 1870; x_wconf 89' lang='lat' dir='ltr'>mulieri</span> <span class='ocrx_word' id='word_1_534' title='bbox 1678 1845 1827 1872; x_wconf 79' lang='lat' dir='ltr'>Johannae</span> <span class='ocrx_word' id='word_1_535' title='bbox 1843 1847 1877 1873; x_wconf 90' lang='lat' dir='ltr'>de</span> <span class='ocrx_word' id='word_1_536' title='bbox 1888 1847 2047 1885; x_wconf 86' lang='lat' dir='ltr'>Tornoisop</span> <span class='ocrx_word' id='word_1_537' title='bbox 2059 1854 2234 1887; x_wconf 82' lang='lat' dir='ltr'>consangui-</span> 
     </span>
    </p>
   </div>
   <div class='ocr_carea' id='block_1_15' title="bbox 1225 1889 2230 1972">
    <p class='ocr_par' dir='ltr' id='par_1_16' title="bbox 1225 1889 2230 1972">
     <span class='ocr_line' id='line_1_74' title="bbox 1227 1889 2230 1936; baseline 0.015 -21"><span class='ocrx_word' id='word_1_538' title='bbox 1227 1889 1289 1916; x_wconf 87' lang='lat' dir='ltr'>neis</span> <span class='ocrx_word' id='word_1_539' title='bbox 1313 1890 1341 1916; x_wconf 91' lang='lat' dir='ltr'>in</span> <span class='ocrx_word' id='word_1_540' title='bbox 1368 1892 1550 1918; x_wconf 86' lang='lat' dir='ltr'>matrimonio</span> <span class='ocrx_word' id='word_1_541' title='bbox 1577 1897 1724 1920; x_wconf 85' lang='lat' dir='ltr'>contracto</span> <span class='ocrx_word' id='word_1_542' title='bbox 1751 1903 1898 1923; x_wconf 87' lang='lat' dir='ltr'>remanere</span> <span class='ocrx_word' id='word_1_543' title='bbox 1926 1898 2045 1925; x_wconf 84' lang='lat' dir='ltr'>valeant.</span> <span class='ocrx_word' id='word_1_544' title='bbox 2071 1900 2155 1933; x_wconf 72' lang='lat' dir='ltr'>(Rae.</span> <span class='ocrx_word' id='word_1_545' title='bbox 2182 1903 2230 1936; x_wconf 76' lang='lat'>24,</span> 
     </span>
     <span class='ocr_line' id='line_1_75' title="bbox 1225 1939 1455 1972; baseline 0.013 -8"><span class='ocrx_word' id='word_1_546' title='bbox 1225 1946 1251 1965; x_wconf 88' lang='lat' dir='ltr'>c.</span> <span class='ocrx_word' id='word_1_547' title='bbox 1269 1939 1328 1969; x_wconf 76' lang='lat'>715,</span> <span class='ocrx_word' id='word_1_548' title='bbox 1346 1939 1366 1967; x_wconf 85' lang='lat' dir='ltr'>f.</span> <span class='ocrx_word' id='word_1_549' title='bbox 1384 1939 1455 1972; x_wconf 79' lang='lat'><strong>104.)</strong></span> 
     </span>
    </p>
   </div>
   <div class='ocr_carea' id='block_1_16' title="bbox 1736 1735 2161 1770">
    <p class='ocr_par' dir='ltr' id='par_1_17' title="bbox 1736 1735 2161 1770">
     <span class='ocr_line' id='line_1_76' title="bbox 1736 1735 2161 1770; baseline 0.019 -9"><span class='ocrx_word' id='word_1_550' title='bbox 1736 1735 1861 1770; x_wconf 81' lang='lat' dir='ltr'>Anagni,</span> <span class='ocrx_word' id='word_1_551' title='bbox 1879 1737 1893 1763; x_wconf 89' lang='lat'><strong>4</strong></span> <span class='ocrx_word' id='word_1_552' title='bbox 1913 1739 2067 1766; x_wconf 91' lang='lat' dir='ltr'>novembre</span> <span class='ocrx_word' id='word_1_553' title='bbox 2084 1741 2161 1768; x_wconf 71' lang='lat'>1255.</span> 
     </span>
    </p>
   </div>
   <div class='ocr_carea' id='block_1_17' title="bbox 1222 2056 2235 2884">
    <p class='ocr_par' dir='ltr' id='par_1_18' title="bbox 1222 2056 2235 2884">
     <span class='ocr_line' id='line_1_77' title="bbox 1269 2056 2233 2102; baseline 0.016 -21"><span class='ocrx_word' id='word_1_554' title='bbox 1269 2066 1281 2080; x_wconf 78' lang='grc' dir='ltr'>κ</span> <span class='ocrx_word' id='word_1_555' title='bbox 1310 2077 1341 2090; x_wconf 82' lang='grc'>..,</span> <span class='ocrx_word' id='word_1_556' title='bbox 1367 2056 1500 2093; x_wconf 77' lang='lat' dir='ltr'>episcopo</span> <span class='ocrx_word' id='word_1_557' title='bbox 1524 2057 1729 2087; x_wconf 67' lang='lat' dir='ltr'>Noviomenszss.</span> <span class='ocrx_word' id='word_1_558' title='bbox 1754 2060 1896 2090; x_wconf 84' lang='lat' dir='ltr'>Romani</span> <span class='ocrx_word' id='word_1_559' title='bbox 1919 2063 2085 2099; x_wconf 86' lang='lat' dir='ltr'>pontificis</span> <span class='ocrx_word' id='word_1_560' title='bbox 2108 2067 2233 2102; x_wconf 86' lang='lat' dir='ltr'>precel-</span> 
     </span>
     <span class='ocr_line' id='line_1_78' title="bbox 1227 2106 2234 2158; baseline 0.015 -23"><span class='ocrx_word' id='word_1_561' title='bbox 1227 2106 1298 2136; x_wconf 85' lang='lat' dir='ltr'>lens</span> <span class='ocrx_word' id='word_1_562' title='bbox 1317 2108 1496 2138; x_wconf 81' lang='lat' dir='ltr'>auctoritas</span> <span class='ocrx_word' id='word_1_563' title='bbox 1518 2109 1678 2139; x_wconf 89' lang='lat' dir='ltr'>nonnulla</span> <span class='ocrx_word' id='word_1_564' title='bbox 1698 2111 1866 2141; x_wconf 84' lang='lat' dir='ltr'>interdum</span> <span class='ocrx_word' id='word_1_565' title='bbox 1888 2115 1986 2145; x_wconf 83' lang='lat' dir='ltr'>certis</span> <span class='ocrx_word' id='word_1_566' title='bbox 2002 2118 2153 2153; x_wconf 85' lang='lat' dir='ltr'>personis</span> <span class='ocrx_word' id='word_1_567' title='bbox 2170 2129 2234 2158; x_wconf 84' lang='lat' dir='ltr'>que</span> 
     </span>
     <span class='ocr_line' id='line_1_79' title="bbox 1227 2159 2235 2207; baseline 0.014 -19"><span class='ocrx_word' id='word_1_568' title='bbox 1227 2159 1309 2189; x_wconf 81' lang='lat' dir='ltr'>alias</span> <span class='ocrx_word' id='word_1_569' title='bbox 1326 2159 1434 2189; x_wconf 79' lang='lat' dir='ltr'>forent</span> <span class='ocrx_word' id='word_1_570' title='bbox 1448 2160 1565 2191; x_wconf 84' lang='lat' dir='ltr'>illicita</span> <span class='ocrx_word' id='word_1_571' title='bbox 1584 2164 1733 2193; x_wconf 78' lang='lat' dir='ltr'>concedit</span> <span class='ocrx_word' id='word_1_572' title='bbox 1748 2174 1806 2202; x_wconf 91' lang='lat' dir='ltr'>pro</span> <span class='ocrx_word' id='word_1_573' title='bbox 1822 2165 1892 2196; x_wconf 89' lang='lat' dir='ltr'>loco</span> <span class='ocrx_word' id='word_1_574' title='bbox 1910 2172 1941 2196; x_wconf 91' lang='lat' dir='ltr'>ct</span> <span class='ocrx_word' id='word_1_575' title='bbox 1957 2171 2112 2207; x_wconf 86' lang='lat' dir='ltr'>tempore,</span> <span class='ocrx_word' id='word_1_576' title='bbox 2127 2171 2165 2201; x_wconf 89' lang='lat' dir='ltr'>de</span> <span class='ocrx_word' id='word_1_577' title='bbox 2177 2181 2235 2203; x_wconf 87' lang='lat' dir='ltr'>sue</span> 
     </span>
     <span class='ocr_line' id='line_1_80' title="bbox 1226 2211 2234 2257; baseline 0.015 -18"><span class='ocrx_word' id='word_1_578' title='bbox 1226 2211 1434 2250; x_wconf 83' lang='lat' dir='ltr'>plenitudine</span> <span class='ocrx_word' id='word_1_579' title='bbox 1458 2215 1641 2251; x_wconf 83' lang='lat' dir='ltr'>potestatis.</span> <span class='ocrx_word' id='word_1_580' title='bbox 1670 2216 1755 2246; x_wconf 88' lang='lat' dir='ltr'>Hinc</span> <span class='ocrx_word' id='word_1_581' title='bbox 1775 2221 1823 2247; x_wconf 91' lang='lat' dir='ltr'>est</span> <span class='ocrx_word' id='word_1_582' title='bbox 1847 2219 1931 2257; x_wconf 81' lang='lat' dir='ltr'>quod</span> <span class='ocrx_word' id='word_1_583' title='bbox 1956 2229 2026 2256; x_wconf 86' lang='lat' dir='ltr'>nos,</span> <span class='ocrx_word' id='word_1_584' title='bbox 2045 2222 2156 2252; x_wconf 89' lang='lat' dir='ltr'>dilecti</span> <span class='ocrx_word' id='word_1_585' title='bbox 2172 2224 2234 2255; x_wconf 86' lang='lat' dir='ltr'>filii</span> 
     </span>
     <span class='ocr_line' id='line_1_81' title="bbox 1227 2265 2233 2308; baseline 0.015 -15"><span class='ocrx_word' id='word_1_586' title='bbox 1227 2265 1349 2295; x_wconf 90' lang='lat' dir='ltr'>nobilis</span> <span class='ocrx_word' id='word_1_587' title='bbox 1370 2265 1432 2295; x_wconf 86' lang='lat' dir='ltr'>viri</span> <span class='ocrx_word' id='word_1_588' title='bbox 1450 2267 1622 2296; x_wconf 81' lang='lat' dir='ltr'>Eustachii</span> <span class='ocrx_word' id='word_1_589' title='bbox 1643 2268 1681 2297; x_wconf 90' lang='lat' dir='ltr'>de</span> <span class='ocrx_word' id='word_1_590' title='bbox 1707 2269 1834 2299; x_wconf 67' lang='lat' dir='ltr'>Sisiaco</span> <span class='ocrx_word' id='word_1_591' title='bbox 1851 2276 1881 2301; x_wconf 82' lang='lat' dir='ltr'>et</span> <span class='ocrx_word' id='word_1_592' title='bbox 1904 2272 2021 2303; x_wconf 78' lang='lat' dir='ltr'>dilecte</span> <span class='ocrx_word' id='word_1_593' title='bbox 2046 2274 2081 2303; x_wconf 90' lang='lat' dir='ltr'>in</span> <span class='ocrx_word' id='word_1_594' title='bbox 2100 2276 2233 2308; x_wconf 88' lang='lat' dir='ltr'>Christo</span> 
     </span>
     <span class='ocr_line' id='line_1_82' title="bbox 1225 2317 2231 2366; baseline 0.014 -20"><span class='ocrx_word' id='word_1_595' title='bbox 1225 2317 1293 2347; x_wconf 83' lang='lat' dir='ltr'>filie</span> <span class='ocrx_word' id='word_1_596' title='bbox 1321 2319 1443 2348; x_wconf 80' lang='lat' dir='ltr'>nobilis</span> <span class='ocrx_word' id='word_1_597' title='bbox 1469 2319 1620 2350; x_wconf 76' lang='lat' dir='ltr'>mulieris</span> <span class='ocrx_word' id='word_1_598' title='bbox 1645 2321 1798 2352; x_wconf 82' lang='lat' dir='ltr'>Johannc</span> <span class='ocrx_word' id='word_1_599' title='bbox 1825 2324 1862 2353; x_wconf 84' lang='lat' dir='ltr'>dc</span> <span class='ocrx_word' id='word_1_600' title='bbox 1889 2325 2090 2366; x_wconf 81' lang='lat' dir='ltr'>Tornoisop,</span> <span class='ocrx_word' id='word_1_601' title='bbox 2121 2331 2231 2361; x_wconf 84' lang='lat' dir='ltr'>uxoris</span> 
     </span>
     <span class='ocr_line' id='line_1_83' title="bbox 1226 2371 2231 2419; baseline 0.014 -20"><span class='ocrx_word' id='word_1_602' title='bbox 1226 2371 1308 2409; x_wconf 74' lang='lat' dir='ltr'>ejus,</span> <span class='ocrx_word' id='word_1_603' title='bbox 1330 2372 1561 2402; x_wconf 85' lang='lat' dir='ltr'>Laudunensis</span> <span class='ocrx_word' id='word_1_604' title='bbox 1578 2373 1730 2410; x_wconf 79' lang='lat' dir='ltr'>diocesis,</span> <span class='ocrx_word' id='word_1_605' title='bbox 1751 2376 2050 2414; x_wconf 84' lang='lat' dir='ltr'>supplicationibus</span> <span class='ocrx_word' id='word_1_606' title='bbox 2067 2381 2231 2419; x_wconf 82' lang='lat' dir='ltr'>inclinati,</span> 
     </span>
     <span class='ocr_line' id='line_1_84' title="bbox 1226 2424 2231 2466; baseline 0.013 -14"><span class='ocrx_word' id='word_1_607' title='bbox 1226 2424 1433 2460; x_wconf 84' lang='lat' dir='ltr'>mandamus,</span> <span class='ocrx_word' id='word_1_608' title='bbox 1452 2425 1609 2463; x_wconf 80' lang='lat' dir='ltr'>quatinus</span> <span class='ocrx_word' id='word_1_609' title='bbox 1623 2436 1697 2456; x_wconf 86' lang='lat' dir='ltr'>cum</span> <span class='ocrx_word' id='word_1_610' title='bbox 1709 2428 1768 2464; x_wconf 81' lang='grc'><strong>015,</strong></span> <span class='ocrx_word' id='word_1_611' title='bbox 1786 2433 1821 2458; x_wconf 85' lang='lat' dir='ltr'>ut</span> <span class='ocrx_word' id='word_1_612' title='bbox 1836 2429 1869 2458; x_wconf 90' lang='lat' dir='ltr'>in</span> <span class='ocrx_word' id='word_1_613' title='bbox 1887 2435 2053 2462; x_wconf 81' lang='lat' dir='ltr'>contracto</span> <span class='ocrx_word' id='word_1_614' title='bbox 2065 2436 2231 2466; x_wconf 83' lang='lat' dir='ltr'>matrimo-</span> 
     </span>
     <span class='ocr_line' id='line_1_85' title="bbox 1225 2477 2233 2526; baseline 0.013 -21"><span class='ocrx_word' id='word_1_615' title='bbox 1225 2477 1280 2505; x_wconf 85' lang='lat' dir='ltr'>nio</span> <span class='ocrx_word' id='word_1_616' title='bbox 1296 2486 1467 2507; x_wconf 83' lang='lat' dir='ltr'>remancre</span> <span class='ocrx_word' id='word_1_617' title='bbox 1484 2477 1587 2508; x_wconf 74' lang='lat' dir='ltr'>libere</span> <span class='ocrx_word' id='word_1_618' title='bbox 1605 2479 1746 2516; x_wconf 78' lang='lat' dir='ltr'>valeant,</span> <span class='ocrx_word' id='word_1_619' title='bbox 1769 2491 1834 2511; x_wconf 90' lang='grc'>000</span> <span class='ocrx_word' id='word_1_620' title='bbox 1855 2483 2006 2515; x_wconf 75' lang='lat' dir='ltr'>obstante</span> <span class='ocrx_word' id='word_1_621' title='bbox 2025 2486 2111 2524; x_wconf 85' lang='lat' dir='ltr'>quod</span> <span class='ocrx_word' id='word_1_622' title='bbox 2127 2497 2233 2526; x_wconf 82' lang='lat' dir='ltr'>quon-</span> 
     </span>
     <span class='ocr_line' id='line_1_86' title="bbox 1224 2530 2234 2574; baseline 0.014 -16"><span class='ocrx_word' id='word_1_623' title='bbox 1224 2530 1299 2559; x_wconf 81' lang='lat' dir='ltr'>dam</span> <span class='ocrx_word' id='word_1_624' title='bbox 1309 2530 1483 2565; x_wconf 83' lang='lat' dir='ltr'>Gobertus,</span> <span class='ocrx_word' id='word_1_625' title='bbox 1498 2531 1548 2560; x_wconf 89' lang='lat' dir='ltr'>vir</span> <span class='ocrx_word' id='word_1_626' title='bbox 1561 2532 1708 2571; x_wconf 57' lang='lat' dir='ltr'>ejusdcm</span> <span class='ocrx_word' id='word_1_627' title='bbox 1720 2534 1883 2571; x_wconf 80' lang='lat' dir='ltr'>Johannc,</span> <span class='ocrx_word' id='word_1_628' title='bbox 1898 2538 2043 2574; x_wconf 78' lang='lat' dir='ltr'>predicto</span> <span class='ocrx_word' id='word_1_629' title='bbox 2055 2540 2234 2572; x_wconf 84' lang='lat' dir='ltr'>Eustachio</span> 
     </span>
     <span class='ocr_line' id='line_1_87' title="bbox 1222 2583 2232 2625; baseline 0.014 -15"><span class='ocrx_word' id='word_1_630' title='bbox 1222 2583 1286 2612; x_wconf 82' lang='lat' dir='ltr'>fuit</span> <span class='ocrx_word' id='word_1_631' title='bbox 1303 2583 1592 2621; x_wconf 69' lang='lat' dir='ltr'>consanguitinate</span> <span class='ocrx_word' id='word_1_632' title='bbox 1615 2586 1822 2625; x_wconf 77' lang='lat' dir='ltr'>conjunctus,</span> <span class='ocrx_word' id='word_1_633' title='bbox 1845 2589 1959 2619; x_wconf 72' lang='lat' dir='ltr'>codem</span> <span class='ocrx_word' id='word_1_634' title='bbox 1978 2591 2155 2623; x_wconf 78' lang='lat' dir='ltr'>Eustachio</span> <span class='ocrx_word' id='word_1_635' title='bbox 2173 2599 2232 2625; x_wconf 85' lang='lat' dir='ltr'>ter-</span> 
     </span>
     <span class='ocr_line' id='line_1_88' title="bbox 1224 2635 2232 2684; baseline 0.013 -20"><span class='ocrx_word' id='word_1_636' title='bbox 1224 2635 1270 2664; x_wconf 84' lang='lat' dir='ltr'>tio</span> <span class='ocrx_word' id='word_1_637' title='bbox 1293 2644 1330 2664; x_wconf 71' lang='lat' dir='ltr'>ex</span> <span class='ocrx_word' id='word_1_638' title='bbox 1356 2644 1420 2664; x_wconf 87' lang='lat' dir='ltr'>nno</span> <span class='ocrx_word' id='word_1_639' title='bbox 1444 2635 1545 2666; x_wconf 78' lang='lat' dir='ltr'>latere</span> <span class='ocrx_word' id='word_1_640' title='bbox 1567 2646 1584 2666; x_wconf 86' lang='lat' dir='ltr'>a</span> <span class='ocrx_word' id='word_1_641' title='bbox 1609 2637 1720 2675; x_wconf 84' lang='lat' dir='ltr'>stipite</span> <span class='ocrx_word' id='word_1_642' title='bbox 1745 2643 1775 2668; x_wconf 83' lang='lat' dir='ltr'>ct</span> <span class='ocrx_word' id='word_1_643' title='bbox 1796 2641 1922 2677; x_wconf 76' lang='lat' dir='ltr'>prefato</span> <span class='ocrx_word' id='word_1_644' title='bbox 1948 2643 2090 2674; x_wconf 83' lang='lat' dir='ltr'>Goberto</span> <span class='ocrx_word' id='word_1_645' title='bbox 2116 2652 2232 2684; x_wconf 85' lang='lat' dir='ltr'>quarto</span> 
     </span>
     <span class='ocr_line' id='line_1_89' title="bbox 1225 2688 2230 2737; baseline 0.015 -21"><span class='ocrx_word' id='word_1_646' title='bbox 1225 2688 1327 2725; x_wconf 73' lang='lat' dir='ltr'>gradu</span> <span class='ocrx_word' id='word_1_647' title='bbox 1345 2697 1382 2717; x_wconf 74' lang='lat' dir='ltr'>ex</span> <span class='ocrx_word' id='word_1_648' title='bbox 1396 2688 1498 2718; x_wconf 79' lang='lat' dir='ltr'>allero</span> <span class='ocrx_word' id='word_1_649' title='bbox 1509 2689 1694 2727; x_wconf 75' lang='lat' dir='ltr'>differente,</span> <span class='ocrx_word' id='word_1_650' title='bbox 1713 2693 1907 2723; x_wconf 84' lang='lat' dir='ltr'>auctoritate</span> <span class='ocrx_word' id='word_1_651' title='bbox 1923 2701 2035 2726; x_wconf 82' lang='lat' dir='ltr'>nostra</span> <span class='ocrx_word' id='word_1_652' title='bbox 2047 2698 2230 2737; x_wconf 79' lang='lat' dir='ltr'>dispenses,</span> 
     </span>
     <span class='ocr_line' id='line_1_90' title="bbox 1225 2740 2232 2787; baseline 0.014 -18"><span class='ocrx_word' id='word_1_653' title='bbox 1225 2740 1350 2778; x_wconf 86' lang='lat' dir='ltr'>prolem</span> <span class='ocrx_word' id='word_1_654' title='bbox 1375 2745 1561 2779; x_wconf 62' lang='lat' dir='ltr'>susceptam</span> <span class='ocrx_word' id='word_1_655' title='bbox 1587 2747 1617 2772; x_wconf 85' lang='lat' dir='ltr'>et</span> <span class='ocrx_word' id='word_1_656' title='bbox 1639 2744 1885 2782; x_wconf 18' lang='lat' dir='ltr'>striscipiendam</span> <span class='ocrx_word' id='word_1_657' title='bbox 1911 2758 1947 2777; x_wconf 76' lang='lat' dir='ltr'>ex</span> <span class='ocrx_word' id='word_1_658' title='bbox 1974 2749 2021 2779; x_wconf 75' lang='lat' dir='ltr'>cis</span> <span class='ocrx_word' id='word_1_659' title='bbox 2049 2750 2232 2787; x_wconf 64' lang='lat' dir='ltr'>legitimam</span> 
     </span>
     <span class='ocr_line' id='line_1_91' title="bbox 1224 2794 2231 2839; baseline 0.016 -19"><span class='ocrx_word' id='word_1_660' title='bbox 1224 2794 1442 2824; x_wconf 60' lang='lat' dir='ltr'>‹l-:cernentlm</span> <span class='ocrx_word' id='word_1_661' title='bbox 1461 2795 1532 2824; x_wconf 76' lang='lat' dir='ltr'>Dat.</span> <span class='ocrx_word' id='word_1_662' title='bbox 1550 2795 1718 2833; x_wconf 67' lang='lat' dir='ltr'>Anagnie,</span> <span class='ocrx_word' id='word_1_663' title='bbox 1740 2799 1772 2827; x_wconf 91' lang='grc' dir='ltr'>ΙΙ</span> <span class='ocrx_word' id='word_1_664' title='bbox 1794 2808 1896 2829; x_wconf 84' lang='lat' dir='ltr'>nonas</span> <span class='ocrx_word' id='word_1_665' title='bbox 1920 2803 2122 2839; x_wconf 75' lang='lat' dir='ltr'>novembris,</span> <span class='ocrx_word' id='word_1_666' title='bbox 2145 2814 2231 2836; x_wconf 84' lang='lat' dir='ltr'>anno</span> 
     </span>
     <span class='ocr_line' id='line_1_92' title="bbox 1224 2855 1374 2884; baseline -0.007 -8"><span class='ocrx_word' id='word_1_667' title='bbox 1224 2855 1341 2884; x_wconf 67' lang='lat' dir='ltr'>[Jt&#39;lltio.</span> <span class='ocrx_word' id='word_1_668' title='bbox 1362 2858 1374 2872; x_wconf 61' lang='grc' dir='ltr'>ὓ</span> 
     </span>
    </p>
   </div>
  </div>
 </body>
</html>
