2498 3325
1029 251 1260 290 DEUXIEME
1281 251 1441 288 ANNEE.
2228 260 2284 291 391

263 329 377 357 ¹307

224 392 349 418 ι10110001
366 391 400 417 110
416 391 595 422 Semel-cort,
618 389 740 419 clerico.
761 388 939 423 dispensatio
956 387 1111 422 recipiendi
1131 387 1195 413 uni-

184 449 254 467 cum
285 440 360 467 aliud
391 439 623 466 ecclesiasticum
655 437 836 464 beneficium.
868 436 949 468 (Rsc.
986 436 1034 466 24,
1071 436 1089 461 f.
1128 435 1194 465 164,

185 497 253 515 ann.
270 488 308 519 ΙΙ,
326 496 350 514 0.
367 488 439 517 2Ξ18.)

779 327 890 359 Lau-an,
909 326 942 353 ’28
959 325 1028 352 avril
1048 325 1122 351 1256.

230 596 242 610 «
261 584 397 613 Jolzannz·
421 584 454 611 de
478 584 656 615 Semercort,
676 582 796 611 clerico,
819 580 1006 619 Apostolice
1029 580 1123 610 Sedis
1139 579 1196 609 be-

187 636 335 674 nignitas
356 653 405 664 —-.
427 636 501 665 Dat.
529 635 695 669 Laterani,
721 635 788 664 IIII
811 633 970 663 kalendas
990 633 1080 667 maii,
1109 641 1196 661 anno

184 689 341 719 seeundo.
366 701 378 714 ι)

261 834 376 862 ¹308

223 896 412 930 Infrascripto
439 895 565 926 mandat,
592 899 622 920 ut
647 893 778 920 Michaeli
807 893 842 919 de
872 893 999 923 Fienles,
1025 891 1195 918 cancellario

186 944 330 978 Eduardi,
356 945 540 978 primogeniti
565 944 642 977 regis
662 943 799 976 Angliae,
824 943 858 968 de
883 942 1021 976 dignitate
1042 942 1070 968 in
1087 941 1195 967 diocesi

187 993 345 1020 Mon-inensi
363 993 520 1027 provideat.
538 992 622 1025 (Rea.
639 992 684 1024 ι24,
701 992 719 1018 f.
740 991 799 1023 164,
818 1000 884 1017 ann.
900 990 938 1023 Il,
953 999 978 1017 c.
996 990 1071 1023 ⁶259.)

811 831 925 865 Latran,
943 831 956 857 5
974 830 1028 856 mai
1048 829 1123 856 1956.

230 1101 242 1115 κ
272 1111 304 1123 ..,
335 1089 436 1116 abbati
460 1089 567 1117 Sancti
589 1088 705 1116 l'lnmrt‘
730 1088 760 1115 ιίι
784 1087 927 1117 Βοῖοηῐιι,
954 1087 1074 1115 ordinis
1097 1087 1196 1116 sancti

185 1142 364 1178 Augustini,
382 1141 564 1169 illort'nensis
583 1141 718 1169 diocesis.
741 1140 807 1169 Sua
826 1139 921 1168 nobis
947 1139 1088 1169 dilectus
1107 1139 1197 1169 filius

187 1193 331 1223 Michael
364 1193 402 1223 de
432 1192 584 1227 Fienles,
614 1192 795 1222 canonicus
829 1192 1050 1222 Morinensis.
1082 1192 1197 1230 petitio

186 1246 342 1276 monebat
365 1246 461 1284 quod,
482 1255 556 1275 cum
581 1245 690 1275 felicis
712 1245 952 1275 recordationis
972 1246 998 1275 Ι.
1024 1254 1106 1283 papa
1123 1254 1197 1283 pre-

185 1301 340 1330 decessor
357 1304 468 1330 noster
491 1309 590 1338 super
608 1300 799 1338 provisione
822 1299 974 1329 facienda
995 1299 1081 1329 dicto
1098 1308 1197 1329 cano-

188 1354 262 1382 nico
284 1353 321 1382 de
339 1352 451 1391 aliqua
474 1353 636 1389 dignitate
662 1352 713 1383 vel
738 1357 917 1391 personatu
940 1353 974 1381 in
997 1353 1130 1382 civitate
1147 1353 1197 1382 vel

186 1406 311 1436 diocesi
327 1406 575 1435 Morinensibus
591 1410 647 1435 aut
667 1405 879 1435 comitatibus
897 1405 1035 1435 Bolonie
1053 1405 1199 1435 01111011-

186 1459 300 1489 drensi
325 1458 386 1488 sul)
402 1463 491 1488 certa
507 1459 613 1488 forma
630 1459 690 1487 tibi
712 1458 869 1488 direxerit
887 1458 1009 1496 scripta
1032 1468 1102 1488 sua,
1120 1459 1199 1488 licet

186 1522 244 1551 per
262 1512 453 1550 hujusmodi
469 1511 597 1541 litteras
612 1511 787 1550 procedere
804 1512 981 1550 inceperis,
1000 1512 1113 1542 eodem
1128 1522 1197 1550 pre-

186 1565 360 1594 decessore
387 1564 538 1599 vivente,
564 1564 710 1602 predicto
741 1569 851 1594 tamen
881 1565 1040 1595 canonico
1068 1565 1197 1595 nullum

187 1622 237 1648 est
259 1618 298 1647 de
320 1617 402 1655 ipsis
424 1617 632 1647 commodum
653 1621 837 1647 assecutus.
861 1617 1020 1647 Nolentes
1043 1618 1146 1655 igitur
1162 1623 1197 1648 ut

186 1671 276 1700 idem
308 1671 503 1705 canonicus,
533 1679 591 1708 pro
621 1679 684 1708 quo
713 1670 853 1700 dilectus
880 1670 970 1700 filius
998 1671 1120 1701 nobilis
1147 1672 1198 1701 vir

188 1723 389 1758 Edwardus,
419 1723 663 1761 primogenitus
701 1723 867 1753 carissimi
904 1723 938 1752 in
971 1723 1104 1754 Christo
1136 1724 1197 1754 tilii

187 1777 332 1811 nostri..‚
354 1776 442 1813 regis
466 1775 586 1813 Anglie
606 1775 760 1811 illustris,
779 1777 873 1815 cujus
897 1776 1008 1806 existit
1034 1777 1198 1807 cancella-

188 1829 270 1861 rius.
287 1838 346 1867 per
362 1838 438 1858 suas
454 1829 584 1859 litteras
602 1838 661 1858 nos
681 1829 820 1867 rogavit,
839 1829 925 1859 facta
942 1830 1005 1859 sibi
1019 1831 1125 1868 gratia
1141 1831 1197 1860 (10-

186 1882 371 1916 fraudetur,
388 1882 583 1911 mandamus
600 1882 771 1920 quatinus,
790 1882 818 1911 si
835 1886 883 1912 est
900 1882 957 1917 ita,
976 1892 1075 1920 super
1090 1883 1197 1921 ipsius

185 1935 377 1973 provisione
396 1935 562 1973 procedas,
579 1935 674 1974 juxta
689 1935 808 1973 prefati
831 1935 1075 1973 predecessoris
1092 1937 1198 1966 conti-

188 1989 337 2018 nentiam
364 1988 563 2017 litterarum.
593 1989 666 2018 Dat.
701 1988 866 2018 Laterani.
893 1989 942 2019 III
971 1998 1075 2019 nonas
1104 1990 1195 2025 maii,

185 2050 275 2071 anno
293 2041 448 2071 secundo.
470 2054 481 2067 ›>

264 2187 379 2215 ¹301)

226 2247 390 2277 Bonisacio,
410 2252 475 2274 nato
492 2248 596 2275 nobilis
612 2248 663 2275 viri
677 2248 812 2275 Jacobini
832 2249 866 2275 de
890 2249 1047 2283 Benczeto,
1066 2252 1200 2278 concedit

189 2296 307 2323 feudum
326 2297 352 2322 in
371 2296 530 2330 Fragnano.
553 2296 633 2329 (ttae.
651 2298 700 2330 ²24,
719 2298 737 2324 f.
758 2298 816 2331 154,
833 2307 900 2325 ann.
919 2299 957 2330 ΙΙ,
974 2308 999 2325 c.
1017 2299 1092 2331 ⁸200.)

811 2187 924 2219 Latran,
941 2189 956 2215 ‘2
975 2190 1028 2215 mai
1050 2189 1125 2216 1‘256.

232 2404 245 2417 (ι
264 2392 432 2427 Bonifacio,
453 2397 525 2421 nato
540 2392 650 2421 nobilis
666 2394 730 2422 virt*
743 2394 884 2423 ,lacobini
900 2395 933 2424 de
946 2396 1098 2430 Benezelo,
1112 2397 1200 2425 mili-

188 2445 230 2473 tis
249 2444 432 2473 Parmensis.
458 2444 651 2474 Devotionis
669 2449 723 2475 tue
739 2450 769 2475 et
786 2446 899 2476 dilecti
915 2447 976 2476 filii
996 2448 1118 2478 nobilis
1136 2449 1200 2478 viri

186 2496 343 2527 ‹Jacobini
360 2497 399 2527 de
415 2497 577 2527 Benezeto
594 2498 697 2536 patris
714 2498 761 2528 tui
784 2500 913 2530 meritis
931 2510 967 2530 ac.
991 2501 1200 2540 supplicatio-

190 2549 291 2579 nibus
305 2549 470 2585 inclinati,
487 2550 627 2580 fundum
645 2560 776 2587 vacanS,
794 2553 881 2591 quod
900 2555 1065 2592 quondam
1083 2557 1201 2586 Petrus

186 2602 230 2632 de
246 2602 478 2638 Monteducho‚
502 2612 680 2641 germanus
698 2609 785 2639 tuus,
807 2615 905 2644 quem
931 2607 1004 2637 sine
1025 2607 1141 2639 liberis
1165 2618 1201 2639 ac

188 2654 268 2685 aliis
291 2656 453 2686 fratribus
478 2656 663 2688 decessisse
691 2658 814 2688 asseris
835 2659 870 2688 in
890 2660 1075 2698 Fragnano,
1100 2662 1202 2692 Muti-

191 2708 308 2738 nensis
322 2713 353 2738 et
368 2709 592 2740 Bononiensis
609 2710 810 2747 diocesium,
831 2712 871 2741 ab
888 2713 1037 2744 Ecclesia
1055 2715 1203 2745 Romana

191 2761 342 2791 tenuisse
365 2761 514 2792 noscitur
534 2762 595 2792 sub
619 2764 789 2794 consuetis
813 2765 971 2802 servitiis,
997 2767 1202 2804 presentium

192 2813 254 2853 tihi
266 2814 461 2845 auctoritate
474 2815 628 2847 duximus
643 2817 899 2847 concedendum.
913 2819 1077 2850 Nullietc.
1092 2825 1203 2851 nostre

189 2867 420 2898 concessionis
439 2872 500 2898 etc.
525 2869 596 2899 Dat.
619 2870 785 2904 Laterani,
802 2871 848 2901 VI
871 2880 974 2902 nonas
997 2873 1089 2909 maii,
1115 2883 1202 2904 anno

191 2920 353 2950 secundo.
376 2933 388 2946 ›.

1353 324 1474 352 1310
1885 326 1998 360 Latran,
2016 327 2031 354 9
2047 326 2116 353 avril
2138 327 2214 354 1256.

1314 386 1472 414 Ecclesiam
1491 387 1522 414 S.
1540 388 1646 415 Mariae
1664 389 1698 415 de
1716 389 1805 416 Metre
1821 389 1855 415 de
1871 389 1950 417 Urbe
1966 390 2020 416 sub
2036 398 2090 416 sua
2106 390 2285 425 protectione

1278 435 1402 469 suscipit
1417 439 1445 461 et
1457 437 1534 469 jura,
1551 437 1697 464 libertates
1711 441 1738 464 et
1752 439 1951 473 exemptiones
1967 442 2126 465 enumerat.
2142 438 2225 472 (Rue.
2239 439 2284 473 Ἡ,

1278 482 1297 509 f.
1318 483 1377 515 164,
1394 492 1460 510 ann.
1479 484 1515 515 11,
1534 493 1559 511 c.
1578 485 1650 518 ⁶361.)

1321 603 1333 617 «
1411 593 1514 629 priori
1529 595 1647 622 ecclesie
1663 595 1771 623 Sancte
1786 596 1881 624 Μανία
1897 596 1930 624 de
1947 597 2033 625 Mem-i
2049 597 2082 626 <le
2104 598 2186 633 L'rbe,
2205 599 2287 635 ejus-

1279 653 1334 680 que
1358 645 1524 680 fratribus,
1546 651 1605 675 tam
1627 648 1818 684 presentibus
1839 657 1932 685 quam
1957 650 2088 685 futuris,
2112 652 2286 688 rcyttlarem

1280 697 1375 724 vitam
1394 700 1537 734 professis
1560 700 1593 727 in
1613 705 1803 737 perpetuum.
1822 701 2025 739 Religiosam
2042 704 2143 733 vitam
2160 704 2287 742 eligen-

1279 749 1367 778 tibus
1384 754 1445 779 etc.
1465 760 1570 789 usque
1590 761 1595 780 :
1614 752 1786 790 infringat.
1812 754 1858 783 Ea
1876 759 2018 793 propter,
2039 756 2151 786 dilecti
2170 758 2203 786 in
2220 759 2288 788 Do-

1278 802 1368 832 mino
1383 803 1455 832 filii.
1471 805 1590 834 vestris
1607 806 1886 843 postulationil‘ms
1901 808 2080 839 clementer
2094 811 2286 847 annuimus,

1279 859 1309 884 et
1326 855 1499 885 ecelesiam
1515 858 1633 888 Sancte
1650 859 1754 888 Marie
1767 860 1804 889 de
1822 861 1919 890 Metri
1934 861 1972 891 de
1990 862 2090 897 Urbe,
2106 863 2139 891 in
2157 873 2221 902 qua
2237 864 2288 893 di-

1277 908 1355 937 vino
1370 909 1449 939 estis
1466 910 1625 948 obsequio
1641 912 1832 950 mancipati,
1846 913 1907 943 sub
1921 914 2009 943 beati
2022 916 2111 944 Petri
2129 920 2159 945 et
2176 921 2289 946 nostra

1278 962 1480 998 protectione
1502 964 1704 1001 suscipimus
1727 969 1757 994 et
1782 967 1946 1003 presentis
1967 968 2081 1006 scripti
2106 969 2289 1006 patrocinio

1279 1015 1533 1045 communimus.
1564 1018 1601 1046 In
1622 1017 1739 1055 primis
1759 1019 1925 1057 siquidem
1942 1024 2141 1051 statuentes,
2158 1027 2194 1052 ut
2211 1023 2289 1053 ordo

1279 1068 1471 1099 canonicus.
1490 1069 1546 1107 qui
1564 1071 1746 1100 secundum
1763 1072 1867 1101 Deum
1885 1077 1915 1102 et
1932 1073 2020 1103 beati
2038 1075 2219 1111 Augustini
2236 1085 2290 1106 re-

1280 1119 1390 1157 gulam
1410 1125 1507 1160 atque
1527 1122 1773 1153 institutionem
1790 1125 1930 1155 fratrum
1948 1126 1986 1155 de
2004 1127 2193 1157 penitentia
2211 1128 2289 1158 bea-

1280 1176 1387 1202 torum
1407 1175 1591 1213 Martyrum
1612 1176 1646 1205 111
1666 1177 1779 1206 eadem
1799 1178 1939 1208 ecelesia
1957 1179 2132 1210 institutus
2149 1190 2221 1211 esse
2238 1182 2289 1211 di-

1280 1226 1443 1257 noscitur.
1471 1229 1638 1266 perpetuis
1666 1230 1789 1259 ibidem
1817 1232 2020 1269 temporibus
2048 1233 2289 1264 i1·1violabiliter

1279 1278 1484 1309 observetur.
1509 1281 1665 1311 Preterea
1690 1292 1916 1322 quascumque
1940 1286 2182 1322 possessiones.
2208 1296 2290 1325 que-

1279 1340 1420 1370 cumque
1439 1333 1523 1362 bona
1541 1334 1654 1364 eadem
1672 1335 1812 1365 ecelesia
1829 1337 1861 1365 in
1880 1339 2123 1375 presentiarum
2143 1340 2231 1378 juste
2253 1349 2290 1370 ac

1280 1385 1439 1415 canonice
1458 1386 1603 1424 possidet
1621 1388 1727 1417 autin
1745 1389 1905 1420 futurum.
1926 1391 2139 1421 concessione
2156 1393 2291 1430 pontifi-

1280 1446 1369 1473 cum,
1389 1437 1566 1476 largitione
1587 1449 1701 1478 regum
1724 1441 1775 1471 vel
1796 1442 1999 1480 principum,
2018 1444 2184 1475 oblatione
2209 1446 2291 1476 fide-

1281 1490 1364 1520 lium
1381 1501 1439 1521 seu
1456 1492 1531 1522 aliis
1551 1493 1652 1532 justis
1671 1495 1792 1530 modis,
1811 1500 1979 1533 prestante
1996 1497 2151 1533 Domino,
2170 1499 2291 1536 poterit

1282 1544 1439 1582 adipisci,
1457 1545 1552 1575 firma
1574 1546 1667 1576 vobis
1688 1548 1875 1587 vestrisque
1900 1550 2148 1580 successoribus
2171 1555 2202 1580 et
2225 1551 2289 1581 illi-

1279 1596 1354 1627 bata
1370 1604 1598 1636 permaneant.
1623 1601 1661 1630 In
1679 1601 1801 1639 quibus
1822 1601 1881 1631 1100
1904 1603 2047 1640 propriis
2066 1603 2220 1634 duximus
2238 1614 2288 1635 ex-

1279 1651 1451 1688 primenda
1469 1652 1649 1682 vocabulis.

1322 1716 1334 1729 »
1351 1704 1473 1733 Locum
1490 1705 1610 1743 ipsum,
1628 1706 1663 1735 in
1676 1716 1739 1745 quo
1753 1708 1880 1745 prefata
1897 1709 2037 1739 ecclesia
2056 1710 2119 1739 sita
2136 1715 2195 1746 est,
2214 1720 2289 1741 011111

1280 1757 1435 1787 omnibus
1451 1758 1664 1795 pertinentiis
1682 1760 1764 1794 suis,
1783 1761 1902 1791 Sancte
1919 1763 2023 1792 Marie
2040 1767 2070 1792 et
2085 1763 2203 1793 Sancte
2220 1764 2290 1794 Eli-

1281 1810 1397 1839 sabeth
1414 1810 1448 1839 in
1472 1811 1635 1842 Ailesuelt
1652 1821 1688 1842 ac
1706 1813 1819 1843 Sancti
1835 1814 1926 1844 Petri
1940 1815 1978 1845 de
1996 1816 2111 1846 Insula
2126 1816 2289 1847 Cuiavien

1281 1863 1450 1898 ecclesias,
1472 1874 1546 1894 eum
1565 1865 1729 1901 domibus,
1751 1867 1859 1898 terris.
1881 1868 1999 1903 vineis,
2020 1870 2290 1907 possessionibus

1282 1921 1312 1946 et
1328 1917 1483 1947 omnibus
1502 1927 1615 1947 earum
1635 1919 1864 1956 pertinentiis.
1883 1929 1957 1950 cum
1978 1922 2087 1957 terris,
2105 1924 2220 1961 pratis,
2239 1924 2290 1953 vi-

1282 1970 1366 2004 neis,
1386 1971 1577 2001 nemoribus
1592 1972 1743 2009 usuagiis
1761 1977 1791 2002 et
1807 1974 1951 2011 pascuis,
1970 1975 2003 2003 in
2018 1975 2115 2005 bosco
2132 1980 2163 2005 et
2179 1976 2288 2014 plano,

1281 2023 1316 2052 10
1334 2023 1430 2061 aquis
1449 2028 1479 2053 et
1501 2024 1721 2059 molendinis,
1740 2025 1773 2054 in
1792 2026 1854 2056 viis
1876 2031 1907 2056 et
1926 2027 2066 2063 semitis,
2086 2033 2115 2058 et
2133 2029 2290 2060 omnibus

1281 2076 1358 2106 aliis
1373 2076 1585 2107 libertatibus
1602 2083 1633 2107 ct
1646 2078 1916 2109 immunitatibus
1934 2081 2016 2110 suis.

1324 2142 1336 2156 »
1363 2130 1448 2160 Sane
1473 2130 1642 2160 novalium
1666 2136 1851 2161 vestrorum
1874 2142 1937 2171 que
1965 2135 2107 2172 propriis
2135 2137 2290 2167 manibus

1281 2187 1336 2212 aut
1356 2183 1543 2221 sumptibus
1561 2183 1680 2219 colitis,
1700 2184 1737 2214 de
1761 2185 1882 2223 quibus
1902 2186 2024 2225 aliquis
2043 2187 2204 2219 hactenus
2224 2199 2290 2220 non

1280 2237 1444 2274 percepit,
1472 2237 1541 2266 sive
1567 2237 1605 2267 de
1629 2242 1812 2268 vestrorum
1840 2239 2036 2270 animalium
2061 2243 2288 2280 nutrimentis,

1281 2288 1393 2318 nullus
1421 2298 1439 2318 a
1466 2289 1559 2320 vobis
1588 2290 1733 2320 decimas
1759 2292 1890 2330 exigere
1917 2293 1969 2323 vel
1997 2299 2191 2334 extorquere
2216 2306 2292 2335 pre-

1282 2346 1402 2371 sumat,

1324 2407 1336 2421 1>
1362 2395 1474 2425 Liceat
1492 2405 1623 2435 quoque
1642 2397 1735 2427 vobis
1757 2398 1894 2428 clericos
1919 2399 1970 2429 vel
1991 2400 2093 2431 laicos
2117 2402 2240 2434 liberos
2260 2409 2292 2435 et.

1283 2448 1451 2478 absolutos
1469 2458 1485 2479 0
1506 2449 1617 2480 500010
1632 2450 1801 2488 fugientes
1818 2452 1857 2481 ad
1875 2454 2127 2485 conversionem
2144 2457 2291 2495 recipere

1283 2506 1313 2531 et
1331 2511 1386 2532 005
1403 2502 1527 2541 absque
1546 2504 1807 2535 contradictione
1825 2505 1937 2545 aliqua
1953 2507 2111 2538 retinere.
2130 2510 2291 2542 Prohibe-

1283 2564 1356 2585 mus
1371 2555 1508 2594 insuper
1520 2561 1555 2586 ut
1572 2557 1656 2587 nulli
1671 2558 1810 2587 fratrum
1824 2563 2020 2596 vestrorum,
2034 2566 2106 2599 post
2121 2563 2243 2593 factam
2254 2564 2290 2594 in

1283 2607 1423 2637 ecclesia
1439 2613 1549 2638 vestra
1565 2610 1826 2648 professionem.
1848 2612 1897 2642 sas
1922 2613 1981 2648 sit,
2008 2614 2080 2644 sine
2098 2615 2217 2653 prioris
2238 2618 2292 2648 sui

1282 2660 1430 2695 licentia,
1449 2661 1487 2690 de
1502 2661 1615 2692 eodem
1631 2662 1712 2698 loco,
1727 2663 1792 2693 nisi
1805 2664 1938 2694 artioris
1956 2666 2128 2704 religionis
2141 2669 2288 2706 obtentu,

1284 2713 1470 2744 discedere:
1485 2715 1674 2746 discedente
1686 2725 1774 2752 vero,
1788 2717 1912 2756 absque
1925 2720 2092 2749 communi
2104 2720 2291 2753 litterarum

1284 2771 1469 2797 vestrarum
1484 2768 1649 2804 cautione,
1669 2769 1781 2799 nullus
1798 2771 1917 2800 audeat
1934 2772 2089 2803 retinere.

1327 2832 1339 2846 »
1358 2820 1441 2851 Cum
1459 2825 1569 2851 autem
1588 2822 1741 2859 generale
1764 2823 1979 2854 interdictum
2002 2829 2087 2856 terre
2108 2827 2226 2865 fuerit,
2249 2829 2293 2860 li-

1285 2877 1356 2903 ceat
1388 2873 1492 2909 vobis,
1525 2873 1649 2904 clausis
1680 2875 1794 2914 januis
1831 2880 1892 2906 etc.
1931 2887 2036 2916 usque
2066 2889 2072 2908 :
2102 2880 2288 2914 interdicto.

1284 2926 1416 2957 crisma
1433 2935 1509 2957 vero
1532 2931 1593 2957 etc.
1616 2937 1721 2967 usque
1743 2938 1749 2957 :
1770 2929 1937 2960 exhibere.
1959 2931 2178 2964 Prohihemus
2196 2934 2293 2966 insu-
