2498 3325
211 242 268 270 ‘244
938 239 1176 270 REGISTRES
1198 238 1505 269 D'ALEXANDRE
1528 241 1584 270 IV.

211 307 368 340 suttune,
398 305 583 340 Swasham,
614 305 839 341 VVintewreh,
871 305 1026 335 Wieham
1049 309 1080 335 et
1105 304 1219 335 Sancti

210 358 342 388 Andree
367 358 405 387 de
433 357 647 395 Cantebrigia
672 358 830 390 ecclesias
858 358 975 388 usibus
1011 357 1131 388 vestris
1161 366 1218 395 pro

211 411 453 440 sustentatione
470 411 610 440 fratrum
629 415 660 441 et
676 410 845 448 hospitum
863 420 899 440 ac
915 419 1097 449 pauperum
1117 410 1219 448 depu-

211 468 334 497 tarunt,
356 467 451 500 prout
473 463 507 492 in
526 462 647 493 litteris
669 463 898 501 episcoporum
919 463 1067 502 ipsorum
1086 462 1218 501 plenius

210 516 410 545 continetur.
434 516 502 546 Nos
525 516 638 553 igitur,
662 517 782 546 vestris
803 516 1103 554 supplicationibus
1120 514 1220 544 ineli-

210 568 291 603 nati.
309 568 396 607 quod
419 568 600 606 superbiis
619 577 677 607 per
698 568 802 598 dictos
823 569 992 607 episcopos
1012 568 1137 598 factum
1157 571 1216 603 est,

210 626 318 650 ratum
349 620 509 650 habentes
533 625 563 650 et
584 625 730 658 gratum,
755 621 789 650 id
817 621 1012 651 auctoritate
1040 620 1220 659 apostolica

211 673 444 704 confirmamus
462 678 523 703 etc.
540 682 646 712 usque
663 683 668 702 z
687 674 942 704 communimus.
961 673 1054 704 Nulli
1070 677 1131 703 etc.
1147 682 1219 703 nos-

210 730 258 756 tre
275 726 537 756 confirmationis
556 731 617 756 etc.
635 727 707 756 Dat.
728 727 892 764 Anagnie,
911 727 942 757 X
958 726 1117 757 kalendas
1131 730 1220 756 octo-

210 779 290 814 bris,
307 788 394 808 anno
406 778 525 817 primo.
545 791 558 805 »

281 944 372 972 803

246 1005 384 1039 Magistro
402 1004 526 1032 Heni-ico
540 1005 575 1031 de
591 1005 732 1032 Kalkenni
748 1005 888 1040 indulget,
908 1010 953 1039 ut,
971 1010 1082 1042 praeter
1096 1006 1152 1033 duo
1167 1006 1219 1033 be-

211 1054 312 1080 neficia
327 1062 426 1080 curam
443 1054 602 1080 animarum
615 1054 748 1080 habentia
759 1058 787 1080 et
801 1054 989 1088 praebendam
1006 1054 1218 1082 Cieestrensem

210 1111 283 1136 quae
307 1110 384 1128 nunc
402 1102 523 1134 obtinet,
547 1102 662 1129 unicum
683 1102 758 1128 aliud
783 1103 955 1130 beneficium
976 1104 1098 1130 similem
1118 1112 1218 1130 curam

210 1150 319 1177 habens
340 1152 366 1177 in
392 1159 479 1185 regno
502 1151 624 1185 Angliae
648 1152 776 1186 recipere
799 1152 900 1179 valeat.
925 1151 1008 1185 (Rau.
1032 1152 1081 1185 2²4,
1105 1161 1130 1180 c.
1154 1152 1216 1185 636,

210 1199 229 1225 f.
247 1199 302 1232 96.)

694 943 818 978 Anagni,
838 944 869 971 18
885 945 1050 980 septembre
1067 944 1146 972 1255.

251 1312 263 1327 u
288 1302 431 1338 Magistro
454 1302 583 1330 Henrico
609 1302 642 1330 de
663 1302 831 1336 Kalkenni,
858 1303 1005 1331 canonico
1026 1303 1216 1332 Cicestrensi.

209 1352 389 1390 Cupientes
404 1353 500 1391 proni
521 1353 562 1382 ad
581 1370 630 1382 —-.
653 1354 726 1383 Dat.
749 1354 917 1391 Anagnie,
940 1355 1041 1385 XIIII
1057 1354 1218 1385 kalendas

208 1405 363 1440 octobris,
384 1414 470 1435 anno
486 1406 603 1444 primo.
624 1418 636 1432 »

281 1576 370 1604 804

244 1638 386 1670 waltero,
415 1643 479 1665 nato
505 1639 635 1666 Gaufridi
660 1639 694 1666 de
719 1639 863 1674 Rudham,
888 1640 992 1667 clerico
1021 1640 1219 1668 Norwicensis

208 1687 344 1718 diocesis,
359 1686 499 1721 indulget,
514 1691 544 1714 ut
561 1696 648 1714 unum
665 1688 699 1714 de
713 1688 860 1715 beneficiis
873 1689 936 1715 suis
947 1697 1045 1716 curam
1058 1690 1218 1716 animarum

210 1736 319 1762 babens
336 1744 385 1770 pro
401 1736 455 1761 alio
472 1736 501 1762 in
517 1744 606 1770 regno
622 1737 744 1770 Angliae
758 1741 937 1764 commutare
953 1738 1054 1764 valeat.
1073 1738 1156 1773 (Rite.
1173 1739 1217 1772 24,

209 1791 235 1810 c.
253 1784 314 1816 637,
331 1784 348 1810 f.
366 1784 422 1817 96.)

696 1577 820 1612 Anagni‚
836 1577 870 1605 22
886 1579 1051 1613 septembre
1068 1579 1146 1606 1255.

251 1898 263 1911 «
290 1886 426 1920 Waltero,
445 1891 516 1915 nalo
531 1887 675 1922 Gaufridi
693 1887 726 1916 de
741 1887 892 1922 Rudltam,
915 1889 1024 1918 clerico
1040 1889 1218 1919 Norwicen-

208 1939 249 1966 sis
263 1938 397 1967 diocesis.
415 1939 482 1968 Tue
499 1938 684 1968 devotionis
701 1939 876 1970 sinceritas
893 1957 941 1969 -.
962 1941 1035 1970 Dat.
1052 1942 1216 1980 Anagnie,

209 1991 238 2019 X
255 1990 414 2021 kalendas
430 1991 585 2026 octobris,
606 2000 692 2021 anno
710 1992 827 2030 primo.
845 2004 857 2019 »

280 2161 370 2190 805

248 2223 475 2257 Archiepiscopo
493 2223 630 2249 Remensi
647 2224 775 2256 mandat,
793 2228 824 2251 ut
840 2224 956 2252 Petrum
973 2226 1007 2252 de
1024 2226 1216 2259 Morancellis,

209 2272 264 2298 sibi
282 2280 391 2303 carum,
407 2272 585 2306 capellanum
602 2271 624 2297 Ι,
642 2281 666 2299 s.
686 2272 829 2300 Laurentii
845 2275 872 2300 in
888 2273 996 2301 Lucina
1011 2275 1174 2311 cardinalis,
1189 2277 1218 2303 in

210 2321 332 2355 priorem
356 2321 537 2346 claustralem
560 2322 723 2347 monasterii
746 2329 770 2347 s.
794 2321 919 2357 Remigii
941 2322 1096 2350 Remensis
1113 2325 1218 2359 praefi-

209 2370 274 2398 ciat,
303 2373 398 2394 amoto
430 2370 522 2402 priore
552 2374 616 2403 post
644 2370 772 2404 elapsum
802 2371 951 2398 electionis
977 2376 1092 2407 tempus
1115 2373 1216 2400 electo.

210 2417 294 2450 (lteo.
315 2418 365 2450 24,
382 2426 408 2443 c.
426 2418 487 2448 638,
505 2417 523 2443 f.
539 2418 595 2450 96.)

693 2163 818 2197 Anagni,
839 2163 869 2190 13
886 2164 1049 2198 septembre
1069 2165 1146 2192 ¹255.

252 2531 264 2545 α
291 2541 323 2553 ..,
343 2519 568 2556 archiepiscopo
592 2520 739 2548 Remensi.
765 2520 815 2549 Ad
834 2525 981 2551 nostram
1005 2523 1137 2553 noveris
1159 2533 1218 2554 au-

209 2571 370 2601 dientiam
388 2571 591 2608 pervenisse,
610 2571 696 2609 quod
711 2572 876 2610 prioratus
889 2573 1077 2605 claustralis
1089 2585 1218 2607 monas-

210 2624 286 2653 terii
309 2624 415 2653 sancti
438 2624 584 2661 Remigii
608 2625 804 2660 Remensis,
829 2626 956 2656 ordinis
980 2629 1087 2658 sancti
1110 2629 1218 2659 Bene-

210 2677 300 2711 dicti,
320 2681 409 2706 tanto
426 2681 570 2714 tempore
583 2677 652 2715 jam
670 2678 807 2711 vacavit,
824 2679 910 2717 quod
926 2680 996 2718 ejus
1014 2681 1145 2711 collatio
1161 2691 1219 2720 per

208 2730 339 2768 lapsum
363 2730 518 2767 temporis
541 2730 635 2768 juxta
661 2731 820 2760 canonica
844 2732 999 2762 instituta
1021 2738 1071 2763 est
1092 2734 1133 2763 ad
1160 2734 1219 2765 Se-

209 2782 283 2812 dem
304 2782 517 2820 apostolicam
542 2782 709 2817 devoluta,
739 2783 815 2812 licet
836 2793 893 2821 per
915 2785 1068 2816 abbatem
1091 2790 1121 2816 et
1140 2795 1218 2816 con-

210 2839 345 2864 ventum
372 2834 478 2872 ipsius
505 2834 699 2863 monasterii
723 2835 857 2873 quidam
882 2837 1075 2874 monachus,
1107 2839 1218 2877 elapso

211 2891 355 2924 tempore
372 2886 460 2915 infra
477 2886 563 2924 quod
578 2890 729 2924 poterant
746 2891 776 2917 et
795 2888 957 2918 debebant
975 2889 1040 2927 ipsi
1056 2891 1218 2929 prioratui

1301 304 1484 341 providere,
1502 305 1540 336 de
1563 307 1648 336 sacto
1672 311 1794 337 temere
1819 307 1854 336 in
1877 307 1991 337 eodem
2006 307 2106 338 fuerit
2123 307 2311 338 institutus.

1301 356 1458 386 Volentes
1475 357 1576 395 igitur
1593 358 1700 389 eidem
1716 359 1878 397 prioratui
1892 359 1991 389 talem
2007 360 2120 397 prefici
2137 368 2313 398 personam

1302 409 1340 439 de
1357 409 1451 448 cujus
1468 410 1535 439 vita
1552 414 1582 440 et
1602 420 1730 440 morum
1749 411 1923 441 honestate
1940 411 2035 441 nobis
2056 411 2152 450 plene
2170 417 2311 448 constat,

1303 462 1498 492 mandamus
1515 464 1689 502 quatinus,
1708 464 1736 494 si
1758 464 1819 494 tibi
1841 465 1913 494 sine
1927 464 2047 504 judicii
2071 465 2211 503 strepitu
2234 474 2314 496 con-

1302 516 1424 545 stiterit
1441 516 1479 545 de
1499 516 1683 554 premissis,
1703 517 1886 556 prioratum
1900 518 2008 556 ipsum
2025 517 2144 548 dilecto
2163 518 2232 552 filio
2250 519 2314 549 Pe-

1303 572 1351 598 tro
1365 568 1638 607 dewMorancellis,
1652 569 1814 600 monacho
1828 570 1977 609 ejusdem
1988 571 2195 605 monasterii,
2209 570 2314 610 capel-

1302 620 1377 650 lano
1407 620 1520 651 dilecti
1546 621 1609 651 filii
1639 622 1743 652 nostri
1771 623 1795 652 Ι.
1829 622 1918 652 tituli
1943 623 2050 652 sancti
2076 623 2249 653 Laurentii
2277 623 2314 653 in

1304 674 1428 703 Lucina
1444 673 1631 712 presbyteri
1650 674 1847 710 cardinalis,
1866 683 1965 713 quem
1986 679 2119 712 experta
2144 675 2240 705 nobis
2263 676 2314 705 fa-

1302 726 1480 756 miliaritas
1499 735 1613 756 carum
1633 731 1663 757 et
1684 731 1855 766 acceptum
1874 727 1998 762 reddit,
2018 731 2126 757 amoto
2143 727 2183 757 ab
2199 727 2315 758 eodem

1302 779 1449 816 prioratu
1479 780 1605 817 prefato
1632 780 1794 810 monacho
1821 784 1852 810 et
1874 779 2023 819 quolibet
2047 779 2112 810 alio
2130 780 2312 816 detentore,

1302 841 1360 869 per
1376 835 1406 861 te
1422 831 1473 861 vel
1492 841 1549 870 per
1567 832 1670 862 aliurn
1687 832 1883 862 auctoritate
1905 836 2018 862 nostra
2039 833 2191 863 conferas
2207 838 2239 864 et
2261 842 2315 864 as-

1303 884 1426 921 signes.
1449 884 1635 914 Contrariis
1662 889 1722 915 etc.
1751 886 1905 915 Invocato
1929 889 1990 915 etc.
2013 886 2087 915 Non
2110 885 2262 915 obstante
2284 885 2315 916 si

1302 937 1388 966 dicto
1404 937 1515 966 abbati
1532 942 1563 968 et
1583 938 1760 968 conventui
1782 947 1841 968 suo
1858 937 2062 977 conjunctim
2076 937 2129 968 vel
2144 937 2280 968 divisim
2295 947 2314 968 a.

1302 989 1384 1019 Sede
1405 990 1584 1028 apostolica
1600 991 1643 1020 sit
1659 990 1836 1026 indultum,
1855 990 1942 1029 quod
1959 990 1999 1020 ad
2015 990 2237 1029 receptionem
2253 999 2315 1022 seu

1301 1043 1525 1080 provisionem
1548 1043 1690 1082 alicujus
1713 1043 1849 1073 minime
1874 1047 2060 1077 teneantur,
2079 1052 2137 1073 seu
2154 1043 2241 1082 quod
2257 1051 2313 1074 ex-

1302 1095 1552 1131 communicari,
1577 1095 1628 1126 vel
1650 1096 1820 1134 suspendi,
1847 1095 1898 1126 vel
1924 1095 2079 1126 interdici
2103 1104 2161 1134 per
2182 1095 2312 1126 litteras

1301 1149 1387 1178 dicte
1406 1148 1500 1178 Sedis
1520 1149 1555 1178 in
1578 1149 1699 1187 quibus
1725 1149 1764 1179 de
1789 1148 1918 1179 indulto
1941 1148 2132 1188 hujusmodi
2156 1148 2255 1188 plena
2280 1152 2313 1179 et

1301 1210 1456 1239 expressa
1483 1201 1608 1231 inserto
1633 1201 1739 1240 ipsius
1766 1205 1880 1232 tenore
1910 1201 2034 1232 mentio
2062 1210 2127 1231 non
2156 1200 2310 1237 habetur,

1301 1253 1402 1283 etiam
1418 1253 1446 1283 si
1463 1254 1676 1283 continentur
1692 1254 1728 1283 in
1749 1253 1797 1284 eis
1818 1253 1906 1292 quod
1920 1253 2069 1292 ipsarum
2086 1253 2312 1292 impetratori-

1301 1306 1362 1336 hus
1383 1306 1531 1345 quelibet
1547 1306 1632 1336 dicte
1649 1306 1744 1336 Sedis
1760 1305 1970 1344 indulgentia
1986 1314 2052 1336 non
2072 1305 2222 1336 obsistat.
2242 1305 2312 1336 Nos

1300 1359 1438 1397 insuper
1454 1359 1664 1389 decernimus
1684 1359 1819 1388 irritum
1841 1362 1872 1389 et
1888 1358 2000 1394 inane,
2019 1359 2047 1388 si
2064 1367 2160 1388 secus
2179 1358 2217 1388 de
2238 1357 2312 1396 ipso

1301 1412 1449 1450 prioratu
1465 1412 1583 1451 quavis
1600 1412 1796 1442 auctoritate
1819 1411 1996 1450 contigerit
2015 1411 2216 1450 attemptari.
2234 1411 2308 1441 Dat.

1301 1465 1464 1502 Anagnie,
1482 1464 1594 1494 idibus
1611 1464 1820 1502 septembris,
1839 1472 1926 1494 anno
1941 1464 2060 1502 primo.
2083 1475 2096 1490 »

1344 1618 1348 1619 ⁷
1373 1629 1464 1658 soe

1338 1691 1482 1727 Episcopo
1499 1691 1637 1718 Auriensi
1654 1690 1783 1722 mandat,
1803 1694 1833 1717 ut
1849 1690 2012 1717 cessionem
2031 1689 2184 1724 Fernandi,
2199 1690 2314 1717 abbatis

1303 1741 1470 1768 monasterii
1481 1740 1575 1767 Cellae
1588 1748 1687 1771 novae,
1700 1739 1809 1766 ordinis
1821 1747 1845 1766 s.
1860 1739 2021 1771 Benedicti,
2034 1738 2128 1774 ipsius
2139 1738 2275 1771 diocesis,
2287 1738 2313 1765 si

1302 1790 1480 1817 rationabilis
1501 1797 1588 1816 causa
1612 1789 1717 1822 subsit,
1739 1788 1905 1820 admittens,
1926 1788 1952 1815 ei
1979 1787 2127 1823 provideat
2149 1787 2312 1814 secundum

1301 1838 1378 1872 quod
1393 1838 1447 1864 sibi
1464 1837 1607 1864 videbitur
1622 1837 1768 1872 expedire.
1785 1837 1870 1870 (Rau.
1890 1836 1935 1870 24,
1952 1844 1978 1863 c.
1994 1837 2055 1868 639.
2076 1836 2097 1863 f.
2114 1836 2170 1870 96.)

1788 1628 1915 1662 Anagni,
1931 1628 1966 1656 22
1981 1628 2145 1663 septembre
2162 1628 2240 1655 1255.

1344 1952 1357 1966 u
1377 1963 1410 1975 ..,
1430 1940 1563 1977 episcopo
1578 1940 1732 1968 Auriensi.
1753 1939 1798 1969 Ex
1813 1942 1904 1977 parte
1922 1937 2034 1968 dilecti
2049 1955 2098 1966 —.
2115 1938 2190 1968 Dat.
2205 1938 2313 1975 Anag-

1302 1993 1368 2027 nie,
1384 1993 1416 2022 X
1431 1992 1590 2022 kalendas
1609 1991 1764 2027 octobris,
1784 2000 1870 2021 anno
1886 1991 2004 2029 primo.
2026 2003 2038 2017 n

1373 2158 1459 2186 80⁸2
1889 2154 2006 2190 Naples,
2026 2155 2056 2181 12
2073 2154 2145 2181 avril
2162 2154 2239 2182 1255.

1338 2220 1477 2254 Magistro
1495 2219 1645 2253 Radulpho
1660 2218 1695 2244 de
1713 2218 1869 2250 Mirabell0,
1888 2217 1996 2244 decano
2015 2217 2198 2248 pictaviensi,
2216 2216 2314 2251 capel-

1302 2270 1365 2295 lano
1387 2277 1451 2300 suo,
1475 2269 1521 2294 cui
1543 2268 1730 2294 Innocentius
1751 2276 1822 2302 papa
1837 2265 1878 2293 lV
1900 2266 2036 2299 indulsit,
2055 2269 2086 2292 ut
2101 2265 2158 2292 duo
2175 2264 2314 2291 beneficia

1301 2318 1508 2349 ecclesiastica,
1526 2317 1726 2345 etiani,0t1rani
1741 2317 1899 2342 animarum
1918 2315 2064 2347 habentia,
2081 2322 2146 2340 cum
2164 2313 2317 2346 beneficiis

1298 2368 1357 2400 jam
1375 2366 1500 2392 obtentis
1516 2373 1614 2391 curam
1630 2365 1753 2391 similem
1770 2373 1826 2391 non
1844 2363 2018 2390 habentibus
2029 2385 2036 2396 ,
2055 2363 2178 2389 retinere
2194 2362 2312 2395 valeret,

1301 2415 1433 2442 coneedit
1449 2415 1611 2440 facultatem
1627 2413 1824 2440 commutandi
1841 2420 1929 2439 unum
1941 2420 1976 2439 ex
1992 2411 2146 2446 praedictis
2163 2410 2314 2438 beneficiis

1303 2473 1353 2499 pro
1368 2464 1431 2490 alio.
1451 2463 1535 2497 (nso.
1552 2463 1596 2496 ⁵24,
1614 2470 1640 2489 c.
1657 2461 1718 2495 640,
1736 2462 1754 2488 ἱ.
1772 2462 1827 2494 96.)

1346 2577 1358 2591 «
1374 2565 1517 2602 Magistro
1532 2564 1660 2599 [indulso
1675 2563 1708 2592 de
1721 2563 1892 2597 Mirabello,
1911 2562 2022 2591 decano
2039 2561 2242 2593 Pictaviensi,
2260 2568 2314 2589 ca-

1299 2619 1420 2655 pellano
1435 2622 1547 2645 nostro.
1561 2616 1682 2646 Petitio
1697 2620 1752 2645 tua
1764 2615 1860 2645 nobis
1872 2632 1920 2643 —.
1936 2615 2010 2644 Dat.
2024 2612 2175 2651 Neapoli,
2191 2613 2224 2643 II
2237 2612 2313 2642 idus

1302 2669 1428 2708 aprilis,
1448 2678 1534 2699 anno
1550 2669 1667 2707 primo.
1690 2680 1702 2694 »

1373 2832 1465 2862 808
1860 2831 1986 2864 Amgni,
2006 2830 2036 2856 15
2050 2829 2145 2864 juillet
2162 2828 2238 2855 1255.

1338 2895 1436 2922 Eidem
1452 2895 1593 2929 indulget,
1611 2898 1650 2926 ut,
1669 2897 1782 2929 praeter
1797 2893 1968 2920 decanatum
1987 2891 2199 2918 I'ictaviensem
2217 2893 2245 2916 et
2260 2897 2313 2916 ec-
