2498 3325
949 205 1179 244 DEUXIEME
1200 207 1360 244 ANNEE.
2148 218 2208 249 325

108 281 352 319 fidejussoriam
378 281 576 316 cautionem,
603 285 653 316 ut,
684 281 712 310 si
738 284 855 311 extunc
879 281 968 309 infra
991 288 1116 309 annum

108 332 218 363 littere
243 333 486 370 predecessoris
515 333 661 372 ejusdem
687 333 721 362 in
748 333 844 362 bonis
870 333 1035 371 quondam
1061 333 1114 367 Ri,

107 386 294 425 patriarche
318 386 582 417 jerosolimitani
606 386 849 420 invenirentur,
869 395 927 423 per
943 394 1025 424 quas
1041 394 1116 423 pre-

108 439 261 470 decessor
283 439 352 477 ipse
376 439 481 469 dietas
503 439 763 477 quadringentas
782 447 910 467 marcas
928 437 1115 476 patriarche

108 491 378 522 Jerosolimitano
400 491 618 521 concessisset
641 491 765 526 eidem,
787 495 841 520 aut
862 499 920 520 nos
936 490 1117 520 Antioche-

110 553 189 573 num
204 544 427 582 patriarcham
443 548 473 574 et
489 544 672 582 principem
688 544 870 573 antedictos
888 543 1019 573 easdem
1035 552 1117 582 qua-

110 596 303 634 dringentas
326 606 454 626 marcas
480 596 601 626 habere
625 596 804 631 nollemus,
828 596 935 625 eidem
958 596 1116 633 magistro

108 649 237 687 Templi
259 658 387 679 marcas
410 649 599 679 restitueret
624 649 825 683 antedictas,
851 653 881 678 et
903 653 939 678 ut
959 649 1024 687 ipsi
1046 657 1117 677 ma-

110 702 213 740 gistro
241 702 367 739 Templi
397 711 495 740 super
523 702 584 731 hoc
614 701 800 731 omnimode
831 705 1013 736 caveretur,
1042 710 1117 739 pre-

110 754 195 784 dicte
216 754 456 792 quadringente
478 763 586 783 marce
606 754 691 792 apud
706 754 918 792 fidejussores
935 752 1116 791 superbiis

111 806 202 836 datos
219 816 323 845 usque
340 807 379 835 ad
395 806 579 844 predictum
598 810 724 844 tempus
738 806 962 835 conservande
973 806 1035 835 sub
1047 815 1117 843 pre-

109 859 207 888 dictis
233 858 480 888 conditionibus
506 858 653 896 deposite
679 859 869 888 extiterunt.
897 858 979 888 Cum
1006 862 1116 887 autem

109 911 196 940 dicta
214 915 311 940 terra.
330 920 393 949 que
412 920 509 949 passa
526 915 574 940 est
590 910 713 940 dudum
730 914 867 940 conatus
883 910 1016 939 hostilis
1033 911 1115 939 into-

107 963 263 994 lerabiles
280 963 439 1002 injurias,
460 963 601 1001 dampna
619 972 748 998 rerum,
769 963 881 1000 gravia
897 972 1115 1001 personarum

107 1016 303 1045 discrimina
325 1020 354 1045 et
373 1025 459 1045 nune
476 1015 689 1045 inimicorum
705 1015 781 1045 fidei
801 1015 1013 1053 aggressibus
1033 1015 1115 1044 vali-

107 1068 157 1098 dis
174 1068 317 1106 agitatur
330 1068 443 1097 multis
460 1072 491 1098 ct
506 1067 647 1105 magnis,
666 1072 699 1097 ut
717 1077 889 1105 resurgere
904 1067 1021 1102 valeat,
1038 1077 1115 1097 nos-

105 1124 200 1151 catur
218 1121 352 1150 auxiliis
376 1121 544 1158 indigere,
564 1121 651 1150 idem
674 1120 862 1158 patriarcha
885 1121 980 1151 nobis
1002 1121 1114 1150 humi-

105 1173 181 1203 liter
211 1174 425 1212 supplicavit,
456 1177 491 1203 ut
519 1173 691 1212 providere
718 1173 783 1211 ipsi
813 1178 896 1203 terre
925 1183 1023 1212 super
1053 1173 1113 1203 hoc

104 1226 366 1266 misericorditer
384 1235 588 1256 curaremus.

144 1278 304 1309 Nolentes
326 1279 429 1317 igitur
450 1279 596 1317 predicte
620 1284 706 1309 terre
730 1280 917 1309 subsidium
939 1280 968 1309 ei
990 1289 1007 1309 a.
1028 1280 1114 1309 dicto

104 1332 337 1370 predecessore
359 1341 553 1362 concessum
573 1332 784 1370 aliquatenus
802 1332 911 1361 minui
931 1332 988 1362 sed
1004 1333 1114 1370 potius

105 1384 276 1422 adaugeri,
292 1385 488 1414 mandamus
504 1385 677 1423 quatinus,
697 1385 725 1414 si
742 1385 834 1414 vobis
849 1394 914 1414 non
929 1385 1115 1415 constiterit

107 1437 195 1476 quod
216 1437 323 1467 dictus
343 1437 556 1475 predecessor
576 1437 760 1475 sepedictas
779 1438 1039 1476 quadringentas
1057 1448 1115 1476 pa-

106 1490 251 1520 triarche
272 1490 543 1521 Jerosolimitano
562 1491 763 1520 concesserit
779 1491 961 1526 antedicto,
979 1491 1115 1530 fidejus-

106 1552 199 1573 sores
224 1543 389 1581 predictos
415 1543 454 1573 ab
479 1543 680 1581 obligatione
706 1548 737 1573 et
760 1543 975 1582 fidejussione
997 1543 1116 1582 hujus-

108 1596 197 1625 modi
214 1596 408 1626 auctoritate
423 1600 535 1625 nostra
551 1596 623 1625 sine
637 1596 829 1626 difficultate
843 1596 990 1634 qualibet
1006 1596 1116 1626 absol—

71 1679 75 1683 ,
108 1653 239 1683 ventes,
278 1649 462 1687 sepedictas
498 1648 758 1687 quadringentas
794 1658 922 1678 marcas
958 1648 1115 1687 predictis

106 1701 295 1740 patriarche
311 1711 348 1731 ac
363 1702 505 1740 principi
517 1701 649 1731 faciatis
661 1701 870 1738 integraliter
881 1701 1042 1736 exhiberi,
1057 1711 1115 1740 per

106 1763 162 1785 eos
186 1755 226 1783 ad
250 1754 464 1784 intuitionem
487 1753 626 1784 ecclesie
649 1763 686 1783 acv
708 1754 853 1783 civitatis
873 1754 1111 1792 predictarum,

104 1811 202 1846 prout
222 1807 328 1845 magis
350 1807 501 1844 expedire
518 1807 673 1841 viderint,
696 1807 946 1837 convertendas.
968 1807 1018 1836 Ad
1039 1816 1114 1837 exe-

105 1860 272 1890 cutionem
301 1859 540 1889 nichilominus
566 1859 713 1889 mandati
738 1859 832 1889 vobis
853 1868 870 1888 a
891 1859 977 1889 dicto
997 1860 1114 1898 prede-

103 1921 234 1942 cessore
249 1911 338 1946 facti,
355 1911 389 1940 in
406 1911 540 1940 residuo
557 1911 745 1948 processuri
761 1911 855 1950 juxta
868 1911 1112 1949 predecessoris

103 1965 211 2003 ipsius
244 1965 445 1994 directarum
480 1964 520 1993 ad
551 1972 608 1993 vos
641 1964 882 1993 continentiam
912 1963 1111 1994 litterarum.

103 2017 371 2048 Contradictores
397 2020 457 2045 etc.
482 2017 554 2045 Dat.
584 2016 757 2051 Laterani,
782 2017 811 2046 V
831 2016 906 2045 idus
932 2016 1111 2051 februarii,

104 2078 192 2099 anno
213 2069 368 2100 secundo.
392 2081 404 2095 »

180 2281 298 2309 1087

141 2343 244 2370 Abbati
260 2343 294 2369 de
309 2343 428 2375 Jubino,
448 2343 645 2370 Antioclienae
662 2343 802 2375 diocesis,
823 2344 951 2375 mandat,
968 2343 1002 2369 ad
1024 2343 1114 2370 instar

103 2391 126 2418 1.
145 2400 233 2427 papae
252 2392 500 2426 praedecessoris,
517 2392 655 2426 quatinus
670 2392 796 2418 decimas
813 2392 940 2418 omnium
959 2392 1114 2418 ccclesias-

104 2441 226 2468 ticorutn
245 2444 435 2475 proventuum
460 2441 486 2466 in
509 2448 597 2474 regno
620 2439 705 2475 Cypri
722 2444 750 2466 et
771 2441 916 2475 provincia
933 2440 1115 2467 Antiochena

104 2489 282 2525 patriarchae
312 2489 397 2515 faeiat
425 2488 555 2515 exhiberi
586 2497 636 2523 pro
665 2488 823 2515 munitione
859 2489 945 2515 castri
975 2488 1113 2516 Cui-sarii.

100 2537 186 2573 (Res.
203 2537 246 2568 Q-t,
266 2538 283 2563 s.
303 2537 375 2569 133v,
391 2545 457 2563 ann.
475 2536 512 2569 11,
531 2545 556 2563 e.
574 2538 642 2566 74⁷.)

679 2281 792 2315 Latran,
808 2281 823 2308 0
841 2281 944 2307 sevi-ier
964 2280 1041 2307 1256.

149 2665 162 2680 α
185 2675 216 2687 ..,
235 2653 335 2681 abban:
351 2652 384 2681 dc
401 2653 522 2686 sabino,
542 2653 748 2681 cisterciensis
764 2652 893 2686 ordinis,
912 2653 1116 2681 Antiochenam

107 2706 242 2735 diocesis.
263 2705 332 2734 Etsi
350 2714 387 2734 ex
408 2705 557 2744 injuncto
582 2705 676 2734 nobis
700 2705 901 2743 apostolatus
918 2705 1025 2734 officio
1044 2705 1116 2734 uni-

107 2767 220 2788 versos
236 2758 356 2787 fratres
372 2761 403 2787 et
420 2757 630 2795 coepiscopos
647 2762 776 2787 nostros
793 2766 924 2795 pressos
944 2762 1116 2796 pauperta-

108 2810 151 2840 tis
171 2810 279 2840 media
302 2814 473 2840 teneamur
491 2809 730 2848 compassionis
749 2810 861 2840 oculos
878 2810 1016 2845 intueri,
1040 2809 1116 2840 illos

108 2866 218 2907 tamen
236 2863 292 2902 qui
312 2862 412 2901 positi
433 2862 468 2892 in
487 2863 594 2892 medio
613 2862 758 2892 nationis
775 2871 927 2901 perverse
945 2863 985 2892 ab
1001 2862 1117 2892 inimi-

1199 279 1246 308 cis
1261 280 1376 310 Crucis
1391 281 1517 311 Christi
1534 282 1629 320 quasi
1650 282 1805 312 continue
1826 282 2063 320 impugnantur
2082 284 2207 314 intueri

1199 332 1348 368 cogimur
1365 332 1541 363 sollicitius
1560 338 1589 363 et
1606 334 1773 369 debemus,
1789 340 1824 364 ut
1840 344 1876 364 ex
1893 335 1952 365 hoc
1965 336 2065 365 iidem
2083 337 2123 366 ad
2134 346 2206 375 per-

1200 384 1522 424 secutionemjacula
1540 387 1657 416 fortius
1673 387 1809 416 animati
1826 388 2206 419 incursusinimicorum

1200 436 1276 466 fidei
1294 442 1487 467 coercentur
1506 439 1687 476 patientius
1705 444 1907 477 supportare.
1927 441 2012 470 Sane
2029 441 2137 471 felicis
2154 451 2207 471 re-

1200 488 1401 517 cordationis
1418 490 1444 519 I.
1460 499 1541 527 papa
1555 491 1900 528 1311·‹;=tlecess01·noster,
1914 493 2081 523 intellecto
2094 494 2206 532 sepius

1200 540 1385 569 miserabili
1423 546 1509 570 statu
1547 546 1631 572 terre
1665 543 1870 573 Antiocheae
1899 545 2050 583 quodque
2082 546 2205 583 grande

1198 593 1384 630 periculum
1402 594 1501 623 etiam
1517 595 1615 624 Terre
1635 600 1746 625 sancte
1763 596 1936 626 imminere
1954 602 2077 634 poterat
2098 607 2135 627 ex
2152 599 2206 627 in-

1199 645 1346 674 fortunio
1366 646 1482 683 ipsius,
1502 646 1546 677 si,
1566 647 1653 685 quod
1669 647 1771 678 absit.
1791 649 2011 686 contingeret,
2031 650 2206 680 venerabi-

1198 696 1286 726 libus
1310 698 1469 728 sratribus
1491 699 1614 728 nostris
1632 723 1664 735 ..,
1686 699 1891 735 Nicosiensi,
1917 705 1946 730 et
1966 724 1997 735 ..,
2015 702 2207 732 Cesariensi

1199 750 1469 789 archiepiscopis,
1489 756 1518 781 et
1541 775 1572 787 ..,
1593 752 1781 782 Tusculano
1801 753 1962 791 episcopo,
1984 759 2060 783 tunc
2078 755 2111 783 in
2130 765 2206 793 par-

1201 803 1287 833 tibus
1310 803 1378 833 illis
1400 804 1578 841 apostolice
1605 805 1699 834 Sedis
1726 805 1844 842 legato.
1870 807 1987 843 primo,
2016 816 2050 836 ac
2076 808 2207 837 tandem

1198 856 1318 885 dilecto
1337 856 1405 886 silio
1421 857 1627 887 thesaurario
1645 858 1835 887 Berithensi
1853 859 1921 887 suis
1938 859 2025 888 dedit
2043 860 2103 888 sub
2118 864 2207 889 certa

1198 909 1301 938 forma
1320 909 1440 939 litteris
1456 911 1489 939 in
1504 911 1681 945 mandatis,
1696 915 1729 940 ut
1744 911 1925 940 venerabili
1938 912 2032 941 fratri
2045 917 2156 941 nostro
2172 935 2205 948 ..,

1197 962 1384 1000 patriarche
1409 963 1633 992 Antiocheno.
1655 972 1712 1001 pro
1733 964 1917 993 munitione
1942 965 2041 993 castri
2057 965 2208 995 Cursarii

1198 1015 1285 1053 quod
1297 1020 1345 1044 est
1360 1015 1565 1045 Antiochene
1579 1016 1746 1053 provincie
1762 1017 1856 1055 quasi
1870 1017 2051 1054 presidium
2065 1017 2208 1054 speciale

1198 1068 1360 1097 decimam
1395 1069 1542 1097 omnium
1580 1068 1880 1098 ecclesiastieorum
1916 1074 2136 1107 proventuum
2172 1070 2207 1098 in

1198 1130 1299 1158 regno
1320 1122 1422 1160 Cypri
1443 1126 1474 1151 et
1499 1122 1612 1151 eadem
1638 1122 1806 1159 provincia
1833 1132 1936 1160 usque
1962 1123 2001 1152 ad
2025 1123 2208 1152 triennium

1198 1177 1275 1203 tune
1292 1175 1440 1203 futurum
1455 1175 1598 1204 facerent
1616 1175 1776 1204 exhiberi.
1790 1175 2067 1205 Contradictores.
2083 1177 2209 1205 Verum

1199 1236 1273 1261 nos,
1293 1227 1379 1265 quod
1400 1236 1462 1256 non
1482 1228 1553 1257 sine
1571 1227 1674 1256 animi
1692 1228 1878 1257 turbatione
1896 1228 2088 1262 referimus,
2108 1227 2208 1257 intel-

1197 1280 1339 1317 ligentes
1365 1280 1607 1317 fidedignorum
1634 1280 1795 1310 relatione
1820 1280 1999 1310 multorum
2025 1280 2209 1310 novissima

1198 1333 1304 1370 ipsius
1322 1336 1407 1362 terre
1421 1333 1533 1371 pejora
1551 1333 1729 1370 prioribus,
1750 1337 1860 1371 utpote
1878 1342 1940 1371 que
1959 1333 2081 1362 dudum
2095 1333 2206 1371 acqui-

1198 1386 1272 1415 sitis
1290 1390 1319 1415 et
1339 1385 1520 1424 antiquatis
1537 1385 1663 1414 divitiis
1676 1385 1744 1424 jam
1758 1386 1826 1415 fere
1843 1385 1974 1423 penitus
1992 1390 2039 1415 est
2056 1389 2202 1420 exausta,

1198 1438 1269 1468 vias
1290 1438 1534 1476 predecessoris
1556 1438 1662 1475 ipsius
1685 1438 1805 1467 iterare
1827 1438 2066 1475 compellimur,
2085 1442 2115 1467 et
2138 1443 2205 1468 tam

1198 1491 1339 1521 euridem
1350 1490 1573 1528 patriarcham
1588 1500 1685 1529 quam
1699 1491 1990 1528 terramprefatam
2002 1490 2204 1529 provisionis

1199 1547 1310 1573 nostre
1331 1543 1425 1573 oculo
1446 1543 1582 1572 intueri.
1604 1543 1689 1572 Hinc
1712 1547 1759 1573 est
1778 1544 1880 1581 igitur
1899 1544 2002 1582 quod,
2025 1544 2130 1581 ipsius
2147 1553 2205 1582 pa—

1199 1597 1342 1626 triarche
1372 1596 1525 1634 precibus
1552 1596 1721 1631 inclinati,
1749 1596 1945 1625 mandamus
1976 1596 2134 1634 quatinus
2165 1596 2205 1625 ab

1198 1649 1366 1679 universis
1386 1649 1546 1678 fratribus
1570 1649 1692 1678 nostris
1709 1649 1967 1686 archiepiscopis
1991 1653 2021 1678 et
2042 1649 2205 1687 episeopis

1199 1706 1229 1732 et
1241 1701 1370 1731 dilectis
1388 1701 1466 1731 filiis
1483 1701 1669 1736 abbatibus,
1688 1701 1866 1738 prioribus,
1880 1701 2025 1735 decanis,
2039 1701 2206 1730 archidia-

1198 1754 1291 1784 conis
1318 1758 1349 1784 et
1374 1753 1450 1783 aliis
1476 1753 1691 1783 ecclesiarum
1713 1753 1909 1788 rectoribus,
1927 1762 2055 1783 necnon
2075 1753 2207 1783 assisiis

1198 1807 1413 1837 ecclesiarum
1439 1810 1469 1835 et
1494 1806 1624 1835 clericis
1654 1806 1822 1835 universis
1851 1806 1945 1843 regni
1977 1810 2007 1836 et
2037 1806 2206 1844 provincie

1197 1860 1419 1898 predictorum
1439 1863 1504 1888 tam
1526 1859 1685 1897 exemptis
1707 1868 1805 1897 quam
1825 1868 1888 1888 non
1907 1859 2076 1897 exemptis,
2096 1859 2206 1897 cujus-

1197 1921 1338 1950 cumque
1365 1911 1539 1949 religionis
1566 1911 1635 1941 sive
1663 1911 1865 1941 conditionis
1891 1912 2050 1946 existant,
2081 1911 2207 1942 Cister-

1197 1965 1378 2000 cieiisil‘uis,
1397 1964 1594 2003 Tcmplariis
1611 1969 1641 1994 et
1658 1964 1894 2002 Hospitalariis
1912 1965 2078 1994 dumtaxat
2096 1974 2207 2002 excep-

1197 2017 1257 2052 tis,
1276 2017 1376 2046 etiam
1397 2017 1425 2046 si
1442 2026 1478 2046 ex
1499 2016 1673 2054 premissis
1695 2016 1799 2054 aliqui
1826 2017 2027 2054 privilegiati
2050 2017 2204 2052 existant,

1197 2069 1284 2108 quod
1300 2069 1409 2099 littere
1427 2069 1604 2107 apostolice
1621 2072 1735 2098 contra
1751 2069 1840 2107 ipsos
1854 2069 2045 2099 firmitatem
2062 2078 2127 2098 non
2146 2069 2207 2098 ha-

1196 2122 1295 2151 beant
1312 2131 1374 2160 que
1391 2121 1429 2151 de
1446 2122 1593 2159 ipsorum
1610 2121 1725 2151 ordine
1743 2130 1807 2150 non
1825 2121 1964 2151 fecerint
1982 2122 2204 2157 mentionem,

1197 2174 1342 2203 decimas
1356 2174 1505 2203 omnium
1522 2182 1656 2203 suorum
1669 2178 1887 2211 proventuum
1905 2174 2207 2203 ecclesiasticorum

1196 2227 1341 2265 partium
1363 2226 1542 2256 earundem
1564 2235 1669 2264 usque
1689 2226 1729 2255 ad
1751 2226 1933 2255 triennium
1954 2236 2012 2264 per
2032 2230 2063 2256 te
2079 2226 2129 2256 vel
2149 2235 2208 2264 per

1198 2279 1300 2309 alium
1318 2279 1382 2317 ipsi
1399 2278 1586 2316 patriarche
1604 2279 1708 2308 facias
1725 2278 1893 2313 exhiberi,
1919 2288 1977 2317 per
1993 2279 2133 2309 eundem
2150 2288 2208 2317 pa-

1198 2332 1376 2362 triarcham
1394 2332 1427 2361 in
1442 2332 1664 2361 munitionem
1681 2340 1717 2361 ac
1734 2332 1963 2361 defensionem
1979 2332 2117 2369 predicti
2136 2340 2206 2361 cas-

1198 2385 1239 2414 tri
1252 2385 1401 2415 Cursarii
1415 2385 1664 2414 convertendas.
1678 2384 1957 2414 Contradictores.
1971 2385 2043 2414 Non
2057 2384 2208 2414 obstante

1198 2437 1435 2467 constitutione
1458 2437 1496 2466 de
1519 2437 1647 2466 duabus
1670 2437 1768 2466 dietis
1788 2437 1875 2466 edita
1896 2437 1930 2466 in
1951 2437 2090 2467 coneilio
2107 2446 2208 2474 gene-

1199 2490 1261 2520 rali
1284 2499 1343 2520 seu
1370 2490 1398 2519 si
1424 2489 1592 2528 aliquibus
1620 2499 1638 2519 a
1663 2490 1745 2519 Sede
1772 2489 1951 2527 apostolica
1976 2490 2019 2519 sit
2041 2489 2208 2519 indultum

1200 2543 1287 2582 quod
1307 2542 1461 2571 interdici
1485 2547 1540 2571 aut
1564 2542 1844 2572 excommunicari
1868 2546 2034 2581 nequeant
2058 2542 2108 2572 vel
2135 2552 2209 2572 sus-

1198 2596 1308 2634 pendi,
1328 2595 1480 2634 quodque
1501 2595 1541 2624 ad
1561 2595 1786 2633 provisionem
1807 2595 1858 2624 vel
1875 2595 2129 2624 subventionem
2146 2595 2209 2624 ali-

1199 2649 1292 2687 cujus
1312 2647 1463 2685 compelli
1483 2639 1547 2677 non
1566 2648 1694 2685 possint
1715 2657 1772 2685 per
1792 2647 1919 2677 litteras
1941 2647 2036 2677 Sedis
2059 2647 2208 2686 ejusdem

1199 2710 1262 2739 que
1279 2701 1316 2729 de
1334 2700 1462 2729 indulto
1474 2700 1664 2739 hujusmodi
1681 2710 1745 2729 non
1763 2700 1902 2729 fecerint
1920 2700 2133 2735 mentionem,
2150 2708 2209 2729 seu

1201 2753 1348 2792 quolibet
1373 2752 1437 2782 alio
1464 2762 1528 2791 quo
1550 2753 1760 2791 presentibus
1787 2762 1851 2782 non
1880 2761 2034 2790 expresso
2062 2751 2210 2781 mandati

1200 2806 1306 2836 nostri
1324 2805 1473 2835 executio
1491 2806 1645 2844 impediri
1662 2805 1767 2835 valeat
1788 2805 1839 2834 vel
1860 2805 1998 2835 differri.
2017 2806 2089 2834 Dat.
2112 2805 2209 2833 Late-

1201 2859 1286 2894 rani,
1306 2859 1334 2888 V
1350 2858 1424 2888 idus
1441 2858 1614 2894 februarii,
1636 2867 1721 2887 anno
1739 2858 1894 2888 secundo.
1915 2870 1927 2883 n
