2498 3325
971 233 1194 270 PREMOERE
1216 234 1375 270 ANNEE.
2163 244 2221 275 239

201 304 280 333 '⁷8¹

165 367 270 392 Abbati
285 370 313 392 et
329 366 484 392 conventui
499 367 666 392 monasterii
683 374 706 392 s.
726 367 882 399 Augustini
899 366 1131 398 Cantuariensis,

128 415 280 441 ecclesiam
302 414 336 440 de
360 414 497 440 Prestone
520 416 545 440 in
571 423 642 440 usus
666 415 796 448 proprios
815 414 958 440 concedit,
982 413 1064 446 (itm.
1087 413 1131 444 2¹4,

127 471 154 490 c.
171 463 231 493 693,
249 463 267 490 f.
285 463 335 493 94;
353 463 498 490 Po'rrffls'r
519 463 622 494 t5888.‚

726 305 843 339 Naplcs,
860 306 892 331 ²27
911 306 964 330 mai
982 305 1060 331 1255.

171 576 182 589 κ
268 565 384 599 Abbati,
407 569 433 593 et
455 565 619 593 conventui
640 565 820 593 monasterii
841 564 941 592 sancti
966 564 1134 600 Auyuslini

128 617 371 646 Cantuariensis.
391 617 430 645 acl
451 617 617 645 Romanam
639 618 803 646 Ecclesiam
824 617 910 645 millo
928 616 1024 644 medio
1037 616 1135 653 perti-

127 671 239 698 nentis.
257 670 376 698 ordinis
391 671 490 698 sancti
505 670 668 698 Benedicti.
687 670 822 699 Sincere
840 669 1024 698 devotionis
1040 668 1135 698 affec-

130 727 181 752 tus
203 740 252 750 —.
274 721 403 751 Vestris
422 722 524 759 igitur
546 722 700 760 precibus
719 721 886 756 inclinati,
906 721 1079 751 ecclesiam
1096 721 1134 751 de

128 776 298 807 Prestone‚
317 775 570 821 Captuariensis
584 775 736 809 diocesis,
750 775 784 804 in
799 775 928 814 quajus
942 778 1135 812 patronatus

128 827 269 857 habetis.
288 836 361 856 cum
378 827 532 857 omnibus
545 828 677 866 juribus
694 832 725 857 et
743 827 955 866 pertinentiis
973 827 1058 862 suis,
1079 836 1136 856 vo-

128 880 179 909 his
193 880 227 908 in
242 889 322 910 usus
336 880 484 918 proprios
497 880 692 910 auctoritate
706 881 911 919 presentium
924 880 1135 910 concedimus

127 932 165 962 de
187 932 291 970 gratia
315 932 462 970 speciali,
482 933 574 962 vobis
597 933 836 963 nichilominus
860 933 1082 970 indulgentes,
1099 936 1136 961 ut

127 985 329 1022 corporalem
350 985 456 1023 ipsius
477 985 615 1015 ecclesie
635 986 891 1024 possessionem,
910 995 984 1015 cum
1000 985 1136 1015 cedente

127 1037 178 1067 vel
201 1038 377 1067 decedente
398 1038 490 1068 illius
511 1042 637 1068 rectore
658 1038 710 1068 vel
726 1039 843 1077 quovis
861 1038 926 1068 alio
942 1038 1037 1067 modo
1053 1038 1136 1075 legi-

127 1090 207 1119 timo
220 1091 395 1120 vacaverit.
410 1091 604 1121 auctoritate
618 1092 761 1129 propria,
774 1101 837 1121 non
851 1091 1001 1121 obstante
1015 1090 1134 1120 consti-

128 1143 254 1172 tutione
281 1144 456 1179 contraria,
485 1153 542 1182 per
568 1153 624 1173 vos
652 1143 704 1173 vel
731 1143 875 1182 aliquem
903 1148 1050 1173 vestrum
1076 1152 1135 1172 seu

128 1195 231 1225 alium
248 1196 376 1233 ingredi
394 1196 497 1226 libere
514 1196 663 1232 valeatis,
683 1206 719 1226 ac
737 1201 915 1235 proventus
932 1197 1038 1234 ipsius
1054 1196 1135 1225 inte-

129 1258 184 1286 gre
206 1249 373 1287 percipere
392 1249 426 1278 in
447 1259 527 1279 usus
547 1250 784 1280 convertendos
804 1249 949 1283 eosdem,
968 1249 1136 1279 diocesani

130 1301 274 1339 episcopi
300 1301 350 1331 vel
377 1302 602 1331 archidiaconi
624 1302 687 1331 loci
713 1312 771 1332 seu
796 1302 973 1341 cujuslibet
998 1302 1136 1332 alterius

130 1363 270 1383 assensu
284 1354 421 1384 minime
436 1355 608 1393 requisito.
622 1355 759 1385 Proviso
773 1355 931 1384 attentius
945 1355 1032 1393 quod
1048 1355 1136 1384 vica-

130 1408 179 1437 110
201 1413 357 1445 perpetuo
374 1407 408 1436 in
425 1408 538 1437 eadem
559 1407 699 1437 ecclesia
717 1408 892 1442 servituro,
911 1416 1007 1446 quem
1026 1408 1136 1437 dioce-

130 1469 209 1489 sano
235 1461 392 1489 canonice
420 1460 666 1498 presentabitis,
691 1464 929 1498 competentem
957 1460 1135 1498 assignetis

128 1513 166 1542 de
190 1513 296 1550 ipsius
319 1512 457 1542 ecclesie
475 1513 688 1550 proventibus
707 1513 901 1550 portionem.
922 1512 959 1541 de
977 1522 1041 1551 qua
1058 1522 1135 1542 con-

127 1575 207 1603 grue
233 1566 413 1595 sustentari
438 1570 468 1595 et
491 1566 691 1604 episcopalia
716 1575 751 1594 ac
775 1565 840 1595 alia
866 1565 971 1603 ipsius
996 1565 1134 1595 ecclesie

126 1627 226 1647 onera
247 1622 452 1656 suppm‘tare,
472 1618 545 1656 jure
567 1618 742 1647 diocesano
763 1618 871 1656 quoad
890 1618 1135 1647 institutionem

125 1675 155 1701 et
172 1671 433 1705 destitutionem,
451 1671 687 1700 correctionem
703 1674 731 1700 et
746 1670 969 1700 visitationem
987 1670 1134 1709 ejusdem

126 1724 242 1753 vicarii
265 1732 394 1761 semper
413 1723 514 1752 salvo.
539 1724 606 1753 Nos
624 1723 727 1757 enim,
752 1724 911 1762 quicquid
927 1728 1038 1753 contra
1060 1733 1135 1761 pre-

126 1777 230 1807 sentis
248 1776 367 1805 indulti
385 1781 532 1805 tenorem
551 1776 588 1805 de
608 1776 695 1805 dicta
711 1776 847 1805 ecclesia
868 1785 941 1805 cum
954 1776 1087 1815 juribus
1104 1780 1135 1806 et

126 1829 338 1867 pertinentiis
367 1829 436 1858 suis
466 1829 500 1857 in
528 1829 747 1867 prejudicium
776 1833 921 1858 vestrum
947 1835 1059 1858 nostra
1085 1829 1135 1859 vel

127 1882 243 1920 (plavis
258 1882 452 1911 auctoritate
468 1890 524 1919 per
538 1890 779 1919 quemcumque
797 1882 920 1910 sactum
932 1881 982 1911 vel
996 1886 1135 1920 attemp-

128 1940 230 1964 tatum
256 1934 366 1969 suerit,
390 1934 522 1963 irritum
543 1934 752 1963 decernimus
775 1939 805 1963 et
827 1934 937 1963 inane.
959 1934 1051 1964 Nulli
1073 1939 1133 1964 etc.

129 1993 239 2017 nostre
256 1987 481 2017 etun-essionis
500 1991 530 2016 et
546 1987 795 2016 constitutionis
813 1992 873 2016 etc.
892 1988 962 2016 Dat.
983 1987 1132 2025 Neapoli,

129 2041 173 2070 VI
190 2040 347 2070 kalendas
361 2039 460 2077 junii,
479 2048 565 2068 anno
581 2040 697 2077 primo.
722 2054 733 2064 υ

203 2199 287 2227 ’282
730 2197 848 2232 Napies,
864 2197 897 2224 29
914 2198 968 2223 mai
988 2198 1065 2223 1255.

165 2261 328 2288 Abbatibus
345 2261 379 2286 de
394 2269 418 2286 s.
436 2260 603 2286 Eadmundo
621 2264 648 2287 et
667 2260 701 2286 de
720 2260 870 2287 &Valtham
892 2260 1022 2292 mandat,
1043 2264 1072 2287 ut
1087 2261 1137 2286 ab-

129 2311 222 2337 batem
246 2314 273 2336 ct
293 2313 466 2336 conventum
487 2317 511 2336 s.
534 2309 691 2343 Augustini
713 2308 931 2335 Cantuariensis
953 2310 979 2335 in
997 2310 1137 2336 ecciesiae

128 2359 162 2385 de
194 2359 332 2385 l’restone
358 2359 572 2392 possessionem
599 2358 751 2384 defendere
781 2362 942 2392 procurent.
977 2358 1060 2391 (Rau.
1092 2358 1136 2392 ⁶24,

128 2417 154 2435 c,
171 2408 244 2441 623¹,
261 2408 278 2434 f.
297 2408 354 2440 94.)

171 2522 183 2536 1(
255 2510 287 2537 de
303 2514 406 2538 sancto
425 2509 621 2543 Eadmzcndo,
641 2514 665 2537 ct
687 2531 719 2543 ..,
738 2509 770 2537 (le
792 2510 942 2538 Waltham
961 2510 1135 2544 abbatibus,

127 2563 227 2591 sancti
246 2562 397 2591 Benedicti
413 2568 437 2591 et
454 2563 553 2591 sancti
571 2562 738 2599 Augustini
754 2563 913 2597 ordinum,
934 2563 1138 2591 Norwz'censz‘s

129 2620 153 2644 et
170 2616 386 2645 Londonz'ensi.s·
399 2616 575 2644 diores-iam.
590 2615 725 2644 Sincere
737 2615 922 2645 devotionis
938 2616 1075 2645 affectus
1087 2632 1136 2643 —-.

129 2668 202 2697 Dat.
222 2668 372 2706 Neapoli,
391 2669 458 2698 1111
474 2668 633 2698 kalendas
646 2668 746 2707 junii,
763 2677 849 2698 anno
866 2669 983 2707 primo.
1004 2682 1016 2695 n

203 2833 290 2861 ¹783
728 2832 895 2866 Naples‚·18
914 2834 967 2859 mai
989 2834 1063 2860 1255.

168 2895 273 2921 Abbati
294 2899 322 2922 et
341 2895 494 2921 conventui
512 2895 677 2921 monasterii
694 2902 718 2922 s.
736 2894 894 2928 Augustini
910 2894 1138 2927 cantuariensis,
1178 2920 1183 2933 Ι

1215 306 1365 332 ecclesiam
1390 306 1423 332 de
1452 307 1604 341 Selliuges,
1630 307 1846 334 Cantuariensis
1869 308 2004 341 diocesis,
2033 311 2060 335 in
2087 311 2222 344 proprios

1217 362 1287 379 usus
1303 355 1444 380 concedit.
1465 355 1546 386 (Rau.
1564 356 1606 386 ⁸34,
1624 365 1649 382 c.
1667 356 1739 388 623³,
1757 357 1775 382 t.
1793 357 1844 387 94}
1866 356 2010 384 Porri-iasr
2030 358 2132 389 15868.)

1257 460 1269 472 (ι
1290 448 1404 476 Eisdem
1422 449 1522 477 abbati
1537 454 1562 477 et
1582 451 1755 485 conventui,
1780 455 1811 479 ut
1830 460 1935 488 supra.
1955 451 2119 489 Equitatis
2134 453 2220 482 ratio

1216 500 1390 537 persuadet
1405 517 1454 530 —.
1473 501 1544 530 Dat.
1565 502 1719 539 Neapoli,
1746 503 1805 531 XV
1827 502 1984 532 kalendas
2000 504 2107 542 junii,
2133 513 2219 534 anno

1216 561 1332 590 primo.
1352 564 1365 578 n

1289 703 1375 730 ’284
1817 703 1933 738 Naples,
1949 705 1979 731 31
2000 707 2054 731 mai
2073 707 2151 733 1255.

1255 763 1391 790 praefatis
1402 764 1553 790 abbatibus
1567 765 1601 790 de
1614 773 1638 790 s.
1656 765 1822 791 Eadmundo
1838 769 1866 791 et
1881 765 1915 791 de
1931 766 2077 793 Wl'altham
2095 768 2218 801 mandat,

1219 816 1249 839 ut
1273 813 1403 838 abbatem
1428 817 1456 839 et
1479 817 1652 839 conventum
1678 814 1843 840 monasterii
1866 822 1888 840 s.
1915 815 2073 848 Augustini
2096 815 2223 843 Cantua-

1218 861 1322 887 riensis
1339 863 1365 887 in
1383 862 1522 888 ecclesiae
1543 862 1577 887 de
1593 861 1733 896 Sellinges
1751 863 1965 896 possessionem
1987 863 2138 890 defendere
2155 873 2225 899 pro-

1217 915 1328 936 curent.
1346 911 1429 942 (Rae.
1447 910 1493 940 ⁶24,
1507 919 1534 937 c.
1551 911 1624 944 623¹,
1642 911 1661 937 f.
1680 911 1747 942 94¹³.)

1260 1017 1272 1031 «
1290 1005 1406 1034 Eisdem
1427 1028 1459 1039 ..,
1477 1005 1510 1034 de
1531 1011 1634 1034 sancto
1651 1006 1846 1036 Eadmundo.
1869 1012 1901 1035 ut
1925 1016 2031 1044 supra.
2056 1007 2221 1045 Equitatis

1218 1058 1302 1087 ratio
1324 1058 1515 1095 persuadet,
1545 1062 1579 1087 ut
1605 1058 1711 1095 gratia
1735 1058 1865 1088 dilectis
1888 1059 1967 1089 filiis
1987 1083 2019 1094 ..,
2042 1060 2171 1095 abbati,
2193 1064 2223 1089 et

1217 1110 1395 1140 convent-ui
1411 1110 1605 1139 monasterii
1625 1111 1731 1140 sancti
1749 1112 1929 1148 Augustini
1950 1111 2222 1147 Cantuariensis,

1218 1163 1258 1192 ad
1274 1164 1458 1192 Romanam
1474 1163 1657 1193 Ecclesiam
1674 1163 1764 1193 nullo
1781 1164 1889 1193 medio
1906 1165 2113 1201 pertinentis,
2134 1165 2223 1194 ordi-

1218 1215 1270 1245 nis
1287 1215 1393 1245 sancti
1410 1216 1593 1251 Benedicti,
1612 1216 1652 1245 ab
1669 1217 1848 1254 apostolica
1864 1218 1947 1247 Sede
1965 1218 2050 1247 sacta
2067 1218 2224 1247 continuo

1218 1268 1329 1305 vigore
1349 1268 1514 1306 perduret,
1535 1272 1565 1298 et
1582 1268 1621 1303 si,
1640 1269 1770 1307 quando
1787 1269 1821 1298 in
1839 1270 1970 1307 proviso
1991 1279 2068 1299 casu
2088 1275 2148 1299 ctc.
2168 1280 2224 1299 us-

1219 1330 1281 1359 que
1303 1331 1308 1349 :
1327 1321 1361 1349 in
1378 1330 1443 1359 qua
1463 1320 1564 1350 iidem
1587 1321 1688 1350 abbas
1710 1325 1740 1351 et
1758 1326 1939 1351 conventus
1959 1322 2012 1360 jus
2032 1327 2224 1360 patronatus

1218 1373 1341 1402 habent
1364 1373 1403 1401 ad
1426 1373 1582 1402 vestitum
1607 1373 1844 1403 monachorum
1870 1375 2007 1412 predicti
2030 1375 2224 1405 monasterii

1218 1425 1394 1462 ascriptam
1412 1425 1452 1454 ab
1468 1425 1516 1454 eis
1532 1425 1566 1454 in
1584 1435 1664 1455 usus
1679 1426 1811 1455 eosdem
1828 1426 1910 1464 ipsis
1928 1436 1984 1464 per
2000 1436 2076 1457 suas
2094 1427 2223 1458 litteras

1218 1477 1371 1507 duxerint
1394 1479 1671 1513 confirmandam,
1691 1488 1761 1515 nOS,
1781 1480 1927 1509 volentes
1953 1480 2077 1509 eisdem
2102 1481 2136 1509 in
2162 1480 2223 1509 hac

1218 1535 1308 1569 parte
1326 1531 1465 1568 gratiam
1482 1532 1591 1561 facere
1611 1532 1816 1570 ampliorem,
1836 1533 2010 1562 ecelesiam
2026 1534 2131 1571 ipsam
2148 1542 2222 1563 cum

1214 1583 1346 1622 juribus
1365 1587 1396 1612 et
1412 1584 1623 1621 pertinentiis
1640 1585 1710 1614 suis
1727 1585 1775 1614 eis
1791 1585 1825 1613 in
1840 1594 1920 1614 usus
1935 1586 2066 1615 eosdem
2084 1594 2140 1623 per
2152 1594 2224 1615 nos-

1218 1640 1284 1666 tras
1308 1636 1435 1666 litteras
1456 1636 1495 1666 de
1521 1638 1626 1674 gratia
1651 1638 1876 1667 concessimus
1900 1638 2047 1676 speciali.
2070 1640 2144 1668 Non
2167 1639 2225 1668 ob-

1218 1693 1325 1718 stante
1342 1689 1428 1727 quod
1444 1690 1545 1719 iidem
1563 1689 1736 1719 ecclesiam
1753 1691 1859 1728 ipsam
1876 1691 2070 1721 auctoritate
2093 1691 2225 1729 propria

1218 1741 1252 1770 in
1278 1751 1358 1771 usus
1388 1741 1578 1780 hujusmodi
1607 1742 1671 1771 sibi
1700 1743 1865 1773 ascribere
1896 1744 2136 1782 nequiverunt,
2166 1753 2223 1773 seu

1218 1793 1304 1832 quod
1327 1794 1360 1822 in
1388 1794 1566 1823 eorundem
1594 1795 1865 1832 predecessorum
1890 1796 2010 1826 litteris
2038 1797 2226 1826 continetur

1218 1846 1391 1875 ecclesiam
1404 1847 1443 1876 ad
1456 1856 1510 1876 eos
1523 1847 1619 1884 pleno
1632 1848 1706 1886 jure
1723 1853 1882 1885 spectare,
1897 1853 1927 1878 et
1943 1849 2030 1887 quod
2040 1849 2227 1879 Alexander

1218 1899 1383 1937 quondam
1396 1904 1457 1928 etc.
1473 1909 1578 1938 usque
1593 1911 1598 1928 :
1616 1910 1745 1938 semper
1756 1901 1858 1931 salvo.
1872 1902 1939 1931 Nos
1954 1902 2054 1937 enim,
2068 1902 2227 1941 quicquid

1218 1956 1332 1981 contra
1355 1953 1516 1989 premissa
1532 1953 1583 1982 vel
1606 1962 1718 1983 eorum
1745 1954 1879 1992 aliquod
1902 1959 2013 1984 nostra
2036 1955 2084 1984 vel
2110 1955 2226 1993 quavis

1219 2005 1413 2034 auctoritate
1424 2005 1495 2034 fieri
1508 2006 1694 2043 contigerit.
1706 2007 1838 2035 irritum
1851 2007 2059 2037 decernimus
2072 2012 2101 2037 et
2114 2008 2225 2037 inane.

1219 2057 1379 2093 Quocirca
1413 2058 1609 2088 mandamus
1639 2059 1797 2096 quatinus
1823 2060 1986 2097 predictos
2015 2060 2167 2090 abbatem
2196 2065 2226 2090 et

1220 2114 1419 2139 conventum
1448 2110 1483 2139 in
1510 2111 1656 2149 ejusdem
1687 2111 1824 2141 ecclesie
1851 2113 2096 2150 possessionem
2121 2113 2227 2150 ipsius

1219 2162 1355 2191 cedente
1380 2166 1441 2192 etc.
1468 2167 1503 2192 ut
1528 2163 1563 2192 in
1585 2164 1708 2201 prima,
1729 2173 1834 2202 usque
1855 2174 1860 2193 :
1889 2174 2018 2203 semper
2036 2165 2137 2195 salvo.
2157 2166 2225 2195 Nos

1220 2215 1320 2250 enim⁷
1336 2215 1494 2253 quicquid
1511 2220 1624 2245 contra
1639 2217 1800 2254 premissa
1814 2217 1865 2247 vel
1879 2227 1993 2247 eorum
2008 2218 2141 2256 aliquod
2155 2227 2227 2248 nos-

1220 2273 1270 2297 tra
1293 2268 1342 2298 vel
1366 2269 1482 2306 quavis
1505 2269 1699 2299 auctoritate
1722 2270 1794 2299 lieri
1818 2271 2005 2308 eontigerit,
2023 2271 2154 2301 irritum
2172 2272 2229 2301 de·-

1220 2321 1388 2350 cernimus
1405 2325 1435 2350 et
1454 2322 1563 2351 inane.
1584 2322 1745 2358 Quocirca
1765 2323 1961 2353 mandamus
1980 2324 2137 2362 quatinus
2154 2333 2228 2362 pre-

1220 2374 1324 2403 dictos
1356 2374 1508 2403 abbatem
1545 2378 1575 2404 et
1611 2379 1807 2404 conventum
1841 2376 1876 2404 in
1906 2376 2054 2414 ejusdem
2090 2377 2228 2407 ecclesie

1221 2426 1465 2464 possessionem
1483 2431 1543 2456 etc.
1558 2431 1593 2456 ut
1607 2427 1641 2455 in
1657 2428 1755 2457 tertia
1772 2428 1946 2466 superiori,
1963 2438 2069 2467 usque
2085 2439 2091 2458 :
2108 2431 2229 2460 Datum

1220 2479 1370 2517 Neapoli,
1391 2480 1421 2509 ΙΙ
1433 2479 1592 2509 kalendas
1605 2480 1704 2518 junii,
1723 2489 1810 2510 anno
1825 2481 1942 2518 primo.
1960 2494 1972 2507 »

1294 2637 1379 2665 '285

1259 2698 1362 2724 Abbati
1384 2702 1412 2724 ct
1433 2699 1586 2725 conventui
1610 2699 1775 2726 monasterii
1797 2708 1820 2726 5.
1839 2700 1996 2734 Augustini
2013 2700 2230 2728 Cantuariensis

1822 2638 1939 2673 Naplcs.
1956 2639 1989 2665 25
2005 2641 2059 2665 mai
2080 2641 2154 2666 1255.

1222 2747 1373 2773 ecclesiam
1395 2748 1429 2773 dc
1448 2747 1611 2779 l'bunsted,
1629 2748 1774 2775 Rotiensis
1790 2749 1929 2780 diocesis,
1947 2758 2012 2776 cum
2030 2751 2164 2777 omnibus
2176 2752 2230 2784 ju—

1222 2796 1303 2822 ribus
1320 2797 1346 2822 in
1366 2804 1436 2821 usus
1454 2797 1584 2831 proprios
1600 2798 1741 2824 concedit.
1762 2798 1843 2825 «Itan.
1860 2798 1903 2828 ⁴24,
1921 2806 1945 2824 c.
1964 2800 2038 2830 0:¹3⁶,
2057 2800 2074 2825 f.
2093 2801 2162 2831 94‘1.)

1265 2903 1277 2917 «
1296 2892 1411 2919 Eisdem
1427 2892 1527 2920 abban·
1543 2897 1567 2920 et
1584 2893 1758 2927 conventui,
1776 2898 1808 2921 ul
1825 2902 1930 2930 supra
1948 2894 2139 2924 Devotionis
2156 2904 2230 2924 ves-
