2498 3325
997 233 1220 271 PREMIERE
1242 233 1401 270 ANNEE.

150 320 225 341 mus
242 314 273 340 et
296 309 542 348 capellanorum
560 314 749 340 nostrorum
771 308 921 339 societati
942 312 973 337 et
995 306 1159 336 consortio

152 371 382 401 aggregamus,
399 361 547 392 volentes
562 366 599 391 ut
616 362 654 391 de
668 366 776 391 cetero
791 360 907 391 sociali
924 360 963 389 ab
976 359 1023 388 eis
1039 359 1073 387 in
1090 367 1160 387 om-

152 415 252 445 nibus
265 414 401 444 caritate
420 415 572 444 tracteris
589 418 619 444 et
637 418 794 452 tanquam
807 422 921 443 eorum
937 421 971 441 re
988 411 1160 448 concapel-

151 467 250 497 lanus
266 469 298 496 et
319 466 453 495 nomine
474 466 559 495 sicut
574 475 662 495 unus
683 474 721 495 ex
742 465 825 503 ipsis
850 463 1031 502 capellanie
1050 466 1160 491 nostre

152 527 290 548 munere
307 527 344 547 ac
366 518 540 556 participio
558 517 706 556 potiaris.
726 516 819 546 Nulli
841 520 902 545 etc.
921 519 1030 545 nostre
1048 522 1160 551 recep-

152 571 255 602 tionis
275 574 306 600 et
325 570 574 600 constitutionis
591 574 649 600 etc.
669 571 742 600 Dat.
760 568 928 606 Anagnie,
945 568 1029 597 XIII
1045 566 1161 595 kalen-

154 624 212 654 das
229 623 374 661 augusti,
392 632 478 652 anno
493 623 611 661 primo.
633 634 646 648 »

225 774 312 801 562

191 835 233 861 De
253 835 371 869 juribus
393 835 644 861 archidiaconatus
666 835 822 861 Remensis
845 833 1051 860 ordinationem
1076 832 1163 858 Inno-

154 884 240 910 centii
256 883 309 914 JV,
323 883 454 909 Laterani
467 883 554 909 XVII
570 883 706 909 kalendas
720 882 855 909 februarii
870 881 1054 917 pontificatus
1070 881 1164 915 ipsius

153 940 228 958 anno
246 932 337 966 primo
353 931 458 965 datam,
474 932 613 966 approbat
629 935 656 957 et
673 932 770 958 refert.
790 931 871 963 (Rae.
886 931 930 961 ⁶24.
945 938 970 956 c.
985 929 1044 960 464,
1061 929 1078 955 f.
1095 928 1163 961 67¹.)

709 772 836 807 Anagni,
854 772 884 798 21
899 771 994 806 juillet
1014 770 1088 796 1955,

197 1045 210 1059 «
231 1034 274 1067 T.,
294 1033 535 1071 archiepiscopo,
556 1038 582 1061 et
599 1033 754 1068 Ottobono,
773 1033 873 1062 sancti
888 1033 1022 1061 Adriani
1037 1032 1164 1060 diacono

155 1086 327 1120 cardinali,
356 1086 574 1115 archidiacono
600 1087 748 1114 Remensi.
776 1085 897 1115 Felicis
924 1083 1163 1114 recordationis

152 1137 342 1168 Innocentii
365 1146 447 1176 pape
467 1137 710 1175 predecessoris
727 1137 832 1167 nostri
848 1137 977 1167 litteras
992 1135 1163 1174 perspexi-

155 1199 230 1220 mus
246 1190 282 1219 in
296 1190 358 1220 hec
373 1190 474 1220 verba
492 1200 498 1219 :

708 1243 821 1273 Latran,
840 1243 871 1269 16
885 1242 998 1276 janvicr
1017 1241 1092 1268 1954.

200 1316 212 1330 «
229 1304 461 1339 Innocentius,
482 1305 671 1343 episcopus,
690 1313 805 1334 servus
822 1313 993 1334 servorum
1013 1303 1091 1338 Dei,
1109 1312 1166 1333 ve-

159 1368 173 1383 »
198 1356 341 1387 nei-abili
358 1357 454 1387 fratri
469 1358 518 1393 T„
537 1357 803 1396 archiepiscopo,
824 1361 855 1387 et
875 1357 994 1386 dilecto
1016 1356 1085 1385 filio
1108 1356 1166 1386 Ot-

160 1420 174 1435 r>
198 1409 329 1445 tobono,
355 1410 461 1439 sancti
484 1410 624 1439 Adriani
647 1410 784 1439 diacono
803 1409 980 1444 cardinali,
999 1409 1165 1439 archidia-

159 1473 175 1492 »,
198 1470 279 1491 60110
291 1462 461 1497 Remensi,
470 1462 611 1492 salutem
621 1467 653 1492 et
662 1461 876 1500 apostolicam
886 1462 1163 1492 benedictionem.

157 1525 172 1540 π
197 1514 281 1544 Cum
296 1523 395 1552 super
409 1515 643 1553 jurisdictione
661 1515 748 1544 circa
768 1514 872 1544 multa
890 1519 921 1544 et
937 1515 1067 1544 diversa
1079 1514 1166 1553 juri-

158 1578 172 1593 »
196 1566 259 1596 bus
271 1566 523 1605 quampluribus
536 1570 567 1597 et
578 1567 749 1597 nonnullis
761 1567 863 1597 variis
876 1567 1026 1597 articulis
1038 1567 1166 1596 ratione

159 1631 173 1645 »
198 1619 487 1649 archidiaconatus
503 1620 679 1650 Remensis
696 1620 826 1658 questio
839 1620 927 1649 inter
943 1629 1000 1649 vos
1016 1623 1087 1649 orta
1098 1620 1166 1648 sue-

160 1684 173 1698 »
199 1673 241 1702 rit
258 1676 288 1702 et
304 1672 430 1702 diutius
447 1673 580 1710 agitata,
599 1673 732 1702 demum
750 1673 962 1711 presentibus
980 1677 1010 1702 et
1026 1681 1167 1702 consen-

160 1737 173 1752 »
198 1726 359 1755 tientibus
378 1726 482 1760 vobis,
501 1726 630 1764 questio
648 1726 762 1755 eadem
777 1735 834 1764 per
848 1726 1022 1764 quamdam
1038 1725 1166 1755 ordina-

159 1790 173 1805 »
198 1779 322 1808 tionem
344 1783 375 1808 et
395 1779 481 1816 apud
502 1778 620 1808 Sedem
636 1778 851 1816 apostolicam
868 1779 1060 1813 terminata,
1081 1778 1167 1808 sicut

159 1842 173 1857 »
197 1830 231 1859 111
249 1830 466 1869 sequentibus
483 1830 682 1860 continetur.
700 1831 768 1860 Nos
785 1831 888 1868 igitur
904 1831 1023 1860 vestris
1041 1831 1167 1869 snppli-

159 1894 172 1909 »
197 1883 384 1913 cationibus
413 1882 578 1918 inclinati,
608 1883 851 1913 ordinationem
877 1884 1036 1918 eandem,
1068 1893 1167 1922 quam

157 1947 171 1961 ι)
196 1935 399 1965 advertimus
416 1940 446 1965 et
463 1935 689 1965 intelleximus
711 1936 899 1974 diligenter,
919 1941 1024 1966 ratam
1041 1943 1072 1966 et
1093 1946 1168 1975 gra-

157 1999 171 2014 »
196 1993 261 2018 tam
279 1988 451 2022 habentes,
469 1988 575 2026 ipsam
590 1989 786 2019 auctoritate
800 1989 979 2027 apostolica
996 1990 1167 2019 confirma-

158 2052 172 2068 »
196 2049 270 2070 mus
286 2044 347 2071 etc.
370 2050 475 2079 usque
494 2050 500 2069 τ
518 2041 774 2071 communimus.
794 2042 1019 2072 Decernentes
1040 2047 1071 2072 et
1092 2052 1168 2080 pre-

158 2105 172 2120 »
197 2093 358 2131 cipientes
375 2093 489 2123 eadem
506 2093 717 2128 auctoritate,
738 2098 773 2123 ut
790 2093 981 2133 hujusmodi
1003 2095 1168 2125 ordinatio

159 2157 173 2172 n
196 2154 214 2175 a
235 2145 328 2175 vobis
354 2149 385 2174 et
407 2145 562 2175 omnibus
590 2146 839 2176 successoribus
860 2147 980 2177 vestris
999 2147 1167 2185 perpetuis

159 2211 173 2226 x>
196 2198 399 2236 temporibus
411 2198 650 2228 inviolabiliter
663 2199 872 2235 observetur;
889 2209 986 2238 quam
1002 2200 1168 2238 siquidem

160 2264 174 2279 »
198 2252 237 2281 de
259 2251 359 2281 verbo
379 2251 419 2280 ad
441 2251 579 2280 verbum
599 2251 749 2281 seriatim
768 2252 980 2290 presentibus
1003 2253 1168 2281 conscribi

160 2316 173 2331 n
199 2308 229 2334 et
249 2303 402 2333 annotari
418 2304 458 2333 ad
472 2308 664 2342 perpetuam
680 2304 873 2334 memoriam
890 2304 1042 2340 fecimus,
1061 2309 1095 2334 ut
1110 2314 1169 2342 per

160 2369 174 2383 n
199 2356 300 2386 talem
321 2356 600 2394 conscriptionem
625 2360 655 2386 et
677 2357 926 2386 annotationem
943 2357 1033 2386 bulla
1056 2361 1169 2387 nostra

161 2421 175 2436 n
200 2409 364 2439 munitam
383 2408 482 2447 plena
501 2409 582 2439 fides
605 2414 636 2439 et
656 2410 819 2439 certitudo
840 2409 878 2440 de
898 2410 1059 2448 premissa
1079 2409 1168 2439 ordi-

161 2474 175 2489 »
200 2462 335 2492 natione
364 2461 488 2500 absque
518 2461 656 2492 alterius
685 2462 847 2500 scripture
872 2462 923 2492 vel
953 2462 1169 2491 instrumenti

162 2526 176 2542 n
201 2513 415 2544 amminiculo
438 2522 496 2543 seu
519 2514 712 2552 probatione
730 2515 765 2543 iu
783 2519 976 2553 perpetuum
994 2514 1166 2544 habeatur.

161 2579 176 2594 n
200 2568 240 2597 Et
266 2566 342 2596 licet
367 2566 475 2596 eidem
501 2566 705 2596 ordinationi
727 2568 891 2597 Remense
915 2567 1097 2605 capitulum
1117 2567 1169 2597 vel

162 2631 177 2647 n
202 2628 282 2649 suus
297 2622 490 2657 procurator
505 2618 643 2648 minime
659 2619 850 2649 interfuerit
866 2629 926 2649 nec
940 2620 1010 2659 ejus
1023 2628 1170 2657 superea

162 2683 177 2699 n
199 2672 334 2702 habitus
357 2671 400 2701 sit
422 2680 596 2706 assensus,
618 2671 770 2702 volumus
791 2676 899 2702 tamen
921 2676 952 2702 et
967 2672 1169 2710 precipimus

161 2736 176 2751 »
198 2724 308 2759 illam,
325 2723 387 2753 hoc
406 2732 471 2753 non
494 2723 662 2760 obstante,
691 2725 820 2754 firmam
843 2729 874 2755 et
897 2725 1060 2755 illibatam
1079 2725 1170 2754 omni

162 2788 177 2804 1>
201 2780 346 2814 tempore
362 2784 557 2814 permanere
574 2785 580 2804 ε
601 2776 792 2814 supplentes
805 2777 841 2806 in
858 2777 920 2807 hac
939 2782 1032 2815 parte
1052 2777 1170 2815 hujus-

163 2841 177 2856 »
201 2828 290 2859 modi
319 2828 484 2858 defectum
510 2828 617 2866 ipsius
644 2828 781 2867 capituli
808 2829 847 2859 de
875 2829 1083 2868 plenitudine
1112 2837 1171 2867 po-

163 2893 178 2908 »
202 2882 344 2912 testatis.

2192 243 2242 271 171

1285 318 1296 331 n
1316 305 1511 335 Ordinatum
1528 310 1575 335 est
1598 306 1708 344 itaque
1730 306 1815 343 apud
1832 306 1948 335 Sedem
1965 307 2101 336 eandem
2121 317 2245 344 proces-

1283 357 1374 386 sibus
1402 357 1556 387 omnibus
1579 362 1644 386 tam
1666 367 1722 395 per
1743 358 1825 387 bone
1849 358 2007 387 memorie
2031 360 2247 389 Portuensem

1283 408 1473 446 episcopum
1499 418 1597 447 quam
1620 418 1677 446 per
1703 418 1926 447 quoscumque
1948 410 2029 439 alios
2054 412 2247 442 anctoritate

1284 459 1460 497 apostolica
1478 460 1658 497 superbiis
1676 460 1811 495 habitis,
1830 471 1886 498 per
1903 470 1960 490 nos
1974 463 2103 499 penitus
2116 473 2249 493 revoca-

1284 514 1336 543 tis.
1360 515 1446 552 quod
1469 515 1506 543 de
1533 519 1640 544 cetero
1663 515 1930 552 archiepiscopus
1948 520 1976 545 et
1994 517 2247 547 archidiaconus

1284 568 1466 597 Rcmenses
1483 571 1513 597 et
1529 576 1643 596 omnes
1661 576 1773 597 eorum
1790 576 2008 598 successores,
2027 571 2082 607 qui
2101 580 2156 607 pro
2172 575 2247 600 tem-

1284 628 1361 656 pore
1378 619 1513 648 suerint.
1537 624 1602 648 tam
1628 628 1684 656 per
1706 628 1739 648 se
1763 628 1861 656 quam
1882 629 1938 657 per
1951 621 2107 650 ‹iliu-iales
2125 632 2200 651 snos
2220 628 2249 652 et

1285 671 1426 709 quisque
1443 671 1589 708 ipsorum
1608 680 1666 708 per
1687 680 1720 700 se
1742 675 1771 700 et
1793 671 1827 699 in
1849 671 1989 701 solidum
2007 680 2201 710 cognoscant
2221 680 2251 704 ct

1285 723 1453 753 diffiniant
1471 723 1508 752 de
1525 723 1635 752 causis
1650 723 1803 752 on‘ulibus
1821 724 2121 755 matrimoniali]·us
2138 731 2167 755 et
2182 728 2251 765 qui-

1285 775 1491 813 buscumque
1509 775 1584 804 aliis
1603 779 1666 803 tam
1684 775 1839 804 civilibus
1854 784 1951 813 quam
1966 777 2200 807 ecclesiasticis
2217 779 2251 807 111

1286 828 1419 857 civitate
1437 831 1467 857 et
1484 827 1756 856 archidiaconatu
1769 828 2009 860 Remensibus;
2029 834 2057 858 et
2075 830 2160 859 circa
2176 840 2253 860 cau-

1287 890 1340 910 sas
1358 880 1490 909 easdem
1509 879 1649 917 predicti
1668 879 1937 917 archiepiscopus
1954 885 1982 909 et
2002 881 2254 912 archidiac-omis

1287 942 1323 962 ac
1338 933 1390 962 sui
1409 941 1617 962 successores
1635 941 1813 970 eorumque
1831 932 1987 962 officiales
2002 938 2032 962 et
2047 934 2187 971 quilibet
2203 935 2254 973 ip-

1288 994 1399 1015 sorum
1415 995 1472 1023 per
1489 994 1524 1014 se
1541 985 1671 1022 plenam
1689 989 1720 1014 et
1735 984 1874 1014 liberam
1894 985 2038 1015 habeant
2060 991 2254 1024 potestatem

1288 1038 1423 1072 citandi,
1440 1037 1607 1072 monendi,
1626 1037 1812 1066 diffiniendi
1829 1041 1859 1067 et
1876 1046 2007 1067 omnem
2021 1047 2194 1068 censuram
2207 1049 2254 1069 ec-

1287 1090 1509 1120 clesiasticam
1526 1090 1699 1119 exercendi
1717 1098 1753 1118 ac
1771 1090 1915 1119 faciendi
1934 1090 2079 1128 quelibet
2099 1092 2174 1125 alia,
2194 1102 2256 1130 que

1284 1143 1384 1182 judex
1413 1142 1659 1172 ecclesiasticus
1685 1146 1792 1180 potest
1819 1142 1928 1172 facere
1954 1143 1991 1172 de
2017 1144 2256 1174 consuetudine

1288 1196 1340 1225 vel
1356 1196 1393 1225 de
1407 1196 1482 1234 jure
1496 1199 1526 1224 et
1539 1195 1625 1233 quod
1641 1204 1754 1224 omnes
1771 1199 1801 1224 et
1816 1195 1940 1232 singuli
1955 1200 2020 1224 tam
2034 1195 2145 1225 clerici
2158 1206 2255 1234 quam

1287 1248 1365 1278 laici
1384 1248 1422 1278 de
1441 1248 1574 1277 civitate
1591 1251 1621 1277 et
1639 1247 1910 1277 archidiaconatu
1927 1248 2160 1283 Remensibus,
2178 1249 2257 1279 libe-

1288 1310 1359 1330 ram
1376 1300 1520 1338 eligendi
1538 1300 1602 1329 sibi
1620 1309 1677 1338 pro
1701 1309 1758 1329 sue
1780 1300 1960 1330 voluntatis
1983 1301 2119 1330 arbitrio
2136 1302 2170 1330 in
2187 1311 2257 1331 om-

1289 1354 1388 1383 nibus
1412 1357 1442 1383 et
1463 1352 1606 1390 singulis
1628 1352 1738 1381 causis
1758 1352 1916 1390 predictis
1936 1353 1970 1382 in
1987 1353 2115 1392 judices
2133 1354 2183 1383 vel
2205 1364 2257 1383 ar-

1289 1405 1537 1443 chiepiscopum
1573 1406 1772 1434 Remensem
1809 1409 1864 1434 aut
1905 1405 1975 1443 ejus
2015 1406 2172 1435 officiales
2206 1406 2257 1436 vel

1290 1458 1561 1488 archidiaconum
1584 1458 1783 1487 Remensem
1804 1466 1862 1486 seu
1883 1457 2056 1487 officialem
2078 1458 2184 1496 ipsius
2201 1459 2258 1497 qui

1290 1520 1377 1540 nunc
1399 1514 1476 1540 sunt
1498 1509 1549 1540 vel
1573 1510 1629 1548 qui
1652 1518 1710 1547 pro
1733 1514 1877 1547 tempore
1900 1511 2025 1540 suerint
2045 1510 2189 1541 habeant
2208 1512 2258 1541 fa-

1290 1563 1457 1593 cultatem.

1292 1629 1304 1642 »
1330 1616 1399 1654 Ipsi
1424 1619 1534 1644 autem
1557 1615 1826 1652 archiepiscopus
1848 1619 1879 1644 ct
1900 1615 2153 1646 archidiaconus
2174 1616 2259 1646 bona

1289 1669 1353 1698 fide
1374 1667 1583 1706 promittant,
1612 1667 1769 1697 officiales
1797 1677 1872 1697 vero
1898 1677 2011 1698 eorum
2035 1673 2065 1698 et
2090 1669 2146 1707 qui
2172 1679 2259 1699 nunc

1290 1725 1367 1751 sunt
1385 1725 1415 1750 et
1432 1720 1489 1758 qui
1511 1729 1568 1757 pro
1588 1724 1733 1757 tempore
1754 1720 1879 1749 suerint
1902 1721 1935 1749 in
1957 1721 2120 1759 principio
2140 1722 2191 1751 sui
2209 1732 2260 1751 re-

1291 1773 1426 1811 giminis
1453 1782 1512 1802 seu
1535 1781 1609 1802 cum
1633 1773 1779 1810 ceperint
1803 1782 1898 1802 suum
1921 1782 2071 1803 exercere
2097 1775 2258 1809 officium,

1286 1827 1399 1865 jurent
1423 1825 1510 1864 quod
1531 1834 1591 1854 nec
1613 1834 1671 1863 per
1693 1834 1727 1854 se
1749 1834 1809 1855 nec
1831 1835 1888 1863 per
1909 1826 1990 1855 alios
2012 1826 2193 1864 impedient
2210 1828 2260 1856 vel

1293 1878 1472 1907 turbabunt
1484 1877 1615 1915 publice
1628 1877 1677 1906 vel
1689 1877 1827 1912 occulte,
1846 1887 1905 1907 nec
1922 1878 2090 1915 patientur
2101 1883 2261 1917 quantum

1290 1931 1324 1960 111
1346 1931 1394 1960 eis
1413 1930 1513 1959 fuerit
1538 1930 1665 1959 turbari
1687 1939 1744 1967 per
1766 1930 1895 1968 aliquos
1921 1940 1979 1960 seu
2004 1931 2158 1969 impediri
2180 1932 2260 1969 quin

1290 1983 1461 2020 litigantes
1477 1991 1535 2012 seu
1554 1982 1717 2020 agitantes
1734 1991 1852 2012 causas
1869 1992 1946 2012 suas
1966 1987 2105 2013 tractent
2119 1988 2148 2013 et
2165 1993 2261 2022 expe-

1290 2036 1382 2065 diant
1405 2044 1460 2065 eas
1482 2035 1517 2064 iu
1540 2035 1632 2064 curia
1651 2043 1750 2073 quam
1772 2034 1967 2069 maluerint,
1989 2035 2057 2064 sive
2077 2035 2260 2073 archiepis-

1291 2089 1363 2126 copi
1381 2088 1450 2117 sive
1471 2087 1698 2117 archidiaconi
1715 2091 1770 2116 aut
1787 2095 1900 2116 eorum
1921 2087 2111 2116 officialium
2130 2096 2186 2124 pro
2203 2096 2261 2118 sue

1290 2142 1385 2171 libito
1404 2141 1596 2171 voluntatis.
1616 2142 1662 2169 Dc
1682 2149 1782 2169 causa
1803 2149 1933 2178 quoquc
1956 2140 1990 2168 in
2010 2149 2076 2169 una
2094 2141 2186 2170 curia
2204 2150 2261 2178 per

1291 2195 1482 2224 citationem
1500 2193 1551 2223 vel
1574 2193 1638 2222 alio
1663 2193 1757 2222 modo
1778 2193 1909 2230 incepta
1928 2192 1962 2221 in
1986 2192 2051 2222 alia
2074 2193 2166 2222 curia
2185 2202 2261 2230 cog-

1290 2247 1382 2277 nosci
1399 2247 1449 2276 vel
1466 2246 1603 2275 diffiniri
1621 2254 1686 2274 uon
1702 2245 1817 2283 possit,
1836 2245 1936 2274 immo
1952 2245 1991 2274 ad
2003 2245 2129 2274 curiam
2145 2245 2178 2274 in
2197 2255 2260 2283 qua

1291 2300 1422 2337 incepta
1438 2299 1539 2328 fuerit
1555 2299 1706 2336 protinus
1726 2298 1925 2327 remittatur.
1943 2297 2049 2328 Cause
2067 2302 2174 2327 tamen
2192 2298 2261 2327 feu-

1292 2352 1393 2387 dales,
1410 2352 1438 2382 si
1452 2356 1647 2381 moveantur
1664 2351 1698 2379 111
1716 2351 1808 2380 curia
1825 2350 2054 2380 archidiaconi
2071 2355 2099 2379 et
2118 2351 2261 2388 excipia-

1292 2410 1344 2435 tur
1363 2414 1473 2435 coram
1493 2405 1564 2442 ipso
1586 2403 1637 2433 vel
1657 2404 1727 2442 ejus
1746 2403 1878 2433 officiali
1897 2412 1967 2433 rem
1987 2403 2166 2440 litigiosam
2192 2403 2261 2432 fore

1291 2459 1329 2487 tle
1356 2457 1453 2487 feudo
1479 2461 1647 2495 spectante
1674 2456 1713 2486 ad
1741 2456 2026 2494 archiepiscopum
2055 2460 2085 2485 et
2113 2456 2151 2485 de
2179 2455 2260 2490 hoc,

1292 2515 1386 2549 prout
1412 2510 1507 2540 debet
1530 2514 1675 2544 constet,
1700 2509 1740 2538 ad
1765 2509 1873 2547 ipsum
1899 2508 2183 2546 archiepiscopum
2210 2517 2262 2537 re-

1292 2564 1478 2592 mittantur.

1295 2629 1307 2643 »
1335 2618 1380 2646 De
1407 2616 1477 2646 roia
1500 2620 1608 2645 autem
1635 2620 1740 2649 terre,
1770 2614 1798 2644 si
1823 2614 1945 2652 aliquis
1972 2623 2070 2652 super
2095 2623 2132 2643 ea
2157 2614 2262 2651 primo

1293 2669 1412 2699 adierit
1446 2667 1572 2697 curiam
1604 2666 1847 2701 archidiaconi,
1880 2666 1997 2701 faciat,
2029 2670 2201 2703 cognoscat
2232 2670 2263 2695 et

1292 2725 1440 2751 exerceat
1457 2720 1726 2757 archiepiscopus·
1745 2728 1802 2757 per
1819 2728 1868 2753 se,
1889 2718 2015 2747 balivos
2032 2723 2061 2748 et
2079 2718 2261 2756 prepositos

1294 2784 1382 2809 suos,
1401 2774 1487 2803 sicut
1502 2773 1627 2807 facere,
1645 2780 1842 2809 cognoscere
1857 2775 1887 2801 et
1904 2780 2055 2801 exercere
2072 2771 2260 2805 consuevit,

1292 2828 1393 2857 iidem
1406 2826 1506 2856 etiam
1522 2825 1625 2855 balivi
1641 2829 1671 2855 et
1685 2824 1843 2863 prepositi
1856 2824 1894 2854 de
1911 2823 2020 2854 causis
2033 2822 2262 2853 criminalibus

1295 2885 1327 2910 et
1347 2879 1525 2919 cujuslibet
1547 2878 1689 2913 faciant,
1712 2880 1911 2915 cognoscant
1933 2880 1963 2906 et
1984 2875 2159 2910 diffiniant,
2178 2874 2263 2904 sicut
