2498 3325
959 219 1182 256 PREMIERE
1204 220 1363 257 ANNEE.
2147 236 2204 267 231

115 295 142 320 in
165 293 280 320 feudum
304 286 397 319 castra
422 292 522 326 Bizini,
548 293 687 324 Modicae,
714 293 782 319 sicli
811 292 913 327 [Scictil
939 296 967 318 et
991 291 1118 317 Palatioli

118 342 293 376 [Palazzolol,
318 342 517 376 Syracusanae
539 341 665 368 diocesis
690 353 695 367 :
721 342 816 368 dictus
836 345 931 367 autem
955 340 1117 374 Rogerius,

113 391 353 425 quotiescumque
365 386 493 416 Ecclesia
506 390 633 416 Romana
645 391 806 424 generalem
823 390 979 416 exercitum
996 396 1119 422 congre-

114 439 240 471 gaverit,
258 443 353 465 teneat
373 439 406 464 ad
427 439 610 465 serviendum
633 439 778 465 Ecclesiae
794 439 892 465 decem
911 438 1015 464 milites
1031 437 1118 463 armis

113 472 140 514 et
155 490 238 522 equis
254 488 388 514 decenter
404 488 541 514 munitos.
559 487 642 521 (Hm.
659 488 702 519 24.
718 496 744 514 c.
756 488 816 518 600,
831 488 850 514 f.
862 487 922 518 91v;
937 486 1115 517 Ronsuasne,

114 540 133 563 t.
152 536 204 567 111,
224 536 339 568 n0411)

155 650 167 664 «
193 638 294 666 Nobili
314 638 379 666 viro
397 638 519 673 Boyerio
538 637 657 666 Finecte
677 638 710 666 de
731 638 872 669 Lentino,
899 637 982 673 fideli
1004 641 1116 665 ttsoslro.

112 690 241 720 Eximia
261 689 445 719 devotionis
462 693 491 718 et
513 689 697 719 constantie
714 693 768 718 tue
784 689 903 718 merita
926 689 973 718 sic
996 688 1118 726 premi-

113 749 190 773 nent
206 747 236 773 et
254 742 452 781 prefulgent,
471 741 567 780 quod,
586 741 663 770 dum
678 741 925 779 precellentiam
944 745 973 771 et
990 741 1119 770 clarita-

111 801 177 826 tem
208 795 354 833 ipsorum
391 793 610 827 attendimus,
643 797 688 822 tot
721 793 778 822 illa
810 793 910 830 digna
940 793 1055 830 gratiis
1088 796 1118 822 et

111 848 284 879 beneficiis
312 847 513 876 arbitramur
537 846 621 884 quod
647 846 699 874 vix
730 845 852 884 aliquis
878 845 972 875 nobis
1002 845 1118 874 modus

111 899 341 931 retributionis
365 903 525 931 occurret,
556 907 614 936 per
640 907 738 936 quem
765 906 877 927 eorum
908 897 1118 927 altitudinem

110 953 273 990 condigno
298 951 464 990 possimus
484 951 610 989 premio
628 959 858 988 compensare;
880 954 1012 987 propter
1032 949 1119 988 quod

111 1005 229 1035 attenti
247 1003 360 1034 sedulo
377 1012 492 1033 sumus
509 1007 539 1032 et
555 1002 674 1040 vigiles
693 1007 724 1032 et
741 1002 828 1031 eirca
843 1001 905 1031 hoc
926 1002 1119 1040 frequenter

111 1058 266 1095 cogitatio
285 1061 396 1086 nostra
417 1060 579 1091 versatur,
601 1060 635 1085 ut
653 1064 709 1093 pro
726 1055 848 1084 talibus
866 1054 1032 1093 tantisque
1049 1064 1118 1084 me-

111 1111 185 1140 ritis
202 1118 376 1148 personam
395 1113 482 1138 tuam
500 1113 529 1138 et
546 1108 717 1146 oportunis
734 1107 911 1137 fulciamus
925 1108 1119 1137 munificen-

111 1164 167 1193 tiis
188 1167 217 1192 et
239 1162 394 1199 congruis
412 1161 595 1191 honoribus
618 1160 811 1191 exaltemus.
836 1160 917 1191 Cum
943 1160 1046 1198 igitur
1066 1160 1119 1189 in-

110 1215 285 1245 tendamus
302 1215 341 1244 ad
357 1223 493 1252 presens
513 1214 573 1242 tibi
595 1214 629 1242 in
646 1222 748 1251 regno
765 1213 877 1243 Sicilie
895 1213 933 1243 de
950 1212 1118 1251 aliquibus

111 1269 208 1298 bonis
227 1268 267 1297 ad
285 1268 476 1297 demanium
495 1276 553 1296 seu
572 1266 780 1296 excadentias
802 1266 900 1296 Curie
921 1265 1120 1304 pertinenti-

112 1322 185 1351 bus.
201 1330 239 1351 ex
253 1321 374 1359 quibus
389 1320 449 1349 tibi
464 1319 611 1349 redditus
626 1319 773 1348 valentes
788 1318 874 1347 circa
888 1318 1045 1348 ducentas
1060 1327 1118 1347 un-

113 1375 180 1404 cias
198 1374 271 1403 auri
288 1373 460 1402 annuatim
476 1372 688 1410 proveniant,
707 1371 895 1409 providere,
915 1371 980 1400 tuis
997 1370 1118 1408 suppli-

111 1426 298 1456 cationibus
313 1425 476 1454 inclinati.
493 1424 615 1459 Bizini,
634 1424 778 1457 Modice,
798 1423 893 1458 Sicli,
917 1428 947 1453 et
964 1423 1118 1453 Palatioli

111 1485 229 1509 castra,
258 1479 457 1508 Siracusane
485 1477 637 1511 diocesis,
665 1486 739 1505 cum
764 1476 850 1506 sicut
880 1476 1001 1505 asseris
1028 1476 1117 1513 ipso-

110 1542 183 1562 rum
201 1531 348 1561 redditus
362 1540 421 1560 seu
437 1535 615 1568 proventus
632 1529 718 1559 circa
735 1529 926 1567 hujusmodi
943 1529 1117 1558 unciarum

108 1594 271 1615 summam
290 1583 461 1613 annuatim
479 1582 653 1619 attingant,
667 1591 741 1611 cum
758 1582 950 1611 hominibus
968 1581 1116 1611 infeuda-

106 1638 148 1667 tis
166 1642 195 1666 et
215 1646 279 1666 non
297 1636 494 1670 intendatis,
519 1635 615 1665 terris
639 1635 737 1665 cultis
761 1639 791 1664 et
814 1634 969 1670 incultis,
997 1635 1114 1670 silvis,

105 1690 220 1728 pratis,
239 1690 334 1728 aquis
355 1697 583 1727 aquarumque
599 1687 794 1717 decursibus
816 1691 845 1717 et
867 1696 941 1716 cum
962 1687 1116 1717 omnibus

103 1742 247 1781 juribus,
266 1741 465 1773 honoribus,
481 1740 638 1778 justitiis,
658 1739 950 1778 jurisdictionibus
968 1743 998 1768 et
1014 1739 1116 1777 perti-

108 1797 232 1827 nentiis
259 1796 298 1825 ad
322 1795 468 1833 predicta
493 1798 600 1824 castra
626 1788 872 1832 spectantibus,
898 1794 957 1823 tibi
984 1794 1116 1832 tuisque

106 1849 285 1879 heredibus
298 1849 330 1877 in
344 1847 516 1877 devotione
528 1848 675 1877 Romane
689 1847 835 1876 Ecclesie
846 1847 1114 1884 persistentibus,

107 1903 146 1932 de
163 1903 301 1931 fratrum
324 1905 511 1930 nostrorum
532 1899 671 1929 consilio
694 1904 725 1929 et
748 1908 904 1933 assensu,
928 1899 962 1928 in
981 1899 1117 1929 feudum

108 1954 319 1984 concedimus
333 1953 371 1982 de
389 1952 493 1989 gratia
511 1951 658 1989 speciali.
676 1951 837 1981 Volumus
855 1956 964 1981 autem
978 1955 1024 1985 ut,
1040 1961 1116 1990 quo-

108 2008 338 2044 tienscumque
375 2005 521 2043 predicta
558 2006 706 2034 Romana
743 2004 890 2033 Ecclesia
929 2004 1116 2041 generalem

109 2059 289 2090 exercitum
313 2057 578 2095 congregaverit,
608 2062 641 2086 tu
669 2057 814 2095 dictique
839 2057 978 2086 heredes
1006 2061 1117 2086 tenea-

110 2113 193 2142 mini
211 2112 323 2142 decem
336 2111 459 2140 milites
477 2110 578 2140 armis
594 2114 626 2140 et
641 2110 736 2149 equis
753 2110 906 2140 decenter
919 2110 1065 2139 munitos
1078 2109 1119 2139 ad

109 2165 322 2196 serviendum
338 2164 445 2194 eidem
461 2163 607 2194 Ecclesie
622 2172 681 2201 per
697 2167 763 2193 tres
784 2171 916 2193 menses
930 2163 1020 2192 infra
1038 2163 1118 2192 dicti

109 2218 204 2256 regni
221 2217 364 2247 confinia
379 2216 414 2246 in
428 2216 548 2246 vestris
562 2215 748 2254 sumptibus
763 2215 930 2245 exhibere.
948 2215 1040 2245 Nulli
1055 2220 1116 2246 etc.

108 2271 180 2300 Dat.
200 2269 352 2307 Anagnie
367 2278 424 2307 per
440 2277 574 2298 manum
597 2268 768 2299 Guillelmi
785 2268 936 2306 magistri
953 2268 1118 2298 scolarum

109 2323 315 2357 Parmensis,
346 2326 458 2352 sancte
484 2323 632 2351 Romane
657 2321 804 2351 Ecclesie
832 2321 1114 2356 vicecancellarii,

106 2376 218 2405 idibus
235 2374 448 2413 septembris,
468 2374 649 2404 indictione
665 2375 774 2409 ΧΙΙΙᾰῑ·7
796 2374 1041 2403 incarnationis
1060 2374 1117 2403 do-

107 2428 229 2457 minice
267 2436 353 2457 anno
390 2427 587 2462 M0CC⁰LV⁰‚
626 2427 837 2465 pontificatus
876 2436 953 2457 vero
990 2427 1117 2457 domini

106 2480 286 2510 Alexandri
303 2489 383 2518 pape
401 2481 480 2514 IIII,
499 2488 585 2509 anno
602 2480 718 2517 primo.
740 2492 752 2506 1)

180 2657 265 2685 *25ss
280 2688 283 2691 ,

144 2719 196 2752 G.,
217 2718 418 2744 Bethlemitani
436 2719 534 2749 electi,
558 2718 584 2744 in
603 2719 802 2752 presbyterum
819 2719 1021 2753 promovendi,
1041 2722 1116 2745 tem-

108 2776 163 2802 pus
178 2767 406 2793 consecrationis
425 2772 568 2801 prorogat.
586 2767 669 2800 (Rae.
689 2766 739 2800 ⁶24,
756 2775 781 2793 c.
800 2767 860 2798 601,
877 2767 895 2793 f.
913 2767 981 2800 91¹¹.)

589 2656 714 2690 Anagni,
735 2656 764 2682 10
783 2657 947 2691 septembre
966 2657 1043 2683 1-255.

152 2880 164 2894 «
184 2868 228 2903 G.,
250 2869 467 2897 Bethlemitano
483 2870 581 2898 electo,
599 2868 678 2898 Tuis
696 2868 821 2898 devotis
843 2868 997 2906 precibus
1018 2867 1117 2898 incli—

1201 292 1281 326 nati,
1296 297 1341 327 ut,
1356 303 1373 322 a
1385 304 1592 334 quocumque
1606 297 1762 327 malueris
1775 299 1926 338 episcopo
1938 302 2204 332 communionem

1201 343 1295 373 Sedis
1314 346 1491 382 apostolice
1507 348 1687 384 obtinente,
1706 354 1735 379 te
1752 351 1858 388 possis
1870 352 1978 382 facere
1992 353 2027 382 in
2044 355 2202 392 proximis

1201 400 1341 433 quatuor
1358 399 1560 435 temporibus
1582 400 1617 429 in
1640 402 1860 438 presbiterum
1882 406 2077 441 promoveri,
2097 411 2203 436 aucto-

1200 447 1297 477 ritate
1315 448 1374 477 tibi
1390 451 1595 487 presentium
1616 453 1845 491 indulgemus,
1872 460 1924 486 tue
1945 459 2203 489 consecrationis

1200 504 1329 538 tempus
1345 510 1451 540 usque
1472 503 1511 532 ad
1531 504 1708 534 adventum
1731 507 1863 536 Domini
1883 510 2067 546 proximum
2089 521 2202 549 proro-

1200 556 1315 589 gantes
1330 553 1367 583 de
1380 555 1486 591 gratia
1498 556 1634 593 speciali
1651 566 1658 586 ε
1676 558 1911 589 constitutione
1922 560 1960 590 de
1971 563 2202 593 consecrandis

1200 605 1363 643 episcopis
1377 606 1465 636 infra
1481 612 1639 638 semestre
1658 613 1787 647 tempus
1804 620 1822 640 a
1838 612 1932 642 nobis
1954 613 2040 643 edita
2063 624 2128 644 uon
2143 616 2201 645 ob-

1200 660 1319 687 stante.
1351 659 1424 687 Dat.
1458 660 1608 697 Anagnie
1625 683 1631 696 ,
1664 662 1731 691 IIII
1761 662 1835 692 idus
1868 665 2082 701 septembris,
2117 676 2203 698 anno

1198 718 1314 747 pl'lmO.
1337 723 1349 737 1)

1274 887 1360 915 ’7ῧῖ

1236 947 1356 975 Custodi
1376 949 1525 977 Parmensi
1542 951 1672 983 mandat,
1689 954 1825 986 quatinus
1846 953 2016 987 Ambrosio,
2033 957 2136 983 clerico
2154 965 2204 983 ec-

1200 997 1305 1023 clesiae
1320 1005 1345 1023 s.
1363 997 1471 1024 Nicolai
1490 998 1664 1031 Parmensis,
1683 1009 1811 1028 mensam
1828 1003 2065 1038 medietatemque
2083 1014 2206 1039 proven-

1201 1048 1281 1071 tuum
1300 1046 1429 1072 beneficii
1441 1047 1534 1073 dictae
1548 1049 1687 1075 ecclesiae
1699 1050 1783 1076 faciat
1795 1051 1960 1082 ministrari,
1978 1053 2025 1086 qui
2037 1055 2096 1088 jam
2114 1055 2141 1081 in
2157 1063 2206 1081 ea-

1201 1093 1265 1119 dem
1291 1095 1413 1120 ecclesia
1439 1096 1609 1123 beneficium
1637 1098 1767 1131 magistri
1790 1099 1932 1126 Guidonis
1953 1101 1987 1127 de
2012 1101 2205 1135 Pontremulo,

1200 1142 1320 1169 fautoris
1338 1143 1481 1170 Frederici
1497 1145 1689 1181 imperatoris,
1701 1152 1848 1182 receperat
1865 1153 2019 1184 posteaque
2035 1151 2205 1185 perdiderat.

1203 1190 1284 1221 (Bao.
1301 1192 1345 1225 ς24,
1363 1200 1389 1219 c.
1406 1192 1467 1225 60⁶2,
1486 1193 1504 1221 f.
1521 1194 1587 1228 91¹1.)

1685 891 1811 926 Anagni,
1827 892 1860 920 23
1877 894 2039 927 septembre
2058 895 2134 922 1255.

1243 1305 1254 1318 «
1276 1315 1307 1328 ..,
1326 1295 1443 1323 custodi
1458 1296 1629 1325 Parmensi.
1648 1297 1694 1326 Ex
1709 1302 1801 1334 parte
1817 1298 1929 1328 dilecti
1945 1299 2005 1329 filii
2024 1302 2203 1337 Ambrosii,

1200 1344 1313 1374 clerici
1330 1345 1468 1376 ecclesie
1485 1348 1591 1377 sancti
1607 1349 1736 1378 Nicolai
1754 1351 1959 1387 Parmensis,
1980 1353 2043 1382 suit
2058 1355 2207 1392 proposi-

1201 1401 1269 1426 tum
1286 1406 1395 1426 coram
1414 1399 1520 1435 nobis,
1539 1401 1626 1438 quod
1641 1400 1781 1431 dilectus
1794 1402 1883 1432 filius
1899 1404 2075 1435 Saladinus
2089 1406 2127 1436 de
2142 1407 2206 1436 Ba-

1200 1449 1296 1483 ratis,
1315 1451 1494 1481 canonicus
1518 1453 1723 1489 Parmensis,
1749 1460 1878 1493 recepto
1899 1465 1917 1485 a
1932 1457 2039 1487 felicis
2057 1459 2208 1489 recorda-

1200 1502 1300 1531 tionis
1318 1504 1342 1532 1.
1361 1513 1443 1541 papa
1461 1505 1693 1542 predecessore
1707 1512 1819 1537 nostro
1830 1508 1951 1539 litteris
1969 1511 2157 1548 apostolicis
2170 1513 2206 1542 in

1199 1555 1379 1590 mandatis,
1398 1560 1433 1585 ut
1454 1556 1562 1586 eidem
1581 1558 1756 1589 Ambrosio
1777 1560 1815 1590 de
1839 1561 1949 1599 aliquo
1970 1562 2207 1594 ljieneficiorum

1199 1616 1261 1645 que
1289 1607 1401 1637 clerici
1424 1610 1656 1640 Parmensium
1675 1612 1820 1642 civitatis
1837 1618 1867 1643 et
1883 1614 2024 1645 diocesis
2041 1617 2207 1654 quondam

1200 1660 1372 1689 Frederico
1391 1660 1469 1689 olim
1484 1662 1709 1692 Romanorum
1726 1664 1917 1702 imperatori
1933 1667 2082 1698 faventes
2098 1678 2156 1707 per
2172 1680 2206 1700 se

1199 1711 1249 1741 vel
1262 1721 1338 1741 suos
1348 1717 1462 1742 contra
1472 1713 1654 1744 Ecclesiam
1665 1716 1871 1752 obtinebant,
1881 1719 2052 1756 providere
2062 1727 2203 1758 curaret,

1199 1763 1321 1793 deloco
1336 1769 1366 1794 et
1381 1765 1541 1795 beneficio
1556 1776 1618 1805 que
1636 1769 1793 1805 magister
1807 1770 1914 1800 Guido
1928 1771 1966 1801 de
1981 1773 2205 1810 Ponti-emulo,

1199 1815 1350 1851 clericus,
1367 1817 1401 1845 in
1416 1818 1531 1847 eadem
1546 1819 1686 1849 ecclesia
1699 1822 1805 1851 sancti
1822 1823 1952 1853 Nicolai
1968 1824 2120 1862 habebat,
2135 1827 2206 1865 ipso

1199 1869 1326 1907 privato
1350 1869 1475 1899 eisdem
1496 1871 1575 1909 quia
1598 1872 1708 1903 taliter
1733 1875 1906 1905 Frederico
1930 1878 2061 1908 favebat
2083 1880 2204 1916 eidem,

1199 1921 1285 1950 dicto
1315 1922 1352 1950 A.
1382 1923 1538 1959 contulit,
1564 1926 1759 1956 auctoritate
1787 1927 1977 1966 hujusmodi
2008 1931 2206 1963 litterarum.

1199 1974 1322 2003 Verum
1345 1976 1552 2012 postmodum
1577 1977 1665 2006 inter
1687 1978 1776 2016 ipsos
1799 1980 2010 2011 Ambrosium
2030 1988 2060 2013 et
2083 1986 2208 2015 Guido-

1200 2034 1274 2055 nem
1292 2035 1391 2064 super
1407 2027 1476 2057 loco
1496 2032 1526 2057 et
1543 2029 1703 2060 beneficio
1725 2033 1924 2070 supradictis
1940 2037 2207 2072 questionesub-

1199 2082 1280 2113 orta,
1295 2079 1427 2108 demum
1445 2082 1645 2111 venerabilis
1662 2083 1764 2113 frater
1780 2090 1892 2115 noster
1907 2087 2016 2125 Opizo,
2032 2090 2208 2128 Tripolita-

1200 2139 1262 2160 nus
1286 2131 1474 2169 episcopus,
1499 2137 1576 2163 tunc
1596 2135 1717 2172 prefati
1734 2137 1978 2174 predecessoris
1998 2142 2203 2179 capellanus,

1199 2184 1294 2222 cujus
1310 2184 1513 2214 ordinationi
1526 2191 1665 2225 uterque
1679 2188 1827 2226 ipsorum
1844 2192 1930 2228 apud
1944 2193 2061 2223 Sedem
2077 2200 2209 2232 aposto-

1199 2235 1297 2264 licam
1310 2236 1495 2267 voluntarie
1510 2248 1544 2268 se
1559 2240 1736 2276 summisit,
1752 2241 1833 2272 visis
1848 2248 1878 2273 et
1892 2244 2070 2276 intellectis
2082 2248 2208 2278 utrius-

1200 2297 1263 2326 que
1287 2289 1390 2326 partis
1413 2290 1599 2321 rationibus
1625 2297 1655 2322 et
1682 2293 1788 2323 eidem
1814 2296 2040 2333 predecessori
2065 2300 2208 2331 fideliter

1200 2342 1358 2375 recitatis,
1371 2343 1409 2372 de
1422 2343 1527 2381 ipsius
1539 2345 1782 2382 predecessoris
1794 2349 1930 2386 speciali
1942 2352 2106 2388 mandato,
2119 2354 2207 2384 inter

1200 2398 1308 2423 cetera
1324 2395 1489 2424 ordinavit
1508 2406 1513 2424 z
1532 2401 1566 2426 ut
1583 2398 1750 2435 predictus
1774 2400 1812 2429 G.
1830 2400 1938 2430 locum
1957 2407 1987 2432 et
2009 2404 2207 2435 beneficium

1199 2447 1390 2486 hujusmodi
1407 2458 1470 2486 que
1487 2450 1579 2486 prius
1596 2450 1757 2481 habuerat
1771 2453 1934 2484 obtineret
1950 2460 1980 2485 et
1994 2457 2101 2487 dictus
2117 2459 2156 2488 A.
2171 2459 2206 2488 in

1200 2500 1340 2529 ecclesia
1359 2501 1430 2538 ipsa
1449 2502 1651 2540 reciperetur
1667 2504 1701 2533 in
1723 2506 1919 2536 canonicum
1942 2513 1972 2538 et
1994 2509 2028 2538 in
2051 2511 2204 2547 fratrem,

1199 2552 1375 2582 habiturus
1390 2558 1508 2584 extunc
1526 2564 1673 2585 mensam
1688 2557 1794 2595 ipsius
1811 2559 1949 2590 ecclesie
1967 2562 2051 2591 sicut
2067 2573 2153 2594 unus
2170 2574 2207 2595 ex

1199 2605 1347 2644 ejusdem
1363 2606 1493 2636 clericis
1510 2608 1594 2637 inibi
1611 2610 1797 2646 residendo,
1812 2621 1939 2642 necnon
1954 2618 1984 2643 et
1998 2616 2206 2647 medietatem

1199 2662 1417 2695 proventuum
1440 2659 1594 2689 beneficii
1617 2662 1790 2699 sepedicti,
1810 2664 1912 2694 donec
1931 2672 2102 2697 assecutus
2121 2675 2207 2699 esset

1199 2710 1321 2739 ibidem
1342 2710 1539 2741 bentfficium
1560 2715 1707 2751 proximo
1727 2720 1799 2753 post
1815 2716 1897 2746 illud
1914 2719 2001 2756 quod
2017 2724 2092 2749 tuuc
2110 2721 2208 2751 debe-

1200 2763 1296 2792 batur
1317 2787 1353 2798 ..,
1375 2764 1653 2803 a1·cbipresl‘›itero
1677 2768 1714 2798 de
1734 2769 1940 2807 Cusignano,
1963 2772 1997 2800 in
2019 2773 2130 2803 eadem
2155 2784 2207 2805 re-

1200 2819 1292 2853 cepto
1310 2816 1460 2852 ecclesia,
1477 2816 1680 2849 vacaturum.
1700 2821 1801 2851 Porro
1818 2823 1895 2860 quia
1912 2824 2018 2854 dictus
2034 2826 2210 2862 predeces-

1201 2876 1264 2902 sor,
1282 2872 1456 2907 postquam
1475 2871 1718 2903 ordinationem
1736 2874 1927 2913 hujusmodi
1944 2886 2001 2914 per
2023 2888 2099 2908 suas
2116 2879 2208 2909 duxit
