2441 3330
917 211 1140 248 PREMIERE
1162 214 1321 251 ANNEE.
2127 227 2163 258 53

74 291 165 321 gere,
184 282 284 312 etiam
302 281 331 312 si
349 282 384 311 in
404 291 503 312 causa
525 291 589 321 que
609 287 723 312 eontra
738 292 795 313 vos
812 283 921 321 agitur
936 283 1081 313 inhibita

73 335 117 365 sit
137 334 324 373 appellatio.
341 335 419 364 Post
434 335 556 365 factam
571 344 648 365 vero
665 335 934 373 appellationem,
953 336 1079 366 nemini

72 388 171 418 liceat
185 387 221 417 in
235 397 291 418 vos
307 388 508 418 sententiam
524 388 601 418 dare
617 388 669 418 vel
686 388 812 427 aliquid
827 389 1002 425 innovare,
1021 398 1078 419 seu

74 449 132 470 vos
147 439 200 470 vel
213 439 442 478 possessiones
458 443 585 469 vestras
601 440 777 470 temerario
794 450 876 470 ausu
894 440 1038 470 turbare.

112 493 163 522 Ad
178 492 251 528 hoe,
269 493 298 522 si
315 492 449 531 aliquod
466 492 554 523 inter
568 501 625 522 vos
642 493 846 527 scandalum,
865 493 951 531 quod
967 494 1080 522 Domi-

73 554 136 575 nus
159 549 300 580 avertat,
320 544 372 575 vel
394 545 620 575 dissensiones
646 545 859 579 emerserint,
882 554 937 575 eas
961 549 989 575 et
1016 545 1080 574 alia

73 607 137 638 que
161 598 355 636 corrigenda
378 598 505 628 suerint
523 598 649 637 judicio
673 593 809 636 capituli
831 598 933 627 vestri
960 607 1079 628 secun-

73 652 151 682 dum
166 652 269 681 vestri
282 651 409 681 ordinis
428 651 582 681 instituta
604 650 724 688 corrigi
749 650 901 680 volumus
924 654 955 680 et.
980 660 1079 680 cano-

74 705 148 735 nice
156 704 349 734 terminari.

113 758 226 788 Liceat
247 766 378 796 quoque
400 757 493 787 vobis
516 756 654 786 clericos
672 756 724 786 vel
743 756 846 785 laicos
865 765 880 786 e
898 755 1009 786 seculo
1026 757 1080 785 su-

73 811 202 850 gientes
219 809 342 840 liberos
363 814 394 840 et
414 809 582 839 absolutos
603 809 644 839 ad
664 809 914 839 conversionem
933 809 1080 847 recipere

76 867 107 894 et
122 863 247 902 absque
264 862 523 892 contradictione
540 861 651 900 aliqua
667 861 823 891 retinere.

113 915 333 946 Prohibemus
357 915 494 952 insuper
518 918 553 943 ut
579 914 636 952 qui
660 914 769 943 ordini
794 918 903 943 vestro
926 918 1081 944 tenentur

75 967 203 998 astricti
219 967 399 1007 fidejubere
414 975 472 1005 pro
488 966 599 1005 aliquo
616 975 826 1005 nequaquam
840 970 1034 1004 attemptent
1050 971 1081 997 et

74 1021 103 1052 si
117 1021 258 1052 fecerint
274 1020 386 1059 aliqua
405 1020 521 1049 domus
536 1024 647 1049 vestra
662 1019 701 1049 de
717 1019 930 1058 fidejussione
946 1019 1078 1050 illorum

72 1073 264 1104 nullatenus
280 1072 456 1110 obligetur.

112 1127 163 1156 Ad
176 1125 443 1168 respondendum
459 1134 589 1164 quoque
606 1130 636 1155 et
653 1125 927 1155 satisfaciendum
943 1125 1081 1155 nullate-

73 1189 136 1210 nus
150 1179 342 1214 teneamini,
356 1178 385 1208 si
399 1179 484 1209 sorte
500 1178 623 1217 aliquis
638 1178 807 1217 professus
822 1182 930 1208 vester
946 1179 1082 1208 canoni-

74 1241 132 1263 cus
153 1232 223 1262 sive
243 1241 422 1262 conversus
441 1231 600 1269 magistro
617 1235 647 1262 et
664 1231 807 1269 capitulo
823 1240 888 1261 non
904 1232 1082 1269 mandante

73 1294 132 1325 pro
148 1294 207 1315 sua
224 1284 409 1315 temeritate
425 1283 559 1322 aliquod
576 1284 724 1314 debitum
740 1284 856 1314 fecerit
872 1288 927 1313 aut
940 1285 1082 1322 promis-

74 1338 185 1368 siones
200 1337 388 1367 litterarum
401 1346 459 1367 sue
472 1337 655 1375 prestiterit
672 1336 870 1372 cautionem,
886 1337 924 1366 de
937 1346 1000 1375 qua
1012 1347 1081 1375 gra-

73 1399 192 1421 vamen
218 1390 323 1429 possit
353 1389 465 1419 domui
493 1389 685 1428 pervenire,
709 1398 783 1419 cum
812 1394 945 1419 cautum
971 1390 1013 1419 sit
1044 1399 1081 1419 ex

74 1443 257 1474 canonibus
281 1447 317 1473 ut
338 1442 495 1473 delictum
515 1451 657 1481 persone
678 1442 713 1471 in
736 1442 915 1480 dampnum
943 1442 1081 1473 ecclesie

72 1506 138 1527 non
153 1497 326 1527 redundet.

110 1550 162 1580 Ad
180 1550 252 1586 hec,
273 1549 468 1580 auctoritate
485 1548 664 1587 apostolica
682 1547 898 1587 prohibemus
913 1551 950 1578 ut
968 1547 1080 1577 nullus

72 1603 199 1633 ordinis
217 1602 320 1633 vestri
334 1602 516 1641 professus,
533 1601 674 1632 clericus
692 1601 761 1631 sive
777 1601 894 1637 laicus,
913 1601 952 1631 ab
969 1601 1080 1640 aliquo

72 1656 145 1686 sine
161 1665 300 1686 assensu
319 1655 441 1694 prioris
459 1654 511 1685 vel
527 1654 664 1693 capituli
683 1655 798 1684 domus
817 1663 875 1684 sue
895 1663 954 1684 seu
974 1654 1080 1684 vicem

73 1708 194 1747 prioris
221 1708 351 1747 agentis
380 1708 567 1746 depositum
589 1707 758 1746 suscipere
785 1707 904 1737 audeat
924 1707 976 1737 vel
999 1716 1080 1746 quo-

71 1761 250 1792 modolibet
264 1762 420 1792 retinere.

111 1815 284 1845 Adicimus
294 1815 431 1853 insuper
439 1819 473 1844 ut
486 1814 677 1845 testimonio
686 1814 847 1844 bonorum
857 1815 997 1844 fratrum
1006 1823 1080 1844 ves-

71 1871 197 1897 trorum
215 1868 251 1897 in
273 1867 416 1905 negotiis
432 1867 551 1897 vestris
568 1867 602 1896 in
624 1867 745 1906 quibus
761 1867 897 1897 testium
914 1867 1081 1906 probatio—

73 1929 132 1951 nes
147 1920 273 1951 fuerint.
295 1920 498 1950 admittende
519 1920 570 1950 uti
588 1920 693 1950 libere
708 1919 859 1950 valeatis.

114 1975 270 2004 Preterea
292 1983 367 2004 eum
383 1973 537 2011 generale
559 1973 774 2003 interdictum
799 1977 884 2003 terre
901 1973 1019 2009 suerit,
1038 1973 1080 2002 li-

75 2031 145 2057 ceat
170 2027 280 2062 vobis,
305 2026 427 2056 clausis
447 2026 577 2065 januis,
602 2035 668 2056 non
690 2026 830 2064 pulsatis
851 2025 1078 2061 tintinabulis,

75 2079 217 2110 exclusis
234 2079 527 2110 excommunicatis
540 2083 570 2109 et
582 2071 780 2114 interdictis,
798 2088 973 2117 suppressa
991 2088 1078 2114 voce,

76 2132 188 2162 divina
204 2132 311 2162 officia
327 2132 503 2162 celebrare.

115 2185 325 2224 Sepulturam
342 2195 472 2224 quoque
489 2189 547 2215 etc.
566 2194 672 2224 usque
692 2189 919 2215 assumuntur.

114 2238 332 2269 Decernimus
354 2247 431 2276 ergo
454 2242 488 2268 ut
511 2238 595 2267 nulli
619 2238 754 2268 omnino
774 2237 948 2268 hominum
968 2239 1018 2267 sas
1039 2238 1082 2268 sit

74 2292 239 2330 prefatum
258 2292 406 2322 ordinem
428 2296 550 2321 temere
572 2291 766 2330 perturbare
783 2296 838 2321 aut
862 2292 932 2331 ejus
950 2300 1081 2330 posses-

76 2344 186 2375 siones
202 2346 333 2375 auferre
353 2345 406 2375 vel
426 2344 552 2375 ablatas
575 2345 734 2380 retinere,
754 2345 904 2374 minuere
928 2354 986 2375 seu
1007 2345 1082 2383 qui-

75 2397 220 2428 buslibet
238 2397 469 2428 vexationilms
485 2397 645 2435 fatigare,
671 2398 729 2427 sed
752 2398 881 2435 integra
899 2402 929 2427 et
953 2397 1082 2427 illibata

75 2451 186 2481 omnia
201 2455 449 2486 conserventur,
470 2460 583 2481 corum
605 2460 662 2489 pro
684 2459 823 2489 quorum
842 2444 1082 2487 gubernatione

77 2512 113 2534 ac
129 2503 370 2534 sustentatione
395 2512 551 2533 concessa
572 2507 649 2533 sunt
670 2502 787 2532 usibus
810 2503 1009 2532 omnimodis
1025 2512 1082 2541 pro

76 2556 200 2587 futura.
221 2556 317 2587 Salva
338 2557 372 2586 in
393 2556 548 2587 omnibus
572 2556 749 2594 apostolice
770 2555 865 2586 Sedis
888 2556 1082 2585 auctoritate

78 2613 109 2640 et
124 2609 291 2640 diocesani
308 2609 452 2648 episcopi
469 2609 627 2639 canonica
645 2609 791 2647 justitia,
813 2609 847 2638 111
869 2608 944 2638 aliis
968 2613 998 2638 et
1018 2617 1081 2638 non

78 2663 242 2701 expressis
258 2662 412 2700 capitulis
428 2661 521 2691 vobis
538 2661 690 2691 indultis.

117 2715 153 2745 Si
181 2724 246 2754 qua
272 2715 375 2753 igitur
402 2715 436 2743 111
464 2715 613 2743 futurum
639 2713 863 2744 ecclesiastica
893 2717 953 2743 etc.
979 2722 1082 2752 usque

78 2766 209 2797 ultioni.
235 2767 371 2798 Cunctis
397 2771 458 2797 etc.
484 2775 589 2805 usque
614 2766 796 2796 inveniant.
824 2767 944 2801 Amen,
974 2774 1080 2800 aulen,

79 2827 185 2850 amen.

118 2873 192 2903 Dat.
211 2873 361 2912 Neapoli,
384 2882 441 2912 per
463 2881 597 2901 manum
618 2871 788 2902 Guillelmi
810 2871 960 2909 magistri
979 2871 1084 2901 scola-

1163 294 1236 314 rum
1262 288 1468 324 Parmensis,
1493 294 1605 321 sancte
1629 291 1776 322 Romane
1797 292 1943 322 Ecclesie
1964 293 2162 324 vicecancel-

1162 337 1256 374 larii,
1279 340 1329 369 111
1353 340 1512 371 kalendas
1534 342 1660 378 martii,
1679 343 1860 374 indictione
1883 346 1983 381 XIII,
2004 347 2161 376 Incarna-

1162 390 1264 421 tionis
1290 392 1453 423 dominice
1477 403 1563 425 anno
1588 396 1826 432 M0CC⁰L11110,
1853 398 2063 435 pontificatus
2086 408 2161 430 vero

1163 443 1288 473 domini
1308 444 1487 475 Alexandri
1504 456 1587 485 pape
1602 449 1670 477 IIII
1688 457 1773 479 anno
1788 450 1905 487 primo.
1925 462 1937 476 >1

1237 647 1321 675 193

1199 707 1292 734 Priori
1317 709 1434 735 fratrum
1461 709 1692 736 praedicatorum
1718 710 1953 737 Cremonensium
1981 712 2109 746 mandat,
2135 716 2164 738 ut

1717 648 1832 683 Naples,
1849 649 1882 676 ‘28
1899 650 2001 676 sevrier
2017 651 2092 677 1⁶355.

1163 755 1346 782 Guiltetmum
1363 757 1398 782 de
1418 757 1574 784 Advocatis
1586 758 1754 784 canonicum
1766 758 1987 785 Cremonensem
1999 768 2164 786 excommu-

1163 803 1304 834 nicatum,
1322 805 1387 838 quia
1403 805 1546 839 quondam
1569 806 1720 833 Frederico
1742 810 1811 833 tunc
1832 807 2025 834 Romanorum
2043 808 2164 842 impera-

1163 854 1223 878 tore
1239 854 1268 878 et
1290 852 1415 879 Hem-ico
1438 857 1503 880 nato
1524 855 1588 888 ejus
1605 863 1714 881 necnon
1731 855 1793 881 aliis
1811 856 2067 882 excommunicatis
2084 865 2165 890 prae-

1164 900 1295 926 sentibus
1311 909 1360 935 per
1376 905 1482 927 metum
1504 902 1604 929 officiis
1620 903 1815 930 immiscuerat
1835 911 1866 930 se
1889 904 2008 938 divinis,
2026 904 2164 932 absolvat.

1163 947 1247 981 <Ra-o.
1263 949 1307 980 ⁴24,
1324 957 1349 975 c.
1369 949 1441 981 170²,
1459 950 1478 977 f.
1494 950 1557 984 ‘21V3
1578 950 1721 978 Pommsr
1737 951 1843 984 15708).

1207 1062 1220 1076 α
1243 1073 1276 1085 ..,
1298 1052 1401 1088 priori
1420 1052 1557 1087 fratrum
1580 1052 1810 1082 Predz'eatorum
1835 1053 2092 1082 Cremonensium.
2120 1054 2165 1083 Ex

1164 1106 1257 1140 parte
1273 1103 1444 1133 Guillelnii
1461 1121 1509 1133 —.
1531 1105 1605 1134 Dat.
1627 1104 1781 1143 Neapoli,
1804 1106 1836 1135 II
1856 1105 2013 1136 kalendas
2036 1106 2163 1142 martii,

1165 1163 1252 1185 anno
1270 1155 1387 1193 primo.
1407 1168 1419 1182 n

1240 1352 1326 1380 194
1716 1354 1832 1389 Naples‚
1849 1355 1882 1382 26
1897 1355 1999 1382 fevrier
2017 1356 2093 1384 1255.

1198 1413 1385 1448 Insrascripto
1407 1414 1534 1448 mandat,
1553 1418 1583 1441 ut
1603 1415 1697 1441 abbati
1718 1419 1746 1442 et
1767 1417 1923 1443 conventui
1944 1418 2108 1444 monasterii
2128 1417 2163 1444 de

1165 1463 1295 1498 Spungia
1311 1464 1422 1490 sarcina
1438 1463 1599 1490 debitorum
1617 1466 1724 1499 pressis
1748 1465 1889 1492 licentiam
1910 1466 2061 1501 concedat,
2078 1467 2103 1494 si
2122 1467 2165 1494 vi-

1164 1511 1237 1538 derit
1253 1511 1403 1546 expedire,
1421 1512 1560 1538 vendendi
1580 1513 1689 1547 aliquas
1712 1512 1747 1539 de
1768 1514 2001 1548 possessionibus
2020 1518 2164 1542 monaste-

1164 1561 1208 1586 rii.
1225 1560 1307 1595 (Rae.
1324 1561 1366 1592 24,
1384 1568 1409 1587 c.
1427 1561 1487 1593 171,
1503 1561 1523 1587 f.
1540 1561 1608 1594 Ἢν.)

1206 1673 1219 1688 α
1240 1684 1272 1697 ..,
1290 1662 1390 1691 abban·
1403 1663 1583 1691 monasterii
1600 1663 1700 1692 sancti
1714 1663 1883 1692 Salvatoris
1901 1663 1933 1691 de
1948 1664 2088 1701 Septimo,
2105 1664 2164 1694 Cis-

1165 1715 1319 1744 terciensis
1332 1715 1460 1750 ordinis,
1475 1716 1648 1744 Florentiae
1662 1715 1793 1744 diocesis.
1813 1715 1932 1745 Dilecti
1944 1715 2005 1744 filii
2019 1739 2050 1749 ..,
2065 1716 2164 1745 abbas

1164 1771 1194 1797 et
1207 1771 1387 1797 conventus
1399 1767 1593 1797 monasterii
1603 1767 1707 1797 sancti
1718 1767 1896 1797 Salvatoris
1908 1768 1945 1798 de
1958 1768 2114 1806 Spungia,
2126 1769 2165 1798 ad

1164 1821 1347 1850 Romanam
1368 1819 1549 1849 Ecclesiam
1568 1820 1658 1849 nullo
1681 1820 1787 1850 medio
1808 1821 2021 1859 pertinentis,
2039 1822 2164 1851 ordinis

1164 1873 1268 1903 sancti
1291 1873 1479 1907 Benedicti,
1501 1873 1681 1902 Vulterane
1707 1873 1863 1909 diocesis,
1888 1874 1982 1903 nobis
2006 1883 2163 1912 exponere

1169 1929 1368 1955 curaverunt
1390 1925 1475 1963 quod
1502 1925 1740 1955 monasterium
1762 1925 1869 1963 ipsum
1894 1930 1982 1955 tanta
2007 1927 2165 1964 premitur

1165 1978 1292 2008 sarcina
1311 1978 1495 2007 debitorum
1513 1982 1753 2007 contractarum
1769 1978 1830 2016 (sic)
1845 1987 1862 2007 a
1878 1979 2164 2016 prodes<(ssoribus

1164 2031 1293 2061 abbatis
1310 2031 1456 2070 ejusdem
1476 2031 1561 2069 quod
1584 2031 1648 2060 nisi
1666 2040 1722 2068 per
1744 2030 1849 2060 celere
1870 2031 2052 2060 remedium
2071 2032 2164 2061 Sedis

1164 2083 1341 2122 apostolice
1358 2083 1422 2121 ipsi
1446 2083 1646 2113 monasterio
1669 2087 1889 2118 succurratur,
1914 2093 2089 2113 usurarum
2109 2093 2164 2114 vo-

1162 2145 1241 2174 rago
1258 2137 1329 2175 ejus
1347 2136 1566 2165 sul1›stant‚iam
1584 2135 1780 2165 absorbebit.
1800 2137 1907 2172 Quare
1924 2136 2001 2165 dicti
2017 2136 2117 2165 abbas
2134 2140 2161 2166 et

1164 2193 1344 2219 conventus
1361 2188 1455 2218 nobis
1471 2188 1642 2217 humiliter
1654 2188 1931 2226 supplicaverunt,
1945 2192 1979 2217 ut
1993 2188 2164 2226 providere

1163 2242 1245 2280 ipsis
1262 2245 1293 2271 et
1313 2241 1419 2271 eidem
1436 2241 1635 2271 monasterio
1653 2250 1751 2279 super
1770 2241 1830 2270 hoc
1847 2244 1982 2279 paterna
2003 2240 2164 2270 sollicitu-

1164 2294 1241 2323 dine
1257 2302 1459 2323 curaremus.
1478 2294 1545 2323 Nos
1558 2293 1668 2332 itaque
1685 2293 1723 2323 de
1736 2293 2027 2331 circumspectione
2045 2297 2099 2322 tua
2113 2302 2163 2330 ge-

1163 2351 1274 2377 rentes
1290 2347 1324 2375 111
1345 2346 1484 2376 Domino
1499 2346 1651 2375 fiduciam
1668 2346 1860 2383 pleniorem,
1878 2346 2071 2375 mandamus
2088 2354 2163 2384 qua-

1163 2399 1254 2429 tinus
1270 2399 1489 2437 personaliter
1505 2399 1663 2429 accedens
1685 2399 1724 2428 ad
1743 2399 1866 2435 locum,
1891 2399 2050 2437 inquisita
2067 2407 2165 2436 super

1164 2451 1230 2481 hiis
1255 2451 1450 2489 diligentius
1475 2452 1629 2487 veritate,
1659 2452 1687 2481 si
1712 2461 1779 2482 rem
1802 2452 1970 2481 inveneris
1997 2452 2041 2481 ita
2072 2460 2162 2487 csse,

1164 2504 1327 2533 vendendi
1365 2504 1493 2543 aliquas
1520 2505 1558 2535 (le
1589 2504 1855 2543 posscssionilms
1882 2504 1992 2533 minus
2026 2504 2163 2533 utilibus

1165 2557 1311 2596 ejusdem
1325 2557 1518 2587 monasterii
1535 2557 1693 2587 concedas
1706 2557 1873 2587 licentiam
1889 2556 2081 2586 auctoritate
2093 2565 2164 2585 uos-

1164 2614 1214 2639 tra
1234 2609 1344 2639 abbati
1367 2613 1397 2640 et
1414 2610 1588 2639 conventui
1610 2609 1824 2647 supradictis,
1852 2609 1896 2639 ita
1919 2609 2002 2648 quod
2018 2609 2163 2647 precium

1165 2666 1375 2692 convertatur
1390 2662 1424 2691 111
1440 2662 1638 2692 solutionem
1659 2662 1847 2701 hujusmodi
1863 2662 2045 2692 debitorum
2067 2672 2072 2690 :
2090 2671 2163 2700 pro-

1165 2715 1234 2743 viso
1251 2718 1287 2744 ut·
1306 2714 1392 2753 quod
1411 2724 1467 2752 pro
1484 2715 1627 2744 utilitate
1648 2714 1841 2744 monasterii
1860 2714 1995 2752 predicti
2014 2714 2164 2743 concedi-

1166 2770 1218 2796 tur
1234 2766 1268 2795 in
1284 2767 1517 2796 detrimentum
1532 2767 1636 2805 ipsius
1655 2776 1718 2797 non
1738 2766 1843 2796 valeat
1858 2766 2052 2797 redundare,
2066 2766 2163 2804 idque

1166 2828 1183 2848 a
1206 2819 1345 2848 Domino
1366 2819 1405 2849 de
1428 2819 1493 2849 tuis
1516 2819 1669 2849 manibus
1695 2819 1892 2857 requiratur.
1915 2819 1986 2847 Dat.
2014 2817 2160 2855 Neapoli,

1166 2872 1233 2901 IIII
1249 2871 1406 2901 kalendas
1422 2872 1545 2907 martii,
1565 2881 1649 2901 anno
1665 2872 1780 2909 primo.
1799 2884 1810 2897 n
