2498 3325
987 213 1217 251 DEUXIEME
1239 211 1400 248 ANNEE.
2189 216 2245 247 433

144 302 276 332 quoque
299 292 472 331 episcopus
497 290 533 320 in
556 294 820 327 transgressores
846 288 995 328 ejusdem
1020 286 1151 321 statuti,

143 345 340 376 auctoritate
365 343 551 378 ordinaria,
575 341 927 373 excommunicationis
953 339 1153 371 sententiam

144 396 377 436 promulgavit.

187 462 200 476 n
230 449 327 480 Unde
355 448 522 487 quondam
548 447 717 486 Philippo,
748 446 982 476 archidiacono
1013 446 1154 475 Antera-

145 501 252 537 densi,
270 501 358 531 viam
376 501 532 530 universe
551 500 662 529 carnis
680 500 843 538 ingresso,
860 499 1008 537 prefatus
1027 498 1155 536 episco-

0 585 6 595 „
145 563 207 593 pus
227 553 388 589 decimas,
405 558 527 588 terras,
548 553 777 591 possessiones
798 555 829 582 et
848 551 915 582 alia
935 551 1022 581 bona
1045 550 1156 581 archi-

0 600 6 647 Ῑ
23 645 30 648 ῃ
145 607 340 636 diaconatus
356 606 613 641 Antei-adensis,
633 605 805 635 occasione
826 604 942 635 statuti
964 603 1156 643 hujusmodi

141 659 332 698 juramento
358 659 494 693 firmati,
516 659 663 688 indebite
689 658 861 696 occupavit
883 667 889 686 ε
916 662 1049 696 propter
1070 657 1157 696 quod

116 745 125 755 ·
144 718 325 751 proventus
342 711 632 741 archidiaconatus
649 711 755 749 ipsius
772 715 849 740 sunt
865 710 1042 740 admodum
1058 709 1156 739 dimi-

147 765 232 799 nuti,
251 765 284 794 in
304 774 400 795 suum
417 770 447 794 et
464 765 570 802 ipsius
586 764 874 794 archidiaconatus
890 763 1110 802 prejudicium
1127 766 1158 792 et

146 827 338 856 gravamen.

189 883 202 897 ι,
229 871 315 906 Quia
332 870 435 908 igitur
451 874 564 899 nostra
580 870 720 899 interest
736 869 821 899 cesis
837 868 988 899 ecclesiis
1006 872 1037 898 et
1053 867 1158 898 eccle-

146 923 293 953 siasticis
313 923 533 960 dignitatibus
551 922 744 957 subvenire,
765 921 960 951 discretioni
977 925 1084 951 vestre
1101 930 1158 959 per

146 976 327 1015 apostolica
344 977 466 1014 scripta
482 976 679 1005 mandamus
696 975 870 1014 quatinus,
889 974 917 1004 si
935 978 983 1005 est
1000 975 1062 1009 ita,
1080 974 1158 1003 uni-

145 1038 260 1059 versas
275 1029 429 1065 decimas,
447 1033 562 1063 terras,
577 1028 811 1066 possessiones.
823 1031 853 1057 et
872 1027 938 1057 alia
954 1027 1153 1065 supradicta,

146 1091 210 1121 que
231 1082 365 1111 fuerunt
383 1081 673 1111 archidiaconatus
690 1080 811 1118 ipsius,
833 1080 873 1110 ad
889 1081 944 1119 jus
962 1084 993 1110 et
1009 1079 1158 1118 proprie-

133 1128 247 1164 'tatem
273 1134 420 1173 ejusdem
446 1133 736 1163 archidiaconatus
759 1133 920 1163 studeatis
938 1133 1087 1170 legitime
1106 1142 1158 1162 re-

147 1195 265 1216 vocare
284 1197 290 1215 :
309 1187 470 1216 facientes
488 1186 595 1216 eidem
617 1186 851 1216 archidiacono
872 1186 910 1215 de
932 1185 1095 1224 perceptis
1121 1194 1159 1215 ex

146 1239 246 1277 ipsis,
263 1239 371 1269 medio
390 1243 551 1277 tempore,
570 1238 801 1277 proventibus,
821 1238 1085 1268 satisfactionem
1103 1238 1160 1268 de-

146 1292 251 1322 bitam
278 1292 439 1322 exhiberi.
467 1291 734 1322 Contradictores
761 1295 821 1322 etc.
848 1292 923 1321 Non
949 1291 1159 1321 obstantibus

146 1345 286 1384 prefatis
313 1349 436 1374 statuto
461 1350 492 1374 et
519 1344 872 1374 excommunicationis
901 1344 1082 1379 sententia,
1108 1343 1160 1373 vel

148 1398 236 1437 quod
252 1403 453 1428 memoratus
471 1398 737 1433 archidiaconus,
749 1407 824 1427 cum
838 1398 1042 1436 reciperetur
1055 1398 1090 1426 in
1106 1406 1161 1427 ca-

148 1452 306 1481 nonicum
326 1451 473 1490 ejusdem
491 1451 645 1486 ecclesie,
663 1451 847 1489 predictum
868 1454 1028 1480 statutum
1047 1450 1161 1480 obser-

147 1513 226 1534 vare
239 1505 373 1543 juravit,
388 1504 439 1534 vel
456 1504 541 1543 quod
559 1508 719 1534 statutum
737 1504 847 1542 ipsum
862 1514 920 1542 per
936 1504 1019 1534 bone
1036 1512 1161 1533 memo-

147 1556 198 1586 rie
217 1579 249 1590 ..,
268 1556 489 1594 patriarcham
505 1556 762 1591 Antiochenum,
780 1560 857 1586 tunc
874 1556 908 1585 in
925 1556 993 1585 illis
1010 1556 1161 1594 partibus

149 1609 329 1647 apostolice
355 1609 449 1639 Sedis
475 1608 638 1646 legatum,
664 1613 695 1638 et
722 1609 931 1646 postmodnm
959 1618 1017 1647 per
1044 1608 1161 1638 Sedem

149 1661 364 1700 apostolicam
379 1661 413 1690 in
426 1662 529 1691 forma
545 1662 713 1691 communi
727 1661 835 1691 extitit
847 1662 1090 1696 confirmatum,
1103 1670 1162 1690 seu

149 1714 416 1753 quibuscumque¹
432 1713 553 1743 litteris
571 1723 588 1742 a
601 1713 684 1743 Sede
701 1713 881 1751 apostolica
894 1714 1090 1752 impetratis,
1105 1722 1163 1752 per

150 1776 233 1806 quas
263 1771 373 1805 posset
403 1766 539 1796 effectus
566 1766 601 1795 in
629 1766 689 1796 hac
716 1772 809 1804 parte
835 1767 967 1805 justitie
994 1766 1158 1805 impediri.

149 1821 264 1850 Testes
290 1824 401 1849 autem
423 1819 480 1858 qui
503 1819 629 1849 fuerint
651 1819 830 1855 nominati,
850 1820 879 1849 si
895 1828 930 1849 se
948 1819 1068 1857 gratia,
1087 1819 1162 1848 odio

149 1873 203 1903 vel
217 1873 334 1903 timore
348 1872 584 1907 subtraxerint,
597 1881 701 1910 usque
717 1882 722 1900 :
736 1872 921 1910 perhibere.
942 1872 1036 1908 Quod
1051 1872 1080 1902 si
1096 1880 1163 1901 non

149 1934 265 1956 omnes
278 1930 339 1955 etc.
352 1926 424 1955 Dat.
439 1924 602 1962 Anagnie,
612 1925 680 1954 1111
692 1924 864 1964 idusjulii,
880 1933 966 1954 anno
979 1924 1135 1955 secundo.
1148 1936 1160 1951 >)

0 1301 6 1435 —w--m-
0 1121 9 1291 —<--qs—-

227 2083 342 2112 1422

188 2145 324 2179 chrico,
341 2145 560 2179 archiepiscopo
577 2144 757 2177 Senonensi,
775 2146 912 2172 transfert
929 2146 962 2172 de
980 2154 1080 2172 mense
1097 2145 1164 2180 Jutii

152 2194 180 2221 in
197 2194 327 2220 kalendis
343 2194 505 2220 decembris
527 2197 643 2228 tempus
667 2194 842 2220 visitationis
859 2194 892 2220 ad
916 2194 1020 2220 Sedem
1046 2198 1164 2229 aposto-

151 2243 247 2270 licam.
274 2243 357 2276 (Iino.
375 2243 418 2277 ⁵34,
437 2243 455 2270 f.
477 2242 547 2276 lSliV,
565 2251 631 2269 ann.
649 2241 687 2276 ll,
707 2251 733 2268 c.
752 2243 826 2275 343.)

709 2083 835 2117 Anagni,
856 2084 886 2110 r18
900 2084 996 2118 jtiillet
1016 2083 1089 2110 [⁶256.

195 2358 208 2371 «
229 2346 373 2379 ilenrico,
396 2346 623 2382 archiepiscopo
639 2345 815 2373 senonensi.
835 2344 927 2374 Sicut
945 2354 981 2374 ex
1000 2349 1092 2383 parte
1111 2349 1166 2374 tua

154 2399 250 2428 nobis
268 2398 375 2428 extitit
392 2398 599 2432 intimatum,
625 2397 663 2427 de
687 2397 852 2426 visitando
874 2397 991 2428 Sedem
1009 2397 1166 2436 apostoli-

154 2460 226 2481 cam
242 2451 281 2481 de
298 2451 434 2480 biennio
451 2451 485 2479 in
502 2450 676 2480 biennium
691 2450 917 2489 juramentum
934 2450 968 2479 in
989 2451 1036 2480 tui
1052 2460 1165 2489 recep-

154 2504 244 2534 tione
270 2503 364 2542 pallii
389 2503 578 2542 prestitisti.
602 2503 698 2533 L'nde
725 2502 820 2532 nobis
840 2502 1014 2533 humiliter
1039 2503 1166 2542 suppli-

154 2557 250 2589 casti,
278 2561 329 2591 ut,
359 2565 432 2586 cum
462 2556 495 2585 in
522 2564 635 2585 mense
659 2555 738 2594 julii
761 2555 952 2594 hujusmodi
980 2556 1166 2594 prestiteris

151 2610 380 2649 juramentum
397 2613 438 2643 et,
456 2612 588 2647 propter
605 2608 730 2637 calores
750 2607 883 2643 estivos,
903 2618 1000 2646 grave
1018 2609 1118 2640 nimis
1136 2614 1167 2640 et

154 2662 378 2702 periculosum
401 2662 460 2691 tibi
477 2662 596 2691 existat
614 2661 670 2691 tali
689 2665 833 2700 tempore
851 2661 968 2691 Sedem
988 2662 1078 2693 adire
1096 2673 1165 2702 pre-

155 2716 289 2751 dictam,
307 2715 480 2753 providere
500 2724 599 2752 super
615 2714 676 2744 hoc
692 2714 751 2743 tibi
767 2718 905 2752 paterna
921 2715 1096 2753 diligentia
1114 2726 1167 2747 cu-

155 2777 318 2799 raremus.
345 2769 413 2798 Nos
439 2768 553 2806 igitur,
576 2767 643 2797 tuis
670 2767 970 2806 supplicationibus
995 2768 1164 2805 inclinati,

155 2821 304 2852 volentes
330 2821 364 2850 in
390 2821 451 2850 hac
478 2824 571 2859 parte
595 2820 735 2858 gratiam
761 2820 822 2849 tibi
844 2820 952 2850 facere
976 2821 1164 2859 specialem,

154 2874 289 2914 hujusm
316 2874 347 2903 tli
370 2873 573 2904 visitationis
598 2877 725 2911 teinpus
748 2872 952 2912 inlialcndis
969 2873 1164 2911 decembris,

279 2939 503 2964 Aiieximnmi
521 2939 572 2969 ιν,
590 2941 610 2963 t.
630 2939 650 2963 1.

1236 285 1431 314 auctoritate
1456 285 1672 322 presentium,
1699 284 1852 314 duximus
1883 284 2162 315 transferendum.
2194 285 2246 314 Ita

1237 337 1323 376 quod
1340 346 1406 367 non
1423 337 1489 367 nisi
1504 337 1540 366 in
1556 337 1708 367 kalendis
1722 337 1805 375 ipsis
1819 337 1857 366 de
1868 337 2005 366 biennio
2020 337 2056 366 in
2070 337 2245 366 biennium

1235 391 1399 429 prefatam
1412 390 1549 420 visitare
1566 390 1683 420 Sedem
1700 390 1738 420 de
1751 394 1858 420 cetero
1872 390 2025 419 tenearis.
2045 390 2118 419 Dat.
2134 390 2245 427 Anag-

1238 443 1303 478 nie,
1323 443 1384 473 XV
1402 442 1561 472 kalendas
1579 443 1723 480 augusti,
1743 451 1828 472 anno
1845 441 2001 471 secundo.
2021 454 2034 467 ³>

1315 607 1333 634 Ι
1342 607 1431 635 423

1278 669 1369 696 Priori
1384 673 1411 695 et
1425 668 1582 695 conventui
1599 667 1630 694 S.
1648 667 1761 693 Martini
1779 668 1806 693 in
1824 667 1903 693 Valle
1918 667 2089 694 Carnotensi
2105 668 2244 701 indulget,

1242 722 1272 745 ut
1288 718 1360 744 ultra
1376 725 1518 743 summam
1534 715 1742 750 quinquaginta
1759 715 1894 742 librarum
1911 716 2124 742 Turonensium
2142 725 2246 751 expcn-

1789 605 1918 639 Anagni,
1941 607 1966 632 11
1982 606 2078 640 juillet
2096 606 2174 633 1256.

1241 767 1307 792 dere
1325 775 1379 792 non
1396 768 1559 796 tencantur,
1575 772 1640 790 cum
1657 764 1813 798 episcopus
1831 763 2018 790 Carnotensis
2035 765 2067 790 ad
2092 765 2246 799 prioratum

1241 814 1408 840 accesserit.
1426 813 1510 846 (Rue.
1529 812 1575 843 ⁶24,
1598 812 1616 838 f.
1637 811 1708 842 184&
1725 820 1790 837 ann.
1813 811 1851 843 ΙΙ,
1866 820 1891 837 e.
1910 812 1982 842 3¹14.)

1285 928 1296 941 α
1316 938 1348 949 ..,
1364 915 1465 952 priori
1482 914 1590 943 Sancti
1608 913 1754 948 Martini,
1772 917 1797 940 et
1814 913 1978 941 conventui
1995 914 2102 942 Sancti
2121 913 2250 942 Martini

1243 969 1276 997 in
1299 969 1378 997 Valle
1395 967 1589 1001 Cttriiotensi,
1615 965 1734 993 «inlinis
1754 967 1854 994 sancti
1871 965 2036 994 Benedicti.
2061 965 2147 995 Illud
2164 966 2252 995 circa.

1242 1019 1513 1059 procurationum
1530 1018 1735 1048 exactionem
1756 1018 1966 1047 moderamen
1985 1018 2135 1056 cupimus
2156 1018 2250 1047 adhi-

1242 1073 1323 1109 beri,
1351 1072 1437 1111 quod
1462 1072 1495 1101 in
1523 1071 1571 1101 eis
1595 1071 1791 1101 exhibendis
1814 1071 1954 1100 nimium
1982 1080 2045 1100 non
2071 1076 2251 1101 onerentur

1243 1125 1398 1163 ecclesie,
1415 1134 1475 1154 nec
1495 1124 1530 1153 in
1554 1124 1636 1162 ipsis
1658 1124 1892 1162 extorquendis
1911 1123 2028 1161 prelati
2047 1124 2179 1154 easdem
2198 1133 2251 1154 ec-

1243 1179 1362 1209 clesias
1382 1178 1573 1212 visitantes,
1601 1176 1768 1215 querendo
1792 1176 1968 1205 inhoneste
1990 1186 2053 1214 qne
2078 1185 2137 1206 sua
2162 1181 2249 1212 sunt,

1244 1241 1309 1261 non
1334 1240 1397 1270 que
1423 1230 1495 1265 Dei,
1520 1229 1707 1259 animarum
1730 1229 1939 1266 dispendium
1961 1229 2142 1266 patiantur.
2166 1230 2252 1259 Sane

1243 1285 1328 1315 lecta
1352 1283 1448 1313 nobis
1474 1286 1583 1312 vestra
1607 1282 1723 1320 petitio
1746 1281 1948 1316 ‹‚:ontinebat,
1973 1282 2070 1320 quod,
2098 1291 2172 1311 curn
2195 1292 2252 1312 vos

1244 1338 1483 1368 Carnotcnsem
1507 1335 1697 1374 episcopum
1719 1335 1757 1363 ad
1780 1334 1954 1363 ecclesiam
1977 1338 2118 1363 vestram
2141 1335 2174 1363 in
2194 1344 2253 1364 sue

1244 1389 1462 1429 promotionis
1480 1393 1511 1419 et
1528 1388 1685 1418 novitatis
1707 1387 1805 1417 initio
1828 1387 2037 1417 accedentem
2059 1388 2161 1417 semel
2178 1397 2253 1425 pro-

1244 1453 1361 1474 curare
1389 1442 1585 1476 teneamini,
1618 1441 1655 1470 dc
1682 1440 1922 1470 consuetudine
1950 1440 2138 1478 approbata,
2166 1441 2254 1470 idem

1245 1497 1430 1535 episcopus,
1458 1504 1531 1525 cum
1556 1494 1617 1524 hac
1644 1494 1682 1523 de
1705 1502 1803 1523 causa
1823 1493 1862 1522 ad
1886 1493 2068 1531 prioratum
2093 1497 2252 1527 vestrum,

1245 1550 1302 1589 qui
1324 1549 1364 1579 ad
1382 1548 1489 1587 Majus
1512 1547 1753 1577 monasterium
1773 1547 1966 1576 Turonense
1987 1547 2152 1584 pertinere
2172 1546 2255 1575 dici-

1246 1608 1309 1638 tur,
1331 1602 1472 1637 accedit,
1493 1601 1573 1630 adeo
1597 1609 1652 1629 vos
1676 1604 1789 1629 onerat
1813 1599 2020 1629 evectisniuni
2045 1604 2073 1629 et
2097 1608 2254 1637 persona-

1246 1665 1319 1686 rum
1337 1654 1552 1684 multitudine
1574 1654 1751 1685 effrenata.
1777 1652 1863 1691 quod
1884 1652 1918 1681 in
1939 1662 2003 1681 una
2024 1653 2255 1690 procuratione

1246 1710 1405 1739 ducentas
1435 1708 1538 1737 libras
1568 1706 1814 1736 Turonensium
1840 1710 1869 1735 et
1897 1705 2040 1743 amplius
2073 1705 2256 1743 expendere

1246 1771 1303 1792 vos
1320 1764 1463 1799 oportet,
1486 1769 1584 1798 super
1601 1768 1664 1798 quo
1681 1759 1813 1788 salubre
1831 1767 1848 1787 a
1867 1758 1961 1788 nobis
1979 1758 2130 1787 adhiberi
2149 1767 2256 1787 reme-

1247 1816 1337 1845 dium
1354 1813 1528 1843 humiliter
1543 1812 1748 1851 postulastis.

1290 1881 1302 1895 n
1322 1869 1391 1898 Nos
1407 1868 1531 1905 itaque,
1550 1866 1669 1896 vestris
1686 1865 1721 1894 in
1738 1865 1799 1895 hac
1821 1869 1912 1903 parte
1934 1865 2184 1903 gravaminibus
2203 1874 2257 1894 oc-

1247 1930 1380 1952 currere
1397 1925 1427 1950 et
1445 1919 1595 1949 excessui
1614 1923 1679 1948 tam
1699 1917 1881 1948 damnabili
1896 1918 2029 1947 obviare
2047 1917 2205 1952 volentes,
2223 1922 2257 1947 ut

1247 1976 1281 2004 in
1305 1973 1496 2013 hujusmodi
1517 1972 1764 2011 procuratione,
1792 1970 1878 2000 ultra
1899 1980 2061 2000 summam
2091 1971 2256 2009 quinqua-

1248 2028 1340 2066 ginta
1356 2027 1517 2055 librarum
1529 2024 1773 2054 Turonensium
1785 2023 1968 2061 expendere
1982 2032 2047 2052 non
2063 2023 2255 2054 teneamini.

1248 2090 1285 2111 ea
1311 2080 1381 2109 vice
1407 2088 1471 2117 qua
1492 2077 1708 2108 Carnotensis
1735 2077 1924 2115 episcopus,
1953 2076 2010 2115 qui
2033 2086 2090 2114 pro
2115 2081 2258 2114 tempore

1247 2133 1361 2168 fucrit,
1389 2133 1422 2161 in
1452 2131 1597 2160 novitate
1622 2119 1840 2168 promotionis
1871 2138 1941 2163 suc,
1966 2138 2055 2158 more
2081 2128 2188 2163 solito,
2219 2128 2259 2157 ad

1248 2186 1432 2225 predictum
1450 2183 1627 2213 accesserit
1645 2183 1841 2221 prioratum,
1863 2191 1922 2211 nec
1939 2182 1977 2211 de
1994 2186 2102 2211 cetero
2119 2181 2258 2219 amplio-

1247 2248 1333 2273 rem,
1359 2238 1393 2267 in
1416 2236 1647 2275 procuratione
1664 2234 1871 2274 hujusmodi,
1895 2243 2058 2264 summani
2076 2233 2258 2271 expendere

1249 2292 1320 2330 cogi
1334 2290 1480 2329 possitis,
1499 2288 1694 2319 auctoritate
1706 2287 1800 2317 vobis
1814 2287 2019 2325 presentium
2033 2286 2258 2323 indulgemus,

1249 2343 1602 2375 excommunicationis
1639 2341 1691 2371 vel
1727 2340 1959 2378 suspensionis
1996 2344 2052 2369 ant
2088 2339 2259 2369 interdicti

1249 2397 1444 2431 sententias,
1471 2395 1498 2425 si
1518 2404 1610 2433 quas,
1631 2402 1687 2432 pro
1709 2392 1933 2431 extorquenda
1952 2401 1970 2421 a
1991 2392 2084 2421 vobis
2103 2400 2260 2429 procura-

1249 2452 1337 2482 tione
1356 2458 1483 2479 summe
1501 2448 1552 2478 vel
1572 2456 1713 2486 expense
1730 2446 1877 2485 1naj0ris,
1896 2446 1930 2475 in
1948 2454 2004 2475 vos
2021 2445 2072 2475 vel
2085 2445 2258 2475 ecclesiam

1249 2508 1393 2534 vestram
1410 2506 1522 2531 contra
1541 2505 1687 2530 tenorem
1702 2499 1868 2538 presentis
1885 2498 2093 2535 indulgentie
2113 2497 2259 2535 promul-

1250 2557 1321 2594 gari
1337 2554 1527 2592 contigerit,
1552 2562 1663 2582 carere
1689 2551 1815 2581 viribus
1839 2551 2064 2580 decernentes.
2086 2549 2177 2579 Nulli
2197 2553 2257 2578 etc.

1249 2614 1361 2639 nostre
1375 2606 1600 2637 concessionis
1619 2609 1650 2635 et
1667 2603 1915 2634 constitutionis
1931 2607 1989 2633 etc.
2008 2604 2080 2632 Dat.
2094 2601 2257 2638 Ana-gnie,

1249 2663 1277 2692 V
1291 2662 1365 2691 idus
1378 2660 1467 2700 julii,
1486 2667 1572 2688 anno
1588 2657 1744 2687 secundo.
1766 2669 1778 2683 »

1324 2820 1439 2849 1424
1798 2814 1927 2848 Anagni,
1946 2813 2091 2847 terjuiltct
2108 2812 2186 2839 1256.

1285 2881 1450 2908 Electiones
1468 2879 1617 2906 Ysabellae
1632 2878 1666 2904 de
1689 2876 1863 2911 Fuigneriis,
1889 2879 1957 2902 tunc
1982 2873 2134 2904 canti-icis,
2153 2883 2166 2899 a
2186 2881 2257 2899 non-

2096 2935 2126 2959 55
