2498 3325
268 233 322 261 402
991 233 1229 263 REGISTRES
1251 233 1558 264 D'ALEXANDRE
1581 236 1634 265 IV.

267 300 294 325 in
312 299 342 325 S.
362 298 518 324 Emlinandi
537 298 613 329 renis
628 302 657 324 et
673 299 806 333 martyris
826 299 898 324 festo
915 304 941 325 et
957 304 1068 333 septeni
1084 299 1188 325 diebus
1204 298 1273 326 illud

266 347 427 373 immediate
444 347 645 381 sequentibus.
661 347 745 379 (stau.
762 347 807 378 ‘2-t,
825 347 844 373 f.
863 347 935 379 ¹99ss
951 356 1018 375 ann.
1037 347 1074 380 ΙΙ,
1091 356 1117 374 c.
1135 348 1208 380 389.)

306 474 318 487 a
352 462 458 490 Abbati
487 466 512 490 et
543 462 707 490 conventui
735 463 916 490 monasterii
941 462 1050 492 Sancti
1075 463 1270 496 Eadmundi,

264 515 303 542 ad
327 515 493 543 Romanam
516 515 677 543 Ecclesiam
702 515 789 543 nullo
811 515 908 543 medio
929 516 1127 551 perimentis.
1151 517 1273 545 ordinis

263 569 361 597 sancti
379 568 542 602 Benedicti,
559 568 762 597 Nora-irensis
778 568 913 597 diocesis.
938 569 973 598 In
993 569 1187 599 Sanctorum
1205 570 1272 600 fes-

263 620 449 650 tivitatibus
472 638 521 649 —.
550 621 623 650 Dat.
647 620 813 658 Anagnie,
836 620 988 651 kalendis
1013 622 1161 659 augusti,
1184 631 1270 652 anno

263 674 416 704 secundo.
436 686 448 700 »

333 879 448 908 ¹425

296 941 490 976 infrascriptis
514 941 644 972 mandat,
667 941 803 975 quatinus
824 942 932 968 firmam
951 943 1034 969 fidem
1052 944 1206 971 adhibeant
1223 953 1266 971 rc-

259 990 384 1017 dactioni
408 990 436 1016 in
461 990 578 1016 formam
602 990 743 1024 publicam
765 990 851 1017 libelli
873 991 1025 1018 dux-enatis
1048 992 1170 1025 Memmi,
1194 994 1267 1020 civis

258 1038 398 1068 Romani,
419 1042 519 1064 contra
542 1037 746 1071 GIuidonemJ,
765 1042 834 1065 tunc
849 1040 1034 1073 episcopum,
1052 1045 1080 1066 et
1101 1041 1192 1068 bonae
1207 1050 1266 1068 me-

259 1086 364 1112 moriae
385 1085 564 1119 [Joliannem]
577 1106 584 1117 ,
602 1086 726 1112 electum
746 1085 966 1113 Vin-dunensem.
986 1087 1058 1120 (Rea
1086 1088 1135 1123 24,
1154 1089 1172 1116 f.
1194 1089 1264 1121 lssss',

256 1143 324 1161 ann.
343 1134 384 1167 ΙΙ,
401 1142 425 1160 c.
445 1134 518 1167 390.)

744 879 869 913 Anagni,
886 880 918 906 ‘22
937 882 1100 916 septembre
1118 882 1194 909 1256.

297 1261 311 1276 «ι
338 1272 371 1283 ..,
390 1249 516 1285 decano,
537 1254 562 1278 et
582 1250 753 1278 camerario
774 1251 916 1287 majoris,
942 1257 967 1280 et
986 1254 1137 1290 preposito
1157 1253 1265 1283 Sancte

255 1303 350 1332 Mai-ie
366 1302 538 1339 Maydalene
554 1303 750 1331 ecclesiarum
770 1303 1022 1333 l'irtluncnsium.
1038 1304 1193 1335 Exhibita
1210 1314 1264 1335 no-

255 1354 306 1384 bis
323 1354 432 1384 dilecti
454 1354 513 1383 tilii
532 1354 655 1384 nobilis
671 1355 734 1384 viri
750 1355 924 1385 Juvenalis
942 1357 1077 1388 Maneti.
1098 1358 1181 1388 civis
1197 1359 1264 1389 Ro-

255 1407 355 1443 mani,
377 1407 481 1437 nostri
500 1412 528 1437 et
548 1407 695 1437 Ecclesie
714 1409 862 1438 Romane
879 1409 999 1440 devoti.
1021 1410 1136 1448 petitio
1158 1412 1264 1441 conti-

256 1459 364 1491 nebat.
389 1460 486 1498 quod,
514 1460 547 1488 in
571 1469 670 1490 cansa
695 1470 758 1499 que
781 1461 971 1491 vertebatur
993 1462 1080 1492 inter
1101 1463 1210 1502 ipsum
1232 1468 1264 1494 et

255 1512 479 1543 venerabilem
507 1514 644 1542 fratrem
670 1518 819 1543 nostrum
850 1515 907 1549 G.‚
938 1515 1260 1553 Autisiodorensem,

255 1570 331 1595 tunc
364 1565 626 1602 Vir-dunensem,
657 1566 862 1604 episcopum,
884 1571 913 1597 et
940 1569 1149 1607 pistmodum
1177 1569 1262 1600 bone

254 1618 411 1647 memorie
439 1641 472 1652 ..,
496 1618 741 1648 virdunensem
770 1619 923 1656 electum,
952 1630 1178 1652 successorem
1211 1622 1262 1661 ip-

254 1670 335 1705 sius,
355 1679 453 1708 super
470 1671 668 1709 quibusdam
686 1672 825 1702 summis
842 1673 981 1710 pecunie
998 1683 1035 1704 ac
1052 1674 1150 1704 rebus
1172 1675 1259 1712 aliis,

253 1722 362 1753 felicis
384 1724 624 1753 recordationis
650 1725 876 1761 Innocentius,
902 1726 1116 1764 predecessor
1137 1732 1260 1765 noster,

253 1775 337 1805 bone
354 1776 512 1805 memorie
530 1777 577 1811 E„
600 1777 796 1807 Sanctorum
819 1777 936 1808 Cosme
959 1784 989 1809 et
1013 1781 1168 1810 Damiani
1190 1781 1261 1812 dia-

253 1836 371 1858 conum
393 1828 610 1863 cardinalem,
638 1829 727 1859 dedit
748 1830 899 1868 partibus
924 1832 1120 1863 auditorem.
1142 1834 1261 1864 Coram

253 1890 334 1919 quo,
363 1881 403 1910 ab
426 1881 539 1911 eodem
567 1882 729 1912 ‚Iuvenale
761 1882 895 1913 libellus
920 1885 984 1914 suit
1011 1887 1097 1924 parti
1123 1887 1260 1918 adverse

252 1933 393 1963 oblatus.
411 1935 534 1964 Verum
551 1935 638 1964 idem
655 1935 749 1969 civis,
767 1936 923 1966 dubitans
945 1947 984 1967 ne
1002 1938 1109 1968 dictus
1125 1939 1260 1971 libellus

252 1991 283 2016 et
304 1987 442 2025 quedam
466 1987 576 2017 littere
603 1988 794 2027 hujusmodi
822 1990 991 2027 negotium
1016 1992 1258 2030 contingentes,

251 2039 398 2078 ejusdem
435 2040 614 2070 cardinalis
654 2046 683 2071 et
718 2043 926 2080 quorundam
962 2043 1103 2074 aliorum
1137 2046 1259 2083 sigillis

251 2087 392 2129 signate,
413 2101 490 2121 casu
514 2092 653 2122 fortuitu
675 2094 817 2123 ammitti
849 2095 980 2125 valeant
1003 2096 1053 2126 vel
1078 2099 1257 2137 corrumpi,

251 2144 346 2174 nobis
364 2144 536 2175 humiliter
553 2146 762 2184 supplicavit,
778 2152 812 2176 ut
826 2149 997 2186 providere
1010 2150 1074 2179 sibi
1086 2159 1186 2189 super
1198 2151 1259 2182 hec

251 2201 387 2235 paterna
413 2197 637 2228 sollicitudine
666 2208 870 2230 curaremus.
899 2202 968 2231 Nos
999 2203 1122 2241 itaque,
1152 2204 1258 2242 ipsius

250 2249 333 2279 civis
362 2250 661 2288 supplicationibus
689 2252 853 2289 inclinati,
881 2263 940 2292 per
965 2255 1122 2285 dilectum
1151 2257 1258 2287 filium

249 2302 487 2332 Thomasinnm
497 2304 660 2333 notarium
674 2305 778 2343 redigi
794 2306 935 2337 fecimus
952 2307 986 2336 in
998 2308 1138 2339 formam
1153 2310 1259 2348 publi-

251 2363 321 2384 cam
338 2355 487 2385 libellum
512 2361 542 2386 et
565 2356 693 2387 litteras
717 2359 934 2396 supradictas.
957 2361 1040 2391 Cum
1061 2366 1172 2392 autem
1194 2363 1258 2394 hu-

247 2408 393 2448 jusmodi
417 2409 585 2445 negotium
605 2410 709 2445 vobis,
731 2412 792 2441 snb
811 2417 900 2442 certa
922 2414 1040 2450 forma,
1065 2415 1257 2448 duxerimus

251 2461 533 2492 committendum.
549 2462 741 2493 discretioni
756 2470 863 2495 vestre
871 2475 930 2504 per
943 2468 1123 2505 apostolica
1135 2469 1258 2508 scripta

249 2514 456 2549 mandamus,
473 2515 641 2553 quatinus,
657 2517 683 2545 si
697 2517 866 2554 publicum
882 2519 1143 2551 instrumentum
1158 2532 1258 2561 super

249 2566 309 2597 hoc
326 2576 384 2605 per
400 2567 540 2597 eundem
556 2569 722 2598 notarium
741 2571 938 2608 confectum,
957 2577 1088 2604 tenores
1104 2574 1211 2606 libelli
1226 2581 1257 2607 et

248 2619 435 2649 litterarum
463 2620 686 2658 predictarum
711 2623 897 2659 continens,
924 2625 1106 2663 sigillatum
1133 2629 1256 2667 sigillis

249 2672 444 2702 dilectorum
461 2672 605 2703 tiliorum
618 2678 805 2704 nostrorum
818 2678 861 2712 J.,
878 2677 967 2707 tituli
985 2679 1097 2710 Sancti
1112 2681 1256 2712 Lauren-

249 2725 287 2754 tii
302 2725 335 2754 in
349 2725 474 2755 Lucina
487 2726 675 2764 presbiteri,
691 2731 721 2757 et
739 2728 789 2763 O.,
804 2729 922 2760 Sancte
937 2732 1040 2762 Marie
1055 2734 1089 2762 in
1102 2735 1163 2764 Via
1176 2735 1256 2765 Lata

249 2777 378 2807 diaconi
397 2778 631 2814 cardinalium,
651 2779 743 2809 vobis
768 2781 867 2811 suerit
889 2790 1129 2821 presentatum,
1151 2788 1180 2817 ei
1199 2789 1256 2817 fir-

250 2839 335 2860 mam
362 2831 457 2859 tidem
483 2831 640 2861 adbibere
671 2833 805 2863 curctis.
833 2835 899 2864 Nos
929 2837 1016 2866 enim
1045 2838 1255 2871 decernimus

250 2883 335 2921 quod
360 2883 472 2912 eadem
496 2883 592 2913 tides.
617 2893 680 2923 que
702 2885 815 2915 libello
844 2892 875 2916 et
897 2888 1018 2919 litteris
1042 2891 1256 2923 adhiberetur

1356 300 1524 338 predictis.
1551 301 1658 331 eidem
1688 302 1910 334 instrumento
1940 304 2057 335 debeat
2089 305 2252 336 adhiberi.
2287 307 2359 337 Dat.

1355 353 1519 391 Anagnie,
1536 354 1565 383 X
1580 354 1740 385 kalendas
1755 355 1911 392 octobris,
1928 365 2015 387 anno
2034 358 2191 388 secundo.
2213 371 2225 386 n

1427 533 1542 561 ¹4⁷ss

1390 593 1530 620 Balduino
1552 594 1587 621 de
1610 594 1696 621 X‘iczo
1710 595 1744 621 ‹le
1761 595 1854 622 Saona
1866 617 1872 627 ,
1891 598 2023 631 potestati
2039 598 2166 625 civitatis
2185 599 2360 634 Idrontinae,

1352 642 1427 668 fideti
1440 651 1504 673 suo,
1517 643 1670 670 attendens
1685 644 1874 678 diligentiam,
1890 654 1974 679 quam
1988 646 2060 673 idem
2073 647 2148 674 circa
2162 647 2360 676 defensionem

1352 691 1480 718 civitatis
1496 691 1660 718 Idi-ontinae
1677 692 1855 724 adbibuerit,
1873 694 2016 728 quoddam
2033 696 2128 722 casale
2143 696 2287 730 quondam
2305 697 2362 724 Be-

1352 740 1425 766 rarili
1452 741 1485 766 de
1513 740 1605 772 Luco,
1633 741 1789 776 proditoris
1818 741 1979 774 Ecclesiae,
2011 743 2037 770 in
2068 744 2185 771 seudum
2215 745 2360 773 concedit.

1354 788 1436 820 (nto.
1456 789 1506 821 ⁴24,
1530 789 1547 815 f.
1577 790 1654 823 190',
1676 798 1743 816 ann.
1761 789 1799 824 ll,
1816 799 1842 817 c.
1860 790 1905 818 39¹
1923 800 1929 823 ;
1947 790 2129 826 Runixuzno,
2146 797 2167 821 t.
2183 793 2235 826 Ill.
2253 803 2281 830 p.
2298 794 2360 826 ⁴03.

1351 845 1382 864 n⁰
1397 837 1469 869 444.)

1857 535 1981 570 Anngnt,
1999 536 2014 562 5
2029 537 2194 572 septembre
2212 537 2289 565 ¹256.

1391 953 1403 967 α
1429 942 1529 970 Nobili
1546 942 1612 970 viro
1628 942 1780 971 Balcluino
1800 943 1887 972 Via-zo
1902 943 1936 971 de
1955 943 2066 981 Saena,
2083 945 2226 981 potestati
2245 945 2361 974 civita-

1348 996 1386 1023 τῖε
1409 994 1580 1029 Itlrontine,
1602 994 1687 1031 fideli
1711 1000 1824 1024 nostro.
1851 995 2035 1026 Attendens
2058 995 2285 1034 vigilantiam,
2307 997 2360 1027 di-

1346 1046 1520 1084 ligentiam
1547 1050 1579 1076 et
1601 1046 1879 1083 sollicitudinem,
1905 1057 1987 1086 quas
2012 1048 2100 1078 circa
2127 1049 2358 1081 defensionem

1347 1100 1494 1130 civitatis
1517 1099 1688 1130 Idi-omine
1716 1105 1907 1131 constanter
1933 1101 2129 1132 adhibuisse
2156 1102 2356 1140 dinosceris,

1348 1161 1475 1182 necnon
1493 1157 1524 1183 et
1539 1152 1726 1183 indefessos
1742 1153 1887 1189 labores,
1907 1163 1988 1193 quos
2004 1164 2063 1193 pro
2082 1155 2189 1194 ipsius
2212 1155 2359 1186 civitatis

1347 1205 1510 1242 regimine
1530 1205 1681 1240 subiisti,
1705 1214 1741 1236 ac
1766 1206 1914 1237 volentes
1939 1216 1977 1237 ex
2004 1207 2066 1238 hoc
2092 1208 2152 1238 tibi
2178 1207 2358 1247 apostolice

1347 1257 1562 1288 liberalitatis
1591 1258 1759 1288 dexteram
1789 1259 1929 1297 aperire,
1961 1260 2026 1290 tuis
2055 1260 2358 1299 supplicationibus

1346 1309 1511 1345 inclinati,
1533 1310 1641 1340 casale
1659 1310 1794 1349 Specole
1810 1311 1849 1341 de
1867 1311 2044 1347 Minerum,
2063 1312 2151 1351 quod
2167 1313 2232 1343 suit
2248 1322 2356 1352 quon-

1346 1363 1421 1393 dam
1444 1363 1582 1393 Berardi
1613 1363 1651 1394 de
1677 1364 1781 1399 Luco,
1806 1365 1955 1395 Romane
1981 1364 2128 1396 Ecclesie
2158 1365 2354 1404 proditoris,

1346 1425 1420 1446 cum
1437 1416 1592 1446 omnibus
1608 1416 1813 1451 hominibus,
1828 1417 1962 1456 juribus
1985 1422 2016 1448 et
2038 1418 2251 1456 pertinentiis
2273 1418 2356 1455 suis,

1347 1469 1407 1498 tibi
1424 1469 1557 1508 tuisque
1571 1469 1751 1500 heredibus
1763 1470 1797 1500 in
1810 1470 1983 1501 devotione
1999 1470 2106 1509 ipsius
2118 1470 2266 1502 Ecclesie
2282 1480 2358 1510 per-

1347 1523 1565 1558 sistentibus,
1584 1523 1618 1552 in
1641 1523 1777 1553 seudum
1795 1523 1856 1553 sub
1873 1523 1994 1554 debitis
2013 1528 2044 1554 et
2060 1524 2229 1555 consuetis
2251 1524 2358 1555 servi-

1338 1577 1402 1606 ·tiis
1425 1576 1638 1607 concedimus
1663 1576 1702 1606 de
1727 1577 1834 1614 gratia
1859 1576 2006 1615 speciali.
2032 1576 2126 1607 Nulli
2153 1581 2214 1607 etc.
2242 1581 2354 1608 nostre

1345 1629 1571 1660 concessionis
1588 1634 1649 1659 etc.
1668 1630 1741 1659 Dat.
1755 1629 1918 1667 Anagnie,
1933 1629 2029 1660 nonis
2044 1629 2252 1668 septembris,
2269 1638 2356 1660 anno

1345 1683 1502 1714 secundo.
1522 1695 1535 1709 n

1845 1862 1972 1896 Anagni,
1990 1863 2005 1889 5
2021 1862 2187 1897 septembre
2206 1862 2283 1890 1256.

1418 1862 1530 1891 142?

1381 1925 1490 1960 Populo
1513 1925 1640 1951 civitatis
1663 1924 1844 1956 ldrontinae,
1866 1924 2000 1951 fidelibus
2022 1923 2180 1958 Ecclesiae,
2203 1924 2355 1952 confirmat

1343 1975 1562 2001 concessionem
1585 1973 1774 2007 quorumdam
1796 1973 1934 1999 casalium
1951 1973 1986 1999 ab
2002 1972 2026 1999 O
2041 1994 2048 2004 ,
2066 1972 2096 2000 S.
2120 1972 2225 1999 Mariae
2247 1973 2274 2000 in
2300 1972 2356 2000 Via

1343 2024 1399 2050 lata
1419 2022 1541 2048 diacono
1564 2021 1718 2051 cardinali.
1741 2026 1810 2048 tunc
1826 2021 1852 2047 in
1872 2029 1960 2055 regno
1978 2021 2092 2047 Siciliae
2109 2021 2203 2056 legato
2215 2043 2221 2053 ,
2237 2021 2353 2052 saetam,

1343 2069 1546 2106 praecipiendo
1559 2074 1701 2096 utomncs
1717 2070 1765 2102 illi,
1782 2070 1830 2104 qui
1849 2071 2030 2104 temporibus
2047 2069 2164 2096 Siciliae
2178 2077 2278 2104 regum
2296 2069 2352 2096 Ro-

1342 2120 1425 2154 gcrii,
1442 2118 1582 2145 Witlelmi
1599 2118 1619 2149 l,
1639 2117 1776 2144 Willelini
1793 2118 1819 2144 lt
1834 2123 1861 2144 et
1878 2118 2023 2144 Frederici
2034 2118 2226 2153 imperatoris,
2244 2122 2350 2151 turres,

1342 2169 1468 2195 cortinas
1480 2172 1508 2194 et
1517 2167 1691 2193 barbacanas
1701 2175 1832 2202 reparare
1844 2171 2060 2193 consueverunt
2069 2171 2097 2193 et
2106 2166 2214 2200 galeam
2227 2166 2354 2194 civitatis

1341 2225 1462 2249 armare,
1478 2217 1511 2243 ad
1529 2216 1656 2242 eamdem
1675 2215 1896 2250 praestationem
1914 2219 2075 2242 teneantur.
2095 2215 2177 2247 (REG-
2193 2214 2264 2249 ‘24ss
2288 2214 2352 2247 ⁶200,

1341 2274 1407 2292 ann.
1426 2265 1468 2299 11,
1484 2273 1509 2292 c.
1527 2265 1600 2297 392.)

1383 2380 1395 2395 «
1422 2368 1534 2405 Populo
1547 2368 1683 2396 civitatis
1697 2367 1864 2402 [dv-omine,
1883 2366 2022 2403 fidelibus
2038 2366 2163 2395 nostris.
2181 2365 2267 2402 Quia
2283 2373 2352 2396 ves-

1340 2425 1389 2451 tre
1405 2420 1581 2458 integritas
1600 2419 1689 2454 fidei,
1705 2419 1890 2449 devotionis
1907 2418 2083 2448 sinceritas
2097 2422 2129 2448 et
2144 2417 2352 2449 inviolabilis

1340 2473 1526 2504 constantie
1551 2473 1692 2502 firmitas
1718 2472 1805 2502 clare
1827 2475 1961 2510 patent,
1987 2471 2195 2501 obmittimus
2221 2470 2282 2501 hec
2309 2470 2352 2501 ad

1339 2535 1478 2566 presens
1499 2525 1790 2556 commendatoriis
1810 2524 1973 2563 explicare
2001 2523 2229 2559 sermonibus,
2249 2523 2352 2554 verba

1339 2579 1449 2610 laudis
1465 2579 1709 2618 postponimus,
1728 2586 1816 2608 nunc
1830 2577 1868 2608 de
1880 2577 1963 2616 ipsis
1980 2585 2041 2607 nec
2054 2576 2095 2606 ad
2110 2585 2223 2607 eorum
2238 2584 2350 2615 preco-

1341 2633 1435 2663 nium
1452 2632 1567 2662 stilum
1590 2631 1818 2670 producimus,
1839 2635 1888 2660 set
1906 2630 2017 2669 potius
2039 2629 2076 2659 in
2095 2628 2164 2659 hiis
2185 2628 2349 2659 calamum

1340 2684 1581 2724 quodammodo
1595 2683 1807 2714 cohartamus
1821 2693 1827 2712 :
1842 2683 1999 2722 quoniam
2013 2686 2044 2712 et
2058 2681 2087 2713 si
2101 2681 2199 2720 digne
2212 2680 2350 2712 laudare

1339 2737 1512 2772 vellemus,
1525 2737 1578 2766 vix
1592 2737 1705 2767 forsan
1720 2740 1855 2774 possent
1869 2736 1955 2765 sacta
1970 2734 2111 2774 exprimi
2123 2733 2220 2773 plene
2236 2733 2348 2769 dictis,

1339 2799 1398 2822 nec
1415 2790 1455 2820 ad
1475 2789 1794 2820 commendationem
1815 2789 1977 2828 ydoneam
2001 2787 2102 2818 verba
2120 2790 2345 2825 suppeterent,

1337 2845 1417 2883 quia
1432 2853 1467 2874 re
1484 2853 1561 2874 vera
1577 2843 1650 2882 plus
1667 2852 1720 2873 res
1739 2847 1831 2880 gesta
1846 2842 1993 2872 continet
2016 2849 2115 2880 quam
2138 2848 2246 2870 sermo
2269 2847 2346 2878 pos-

1338 2902 1388 2928 set
1407 2896 1564 2935 prolixior
1580 2904 1747 2930 enarrare,
1766 2895 1850 2925 tanti
1867 2903 2009 2933 namque
2025 2893 2137 2923 meriti
2153 2891 2349 2930 magnitudo
