2498 3325
253 288 310 317 344
982 288 1220 320 REGISTRES
1242 288 1548 318 D’ALEXANDRE
1573 289 1625 318 IV.

253 357 279 378 rt
300 353 459 387 praebenda
476 353 687 381 Liucolniensis
702 355 841 382 ecclesiae
858 363 955 382 curam
972 356 1130 382 animarum
1154 355 1263 381 liaben-

254 402 339 432 tibus,
360 402 451 435 possit
468 402 619 428 ecclesiam
637 402 671 428 de
689 403 809 430 i’artlien
826 404 851 429 ei
867 404 902 429 ab
917 404 1052 438 episcopo
1070 403 1263 429 Lincolniensi

253 450 483 476 commendatam
502 451 623 476 retinere
639 455 664 476 et
684 452 799 477 unicum
813 451 888 477 aliud
906 452 1075 478 beneficium
1094 452 1221 485 recipere
1236 454 1265 477 et

256 506 343 523 unum
360 503 538 524 commutare
555 508 604 532 pro
621 499 789 531 :itio.(1<12o.
806 500 855 533 ⁶24,
872 500 891 526 f,
913 499 984 529 143¹,
1002 508 1068 526 ann.
1087 499 1171 529 11,c.
1191 499 1264 533 119.)

296 626 307 637 υ
330 614 472 649 Μαῃίείνο
493 614 605 648 David,
630 614 848 643 archidiacono
872 615 1006 651 Derebye.
1027 613 1184 644 Volentes
1204 613 1264 643 tihi

256 670 308 695 tue
339 683 387 693 —.
420 666 489 695 Dat.
531 666 703 701 Laterani,
742 668 808 696 IIII
845 667 920 696 idus
956 667 1136 703 februarii,
1177 676 1264 696 anno

254 718 408 748 secundo.
430 731 442 744 »

331 930 349 956 Ι
362 931 445 958 147
816 931 929 966 Latratu,
950 932 979 957 10
995 931 1097 958 fevi-ier
1116 931 1190 958 1256.

293 997 436 1032 Episcopo
458 998 653 1030 Magalonensi
678 1000 849 1034 exponenti,
866 1000 958 1034 quod,
976 1001 1003 1026 in
1023 1001 1086 1026 villa
1109 999 1140 1027 S.
1161 999 1264 1026 Crucis

256 1046 312 1071 sita
327 1045 355 1071 in
371 1047 507 1072 comitatu
531 1047 658 1081 Metgorii
675 1053 703 1074 ct
719 1047 825 1074 Montis
843 1048 978 1074 Ferrandi
994 1057 1078 1082 quem
1101 1057 1118 1074 a
1133 1047 1264 1074 Romana

257 1093 386 1120 Ecclesia
404 1098 480 1121 tenet
497 1095 522 1121 in
541 1095 667 1127 feudum,
683 1096 810 1122 nonnulli
827 1100 1001 1122 mercatores
1016 1105 1030 1122 a
1047 1100 1134 1122 strata
1151 1096 1265 1130 publica

257 1142 431 1169 divertentes
449 1152 497 1176 per
514 1152 602 1170 novas
618 1145 736 1171 semitas
753 1145 891 1170 incedunt
911 1148 940 1171 ut
963 1145 1114 1179 pedagium
1133 1153 1188 1171 non
1205 1144 1264 1170 sol-

258 1194 334 1221 vant,
349 1191 473 1221 mandat,
491 1192 627 1226 quatinus
643 1192 670 1218 id
690 1196 797 1218 statuat
813 1192 985 1223 faciendum,
1003 1201 1052 1226 per
1067 1193 1143 1227 quod
1165 1193 1263 1219 talium

258 1239 390 1265 obvietur
404 1239 563 1266 fraudibus.
581 1240 663 1273 (Rae.
680 1241 725 1273 24,
743 1241 761 1268 f.
781 1241 852 1271 ¹143&
870 1250 935 1267 ann.
953 1240 990 1273 li,
1007 1249 1032 1267 c.
1053 1240 1122 1274 1⁵20.)

301 1365 313 1390 (ς
335 1376 367 1387 ..,
385 1354 518 1390 episcopo
533 1354 751 1390 illasyalonensi.
774 1353 929 1391 Exposita
950 1362 1058 1383 coram
1079 1353 1174 1383 nohis
1198 1354 1265 1383 fra-

261 1405 425 1435 ternitatis
446 1409 499 1434 tue
520 1405 636 1443 petitio
655 1406 858 1439 continebat,
882 1406 967 1444 quod
991 1410 1022 1435 tu
1040 1415 1077 1435 ac
1091 1405 1265 1444 predeces—

259 1466 350 1487 sores
380 1457 442 1492 tui,
469 1457 723 1495 Magalonenses
746 1458 907 1496 episcopi,
934 1458 1061 1489 ratione
1089 1458 1265 1488 comitatus

259 1509 412 1547 Meigorii
430 1514 460 1539 et
478 1510 600 1539 Montis
616 1511 786 1545 Ferraudi,
805 1520 902 1549 quem
920 1520 937 1540 a
953 1512 1103 1541 Romana
1117 1510 1266 1541 Ecclesia

260 1562 320 1591 sub
337 1571 438 1592 censu
455 1571 565 1592 annuo
584 1566 676 1592 tenes
692 1562 726 1591 in
739 1563 886 1598 feudum,
901 1563 935 1592 in
954 1563 1031 1592 villa
1046 1563 1165 1593 Sancte
1181 1563 1265 1594 Cru-

260 1615 307 1644 cis
335 1614 399 1643 sita
425 1614 459 1643 in
486 1614 643 1643 comitatu
671 1614 804 1649 eodem,
832 1614 1079 1651 Magalonensis
1106 1615 1264 1651 diocesis,

260 1666 463 1696 consuevisti
476 1667 649 1704 pedagium
662 1667 830 1704 percipere
842 1676 858 1696 a
872 1667 1110 1697 mercatoribus
1121 1668 1267 1706 partium

261 1719 523 1750 transeuntibus.
545 1728 563 1748 a
586 1723 731 1757 tempore
753 1719 847 1757 cujus
870 1720 1030 1749 memoria
1052 1729 1118 1749 non
1142 1720 1264 1750 existit.

260 1772 324 1802 Sed
345 1771 497 1801 nonnulli
520 1776 720 1802 mercatores
743 1781 761 1801 a
783 1776 886 1802 strata.
910 1772 1042 1810 publica
1064 1773 1267 1803 divertentes

260 1834 317 1862 per
333 1834 434 1853 novas
450 1824 586 1854 remitas
602 1834 701 1862 prope
718 1828 854 1854 stratam
872 1825 979 1862 ipsam
996 1825 1166 1860 incedunt,
1184 1831 1220 1855 ut
1235 1829 1266 1856 te

260 1877 387 1915 possint
409 1877 598 1915 hujusmodi
622 1877 759 1914 pedagio
782 1887 838 1915 per
863 1877 1120 1908 declinationem
1142 1878 1206 1908 loci
1230 1879 1266 1908 in

260 1938 324 1968 quo
340 1929 422 1958 illud
439 1929 521 1959 solet
539 1929 650 1966 colligi
668 1930 880 1965 defraudare,
902 1930 936 1958 in
954 1930 1100 1961 Ecclesia
1119 1932 1267 1961 Romane

260 1982 300 2011 ad
316 1991 414 2020 quam
433 1982 538 2019 ipsius
561 1982 736 2012 comitatus
760 1983 944 2012 dominium
965 1984 1109 2021 pertinet
1127 1988 1158 2014 et
1174 1989 1267 2014 tuum

260 2043 296 2063 ac
312 2033 559 2071 Magalonensis
575 2034 714 2064 ecclesie
730 2035 950 2073 prejudicium
967 2045 1032 2065 non
1055 2036 1220 2066 modicum
1237 2041 1268 2067 et

260 2095 448 2123 gravamen.
467 2087 574 2122 Quare
591 2086 764 2116 humiliter
780 2087 953 2125 petebatur
969 2098 986 2117 a
1002 2088 1109 2123 nobis,
1128 2093 1174 2124 ut,
1193 2098 1268 2118 cum

259 2138 301 2167 sit
319 2138 505 2167 dolosorum
525 2139 698 2168 fraudibus
716 2143 746 2169 et
766 2140 941 2177 presertim
958 2150 1021 2178 que
1037 2150 1172 2179 vergere
1190 2151 1267 2172 nos-

259 2195 379 2220 cuntur
403 2191 437 2219 in
465 2191 680 2220 manifestum
707 2191 845 2221 ecclesie
868 2192 1103 2222 detrimentum
1124 2194 1267 2224 circum-

259 2244 438 2281 spectionis
457 2243 635 2281 apostolice
652 2245 808 2274 remediis
827 2245 1047 2281 obviandum,
1071 2247 1131 2276 tibi
1150 2256 1267 2277 conce-

258 2297 335 2326 dere
354 2306 390 2325 ac
406 2297 572 2333 mandare,
592 2301 627 2326 ut
643 2306 660 2326 a
676 2297 797 2327 talibus
811 2298 867 2336 qui
884 2303 1010 2328 certum
1025 2303 1056 2329 et
1071 2305 1267 2330 consuetum

258 2349 389 2387 pedagii
409 2349 517 2378 locum
538 2358 598 2387 per.
621 2350 749 2379 fraudis
773 2351 929 2380 astutiam
953 2351 1000 2381 sic
1023 2352 1206 2388 declinant,
1230 2353 1265 2382 in

259 2410 466 2440 quocumque
488 2401 559 2431 loro
582 2402 688 2440 ipsius
711 2402 886 2432 comitatus
907 2403 966 2432 tibi
987 2403 1153 2434 videbitur
1169 2414 1266 2443 expe-

259 2454 344 2489 dire,
376 2454 563 2491 pedagium,
591 2463 627 2483 ac
654 2455 681 2483 si
707 2464 764 2492 per
790 2454 980 2493 hujusmodi
1005 2460 1132 2485 certum
1157 2457 1266 2486 locum

259 2506 436 2535 transitum
450 2507 608 2538 facerent,
627 2507 715 2543 exigi
731 2507 835 2537 facias
849 2513 1055 2538 consuetum.
1071 2509 1266 2539 Contradic-

258 2564 345 2589 tores
362 2563 393 2588 et
411 2559 551 2588 rebelles
573 2564 604 2589 et
626 2560 674 2589 eis
693 2560 749 2598 qui
767 2560 892 2590 eisdem
912 2561 1154 2591 divertentibus
1172 2572 1266 2600 pres-

258 2615 366 2641 tarent
382 2611 416 2640 in
434 2611 494 2641 hoc
510 2611 698 2646 consilium,
718 2612 879 2642 auxilium
894 2613 946 2643 vel
960 2614 1105 2644 favorem
1121 2624 1179 2653 per
1192 2624 1265 2645 cen-

259 2674 369 2694 suram
388 2664 647 2694 ecclesiasticam
664 2665 900 2702 compescendo
917 2666 955 2695 de
973 2667 1150 2704 apostolice
1170 2668 1264 2698 Sedis

257 2716 465 2755 providentia
480 2725 683 2746 curaremus.
701 2718 862 2753 Quocirca
877 2719 1087 2755 mandamus,
1107 2721 1264 2759 quatinus

259 2778 357 2807 super
372 2769 433 2798 hoc
449 2769 644 2798 auctoritate
663 2774 775 2799 nostra
798 2770 829 2799 id
852 2770 1051 2801 discretione
1068 2773 1181 2810 previa
1198 2777 1265 2804 sta-

259 2826 331 2851 tuas
347 2821 548 2854 faciendum,
566 2830 624 2859 per
640 2822 725 2859 quod
744 2822 858 2851 talium
876 2823 1028 2854 obvietur
1047 2825 1221 2855 fraudibus
1234 2830 1265 2856 et

260 2873 419 2904 rectitudo
434 2873 564 2912 justitie
577 2882 641 2904 non
658 2873 798 2903 ledatur.
814 2876 1090 2907 Contradictores.
1108 2878 1263 2908 Invocato

258 2930 318 2957 etc.
336 2928 407 2956 Dat.
431 2926 585 2955 Laterani
600 2930 636 2956 ut
650 2936 760 2964 supra.
780 2940 792 2953 n

1419 355 1438 382 Ι
1450 356 1534 383 148
1906 355 2020 388 Latran,
2040 355 2070 381 ¹0
2087 355 2190 382 sevi-ier
2207 354 2284 382 1256.

1382 422 1548 453 Guilleimo,
1576 423 1672 449 abbati
1698 428 1727 449 et
1753 423 1909 450 conventui
1937 422 2178 450 cluniacensibus
2207 423 2358 450 confirmat

1346 471 1582 503 instrumentum,
1606 470 1736 497 Laterani
1755 479 1854 498 mense
1872 471 2035 498 decembris
2053 470 2179 497 MCCLV
2197 471 2355 502 redactum,

1345 519 1421 553 quod
1438 527 1489 545 eos
1505 519 1603 545 liberat
1620 523 1647 545 ct
1669 520 1772 554 quittat
1788 520 1823 546 de
1839 528 1890 546 sex
1908 520 2033 546 millibus
2049 519 2128 546 libris
2143 519 2357 546 Turonensium

1346 576 1361 593 a
1384 567 1584 593 Bonavuntura
1607 567 1776 594 Bet-nardini
1796 568 1917 602 aliisque
1943 568 2151 594 mercatoribus
2175 567 2358 594 senensibus

1347 615 1496 641 mutuatis.
1517 614 1601 646 (Rae.
1617 615 1665 646 ς24,
1684 615 1701 641 f.
1726 616 1790 649 tit,
1815 614 1940 647 ann.11,
1957 623 1983 642 c.
2009 615 2074 646 t‘21;
2094 614 2267 648 Bsnsoccu,
2290 616 2356 642 Acta

1344 664 1504 696 pontificum
1519 663 1657 694 helvetica,
1674 667 1695 690 t.
1712 662 1733 693 Ι,
1754 670 1784 689 n⁰
1799 663 1872 698 653.)

1389 790 1401 803 α
1429 800 1466 812 ..,
1490 778 1591 806 abbati
1613 783 1638 807 et
1661 780 1825 807 conventui
1847 779 2108 808 Gtunz'acenstbus.
2138 777 2356 816 Exigentibus

1347 834 1454 860 vestre
1479 830 1664 860 devotionis
1688 848 1737 859 —.
1764 831 1847 861 Cum
1872 831 2002 869 itaque,
2029 830 2113 860 sicut
2140 830 2224 860 lecta
2246 839 2358 860 coram

1348 882 1443 912 nobis
1461 887 1569 912 vestra
1591 883 1705 920 petitio
1727 883 1935 917 continebat,
1958 883 2191 912 Bonaventura
2212 883 2358 913 Bernar-

1347 934 1433 969 dini,
1452 934 1706 964 Bai-tholomeus
1722 935 1838 970 Gnidi,
1857 935 1946 964 cives
1965 939 1995 964 et
2015 938 2213 964 mercatores
2229 935 2359 964 Senen-

1348 996 1417 1022 ses,
1446 996 1502 1025 pro
1528 997 1562 1017 se
1588 988 1670 1026 ipsis
1695 992 1726 1017 et
1751 987 1899 1018 Rolando
1924 987 2160 1025 Bonsignoris,
2190 986 2358 1025 Hugolino

1348 1039 1558 1074 Bellimonss,
1585 1040 1753 1078 Capucino
1779 1040 1879 1070 Bucci
1905 1044 1936 1070 et
1961 1040 2037 1070 aliis
2062 1048 2176 1070 eorum
2201 1039 2301 1069 sociis
2327 1043 2358 1070 et

1348 1091 1541 1121 concivibus
1558 1092 1643 1123 suis,
1662 1092 1755 1121 vobis
1772 1091 2058 1121 satisfacientibus
2081 1091 2120 1121 de
2143 1100 2199 1121 sex
2221 1090 2358 1122 milibus

1347 1143 1443 1173 libris
1470 1144 1716 1173 'l'uronensium
1743 1144 1841 1174 dictis
1870 1144 2110 1174 mercatoribus
2140 1152 2203 1182 que
2229 1152 2288 1173 vos
2317 1143 2358 1174 ab

1348 1196 1473 1226 eisdem
1490 1200 1604 1225 mutuo
1620 1197 1793 1234 recepistis
1814 1201 1960 1235 pactum.
1983 1196 2219 1226 refutationem
2236 1200 2267 1226 et
2283 1195 2360 1235 qui-

1348 1249 1506 1278 tationem
1523 1248 1562 1278 de
1579 1249 1661 1286 ipsis
1677 1258 1733 1278 sex
1751 1248 1886 1279 milibus
1904 1249 2044 1278 ulterius
2059 1248 2250 1278 nullatenus
2264 1256 2360 1287 repe-

1348 1301 1456 1331 tendis
1470 1301 1621 1331 fecerunt
1635 1301 1834 1339 generalem,
1849 1301 1996 1331 volentes
2010 1301 2121 1331 omnia
2135 1301 2360 1331 instrumenta

1348 1358 1379 1383 et
1394 1353 1524 1383 litteras
1541 1362 1639 1391 super
1654 1358 1769 1383 mutuo
1785 1354 1856 1391 ipso
1873 1354 2021 1383 confecta
2038 1353 2165 1383 nullius
2181 1362 2254 1384 esse
2268 1353 2360 1384 valo-

1348 1407 1409 1442 ris,
1431 1410 1527 1444 prout
1548 1407 1581 1435 in
1603 1407 1826 1436 instrumento
1842 1406 1975 1445 publico
1991 1406 2140 1436 confecto
2157 1406 2274 1436 exinde
2289 1406 2360 1445 ple-

1349 1459 1425 1489 nius
1442 1459 1642 1493 continetur,
1658 1467 1729 1494 nos,
1744 1459 1864 1488 vestris
1879 1458 2178 1497 supplicationibus
2192 1458 2358 1495 inclinati,

1349 1511 1583 1541 refutationem
1598 1515 1628 1541 et
1642 1511 1860 1549 quitationem
1875 1510 2065 1550 hujusmodi
2079 1515 2184 1541 ratam
2197 1511 2360 1542 habentes

1349 1569 1381 1595 et
1394 1568 1532 1602 gratam,
1549 1573 1585 1593 ac
1600 1564 1823 1594 instrumenta
1837 1568 1867 1594 et
1882 1564 2021 1599 litteras,
2040 1564 2068 1593 si
2082 1573 2147 1603 qua
2160 1572 2260 1602 super
2272 1563 2360 1594 dicto

1349 1621 1464 1647 mutuo
1480 1617 1620 1647 forsitan
1638 1621 1849 1655 apparerent,
1870 1616 1999 1646 nullum
2017 1616 2167 1647 obtinere
2185 1616 2286 1646 robur
2302 1616 2360 1646 fir-

1349 1669 1476 1699 mitatis
1492 1669 1625 1707 penitus
1642 1669 1869 1703 decernentes,
1886 1677 1958 1699 eam
1972 1668 2167 1698 auctoritate
2181 1667 2361 1707 apostolica

1350 1722 1586 1752 confirmamus
1603 1726 1663 1752 etc.
1679 1730 1785 1760 usque
1801 1732 1807 1750 ε
1823 1721 2058 1751 confirmamus
2075 1721 2128 1760 (sic
2140 1731 2197 1759 pro
2213 1729 2361 1752 commu-

1350 1775 1484 1813 nimus).
1502 1775 1663 1804 Tenorem
1680 1778 1790 1804 autem
1805 1774 1911 1812 ipsius
1925 1763 2140 1804 instrumenti
2154 1773 2192 1804 de
2206 1773 2307 1804 verbo
2319 1773 2360 1803 ad

1350 1827 1487 1857 verbum
1504 1827 1716 1864 presentibus
1733 1827 1885 1857 annotari
1903 1827 2053 1862 fecimus,
2072 1827 2129 1865 qui
2147 1827 2222 1857 talis
2238 1831 2288 1857 est
2305 1837 2311 1855 :

1911 1918 2022 1950 Latran,
2039 1918 2191 1945 decembre
2210 1918 2288 1945 1‘255.

1393 1999 1405 2013 κ
1436 1988 1473 2016 In
1502 1986 1636 2016 nomine
1661 1987 1795 2016 Domini
1822 1987 1927 2016 nostri
1953 1987 2058 2017 Jhesu
2086 1987 2224 2020 Christi,
2249 1995 2358 2017 amen.

1353 2051 1365 2066 n
1390 2040 1487 2068 Anno
1522 2039 1716 2068 Nativitatis
1754 2039 1900 2078 ejusdem
1938 2038 2136 2072 M0CC0LV0.
2178 2039 2360 2069 indictione

1353 2103 1366 2117 »
1390 2091 1518 2126 X11112,
1534 2100 1649 2121 mense
1665 2091 1861 2126 decembris,
1880 2091 1932 2120 die
1945 2091 2062 2121 XIIII·
2077 2091 2291 2129 pontificatus
2306 2091 2360 2121 do-

1352 2155 1365 2169 »
1391 2143 1475 2172 mini
1497 2143 1677 2173 Alexandri
1700 2153 1781 2182 pape
1805 2145 1871 2173 IIII
1893 2152 1980 2173 anno
2001 2144 2118 2182 primo.
2137 2145 2174 2174 In
2190 2144 2360 2182 presentia

1352 2207 1365 2222 »
1390 2196 1456 2225 mei
1477 2195 1623 2225 Noclerii
1646 2196 1815 2226 scriniarii
1835 2205 1871 2225 ac
1889 2196 2024 2225 testium
2040 2196 2303 2234 subscriptorum
2319 2196 2361 2226 ad

1352 2260 1365 2274 ³>
1390 2248 1451 2277 hoc
1465 2248 1655 2286 specialiter
1666 2253 1855 2278 vocatorum
1868 2253 1897 2278 et
1910 2252 2110 2286 rogatorum,
2123 2248 2360 2278 Bonaventura

1352 2313 1364 2327 ι)
1389 2301 1600 2336 Ber-nardini,
1616 2301 1869 2331 Bai-tholomeus
1883 2301 1995 2334 Guidi,
2011 2301 2100 2331 cives
2114 2305 2145 2331 et
2159 2305 2358 2332 mercatores

1351 2365 1364 2380 >2
1390 2353 1573 2389 Senenses,
1591 2363 1649 2392 pro
1670 2363 1704 2384 se
1721 2358 1751 2384 et
1768 2353 1917 2384 Rolando
1934 2354 2169 2392 Bousignoris,
2190 2353 2358 2392 Hugolino

1351 2417 1364 2432 2>
1389 2406 1589 2442 Belmontis,
1608 2407 1766 2445 Capicino
1782 2407 1884 2437 Bucci
1900 2411 1931 2437 et
1946 2407 2079 2436 Andrea
2094 2406 2210 2437 Jaeohi
2227 2415 2265 2436 ac
2281 2406 2358 2436 aliis

1350 2469 1363 2484 >›
1388 2467 1502 2488 eorum
1518 2459 1618 2488 sociis
1635 2463 1665 2489 et
1681 2459 1874 2489 concivibus
1891 2459 1973 2494 suis,
1993 2459 2218 2497 quitaverunt,
2234 2458 2358 2489 libera-

1350 2522 1364 2537 »
1388 2515 1507 2540 verunt
1527 2511 1626 2541 finem
1647 2516 1842 2550 perpetuum
1861 2516 1892 2541 et
1912 2511 2101 2549 generalem
2121 2511 2358 2541 refutationem

1350 2575 1363 2590 »
1389 2568 1420 2593 et
1441 2568 1573 2602 paetum
1595 2564 1737 2594 ulterius
1760 2565 1798 2594 de
1823 2573 1889 2595 non
1912 2564 1986 2602 plus
2008 2564 2148 2602 petendo
2173 2562 2356 2594 venerabili

1350 2628 1363 2642 »
1387 2616 1473 2654 patri
1490 2617 1622 2646 domino
1639 2617 1829 2652 Guillelmo,
1844 2617 1905 2647 Dei
1921 2617 2027 2655 gratia
2038 2616 2149 2646 abbati
2161 2616 2355 2646 monasterii

1350 2680 1362 2695 »
1387 2668 1631 2705 Cluniacensis,
1650 2678 1709 2699 suo
1725 2674 1756 2699 et
1772 2674 1954 2699 conventus
1970 2669 2023 2699 sui
2039 2678 2075 2699 ac
2092 2669 2144 2699 sui
2160 2668 2356 2699 monasterii

1387 2722 1521 2751 nomine
1536 2722 1722 2760 recipienti,
1740 2723 1901 2757 fecerunt,
1914 2722 2068 2752 videlicet
2085 2722 2123 2752 de
2137 2721 2292 2752 omnibus
2303 2721 2355 2760 ju-

1387 2774 1495 2809 ribus,
1519 2775 1705 2805 actionibus
1728 2775 1868 2805 utilibus
1891 2779 1921 2805 et
1943 2775 2094 2810 directis,
2116 2775 2225 2804 tacitis
2245 2778 2277 2804 et
2299 2783 2354 2805 ex-

1387 2827 1523 2865 pressis,
1538 2828 1749 2865 generalibus
1766 2833 1796 2858 et
1811 2827 2022 2866 specialibus,
2038 2827 2185 2857 realibus
2201 2831 2231 2857 et
2244 2834 2353 2865 perso-

1387 2879 1530 2914 nalibus,
1557 2880 1793 2918 petitionibus,
1818 2881 1932 2919 penis,
1957 2880 2120 2918 dampnis,
2145 2879 2299 2918 expensis
2322 2882 2353 2909 et

1386 2933 1564 2967 interesse,
1590 2942 1652 2971 que
1676 2937 1706 2962 et
1727 2942 1808 2971 quas
1833 2942 1936 2971 usque
1953 2941 2040 2962 nunc
2058 2929 2216 2961 adversus
2241 2931 2353 2970 ipsum

1347 2944 1360 2958 υ
1347 2891 1361 2906 θ
1348 2839 1361 2854 ὅ
1349 2786 1362 2801 ὅ
1349 2733 1362 2747 :5

2487 2199 2495 2244 -c

2479 2719 2486 2723 ·
2475 2294 2498 2704 wnkwrr-tssm‘x-mv
