2498 3325
205 233 264 261 212
932 233 1172 264 REGISTRES
1193 233 1500 266 D'ALEXANDRE
1523 237 1579 267 IV.

208 298 272 324 nico
290 298 315 324 in
335 297 483 324 Baiocensi
500 298 621 324 ccclesia
638 298 773 325 residenti
790 299 902 325 fructus
916 299 1009 334 ipsius
1024 299 1163 325 ecclesiae
1179 298 1214 324 de

207 346 335 372 Soet-elic
351 346 434 372 saciat
450 347 560 380 integre
578 346 742 373 [ninistrari.
761 347 843 380 (Rau.
860 348 904 381 ⁶24,
920 356 944 375 c.
964 347 1037 379 559⁴,
1054 348 1073 374 s.
1092 348 1161 379 84⁷.)

247 459 259 473 «
333 448 433 476 abbati
449 447 482 475 de
503 448 626 484 Longis,
648 449 820 478 Baiocensis
839 450 972 479 diocesis.
993 449 1076 480 Cum
1102 450 1214 480 dilecti

204 499 266 528 filii
282 517 330 528 —-.
349 501 422 529 Dat.
440 505 474 529 ut
491 509 602 538 supra.
622 513 635 526 »

279 678 365 707 ἴθι)
785 681 910 715 Amgni,
932 682 962 709 10
979 683 1046 709 aotlt
1064 682 1141 710 1255.

241 734 432 767 Indulgentiis
452 735 509 768 jam
530 734 564 760 ab
581 734 604 760 Ι.
625 744 695 769 papa
713 735 896 763 visitantibus
912 738 1063 765 ecclesiam
1083 738 1213 774 Burgen-

203 790 265 808 sem
281 783 441 813 concessis,
459 782 537 809 addit
553 783 759 817 indulgentiam
778 785 864 811 unius
879 786 946 812 anni
962 789 990 812 et
1007 786 1059 812 XL
1074 786 1185 814 dierum
1197 796 1213 814 a

203 830 347 857 dominica
365 840 421 865 qna
439 836 569 858 cantatur
585 833 684 858 Laetare
699 833 851 860 Jerusalem
869 842 959 869 usque
974 835 1009 861 ad
1022 839 1137 863 octavas
1153 836 1213 863 Re-

203 880 392 906 surrectionis
410 879 587 906 Dominicae.
605 880 688 913 (Ri-:e⁴
705 881 748 911 ΞΔ,
766 889 791 908 c.
809 882 869 914 560,
889 883 906 909 f.
923 883 993 917 84v.)

246 994 257 1007 «
273 1005 290 1010 ..
299 1005 305 1010 .
317 983 460 1019 episcopo,
472 987 496 1010 el
506 982 624 1011 dilectis
631 983 707 1019 filiis
719 1006 751 1018 ..‚
763 984 885 1019 decano,
899 990 924 1013 el
936 986 1070 1023 capitulo
1079 987 1211 1024 Buryen-

203 1035 285 1063 sibus
299 1043 334 1063 ac
349 1035 567 1064 successoribus
582 1036 766 1064 eorumdem.
787 1036 869 1066 Cum
886 1036 994 1067 felicis
1012 1039 1212 1069 recordatio-

203 1087 256 1116 nis
274 1087 298 1116 Ι.
318 1096 399 1124 papa
414 1087 624 1124 predecessor
644 1093 755 1118 noster
771 1089 925 1119 omnibus
941 1099 1017 1120 vere
1036 1091 1212 1128 penitenti-

202 1139 264 1169 bus
281 1144 311 1169 et
328 1140 490 1169 confessis
509 1140 566 1179 qui
584 1140 624 1170 ad
646 1141 819 1170 ecclesiam
843 1146 986 1171 vestram
1004 1148 1226 1181 peccatorum,

202 1192 332 1221 veniam
350 1202 368 1221 a
380 1192 520 1221 Domino
532 1192 705 1222 humiliter
721 1194 867 1231 petituri.
882 1195 995 1225 afesto
1008 1196 1136 1226 Natalis
1151 1198 1210 1227 Do-

202 1244 282 1272 mini
301 1244 459 1282 usquead
471 1249 601 1274 octavas
614 1245 810 1283 Epiphanio,
826 1251 856 1276 et
871 1256 887 1276 a
900 1247 1066 1278 dominica
1079 1249 1210 1279 Palma-

201 1305 273 1325 rum
289 1305 393 1335 usque
409 1296 447 1326 ad
464 1301 595 1326 octavas
616 1298 728 1331 Pasce,
748 1307 876 1328 necnon
899 1308 917 1329 a
936 1300 1020 1329 sesto
1036 1301 1210 1331 Ascensio-

201 1349 254 1378 nis
280 1358 384 1387 usque
414 1349 454 1378 ad
482 1354 613 1379 octavas
645 1351 871 1387 Pentecostes,
902 1356 933 1381 et
957 1353 1056 1382 etiam
1082 1363 1099 1383 a
1126 1355 1210 1385 festo

199 1401 305 1430 sancti
321 1401 486 1432 Johannis
503 1403 651 1440 Baptiste
664 1412 770 1442 usque
783 1404 823 1434 ad
838 1409 970 1435 octavas
987 1406 1210 1444 apostolorum

201 1454 289 1483 Petri
305 1459 335 1483 et
353 1454 459 1489 Pauli,
476 1463 512 1483 ac.
529 1455 562 1483 in
580 1456 664 1485 sesto
680 1456 837 1485 Omnium
849 1458 1056 1494 Sanctorum,
1069 1459 1145 1489 etin
1158 1460 1211 1491 die

200 1506 418 1536 dedicationis
444 1506 550 1545 ipsius
573 1507 712 1537 ecclesie
734 1512 765 1537 et.
786 1518 844 1546 per
867 1510 938 1549 ejus
965 1516 1108 1548 octavas,
1129 1517 1159 1542 et
1175 1513 1210 1542 in

200 1558 342 1596 gloriose
358 1559 509 1597 Virginis
524 1560 583 1590 Dei
601 1561 773 1597 genitricis
789 1562 893 1593 Mai-ie
907 1563 1210 1602 sollempnitatibus

200 1612 369 1642 universis
391 1617 421 1642 et
447 1622 550 1652 usqne
574 1614 612 1643 ad
636 1619 767 1644 octavas
790 1624 904 1645 earum
927 1618 1128 1648 accesserint
1151 1628 1212 1649 an-

201 1665 340 1699 nuatim,
360 1666 602 1703 indulgentiam
619 1667 720 1697 nnius
733 1668 811 1697 anni
825 1673 855 1698 et
867 1669 924 1699 XL
938 1670 1066 1700 dierum
1081 1671 1211 1702 duxerit

200 1718 461 1749 concedendam,
488 1724 581 1756 prout
613 1720 647 1748 in
682 1720 788 1758 ipsius
814 1722 1057 1758 predecessoris
1087 1723 1210 1755 litteris

200 1778 300 1808 super
326 1770 385 1799 hoc
416 1771 560 1801 obtentis
583 1772 715 1810 plenius
737 1774 936 1810 continetur,
961 1784 1036 1811 nos,
1059 1777 1145 1815 quod
1170 1777 1210 1808 ab

199 1823 313 1852 eodem
331 1823 561 1861 predecessore
574 1826 697 1855 sactum
717 1830 765 1855 est
782 1826 816 1855 in
833 1827 893 1857 hac
906 1832 1008 1865 parte,
1024 1834 1131 1859 ratum
1149 1830 1209 1860 ha-

199 1875 315 1905 bentes
332 1880 363 1905 et
386 1880 526 1913 gratum,
551 1886 587 1906 ac
603 1878 751 1908 volentes
768 1879 861 1908 vobis
887 1884 918 1909 et
943 1881 1049 1911 eidem
1070 1883 1209 1914 ecclesie

199 1926 388 1966 hujusmodi
415 1929 555 1966 gratiam
583 1930 758 1968 ampliare,
779 1932 934 1962 omnibus
959 1933 1082 1965 talibus
1105 1936 1162 1974 qui
1191 1946 1209 1966 a

199 1981 373 2010 Dominica
390 1990 454 2019 qua
470 1987 622 2012 cantatur
638 1985 739 2013 Letare
753 1986 921 2015 Jerusalem
936 1996 1040 2026 usque
1062 1989 1103 2018 ad
1120 1994 1210 2020 octa-

200 2042 255 2062 vas
273 2034 541 2065 Resurrectionis
557 2035 722 2066 dominice
739 2038 900 2075 prefatam
920 2040 1094 2071 ecclesiam
1111 2043 1208 2073 annis

199 2086 342 2124 singulis
365 2087 533 2117 visitarint
561 2089 599 2118 de
627 2090 864 2128 omnipotentis
892 2093 952 2122 Dei
977 2098 1038 2123 etc.
1066 2104 1172 2134 usque
1200 2106 1206 2125 :

198 2139 325 2168 confisi.
345 2140 481 2169 eandem
496 2141 595 2170 unius
608 2142 687 2171 anni
702 2147 730 2172 et
749 2143 806 2172 XL
820 2144 949 2174 dierum
963 2146 1207 2185 indulgentiam

198 2200 295 2221 conce
306 2190 412 2221 ‘limus'
425 2193 580 2228 gratiose.
604 2195 674 2224 Dat.
697 2196 860 2233 Anagnie,
880 2198 947 2228 IIII
965 2198 1040 2229 idus
1059 2202 1204 2238 augusti,

198 2252 284 2273 anno
301 2254 417 2282 primo.
438 2258 449 2271 »
475 2272 477 2275 .

270 2416 350 2443 ἴθι

234 2477 340 2503 Abbati
357 2481 383 2503 et
401 2479 554 2504 couventui
573 2480 738 2506 monasterii
759 2488 784 2507 s.
801 2480 932 2515 Gregorii
956 2483 990 2508 de
1011 2483 1088 2510 Urbe
1109 2486 1207 2512 indul-

777 2419 903 2453 Anagni,
923 2420 953 2447 13
969 2423 1036 2448 aout
1058 2422 1132 2450 1-255.

198 2529 261 2559 get.
280 2531 311 2551 ut
330 2534 345 2551 a
366 2526 559 2552 creditoribus
575 2536 674 2553 eorum
694 2529 819 2555 romanis
839 2530 871 2555 ad
893 2531 1034 2564 judicium
1057 2534 1129 2560 trahi
1150 2543 1204 2561 non

198 2575 311 2608 possint
334 2574 429 2604 inviti,
450 2575 681 2608 jurisdictionem
705 2578 946 2614 archipresbyteri
968 2588 1008 2606 ss.
1030 2581 1096 2616 Cyri
1112 2588 1140 2610 et
1154 2583 1202 2610 Jo-

198 2621 300 2647 hannis
320 2622 362 2655 [de
379 2621 465 2655 Urbe]
485 2623 671 2657 accipientes.
689 2625 772 2657 (Rae.
790 2626 834 2660 Ἡ,
851 2635 877 2655 c.
895 2628 955 2659 561,
973 2630 991 2656 f.
1009 2630 1078 2664 Slv.)

239 2736 251 2749 «
273 2745 305 2757 ..,
323 2723 440 2757 abbati,
459 2729 484 2752 et
505 2727 669 2754 conventui
690 2729 870 2757 monasterii
890 2732 990 2759 sancti
1008 2714 1148 2770 ¹Gregorii
1173 2734 1206 2763 de

200 2776 288 2807 I'rbe,
313 2776 432 2804 ordinis
455 2779 556 2806 sinoti
582 2779 744 2808 Benedicti.
771 2780 899 2811 Meritis
925 2788 1031 2813 vestre
1059 2785 1206 2816 devotio-

198 2829 249 2858 nis
266 2846 314 2857 —.
333 2829 420 2858 Hinc
437 2834 483 2858 est
502 2830 588 2868 quod
606 2840 674 2867 nos,
698 2833 816 2862 vestris
837 2835 1134 2873 supplicationibus
1153 2840 1206 2868 in-

197 2881 323 2916 clinati,
342 2886 393 2917 ut,
413 2891 470 2920 per
492 2881 620 2913 litteras
639 2884 733 2915 Sedis
752 2887 930 2924 apostolice
952 2888 1004 2919 vel
1021 2889 1205 2928 legatorum

1295 299 1402 337 ipsius
1421 294 1484 330 scu'
1496 311 1553 340 per
1565 303 1695 342 judices
1708 304 1906 340 ordinarios,
1925 305 2050 345 absque
2064 307 2200 346 speciali
2215 317 2308 339 man-

1296 352 1371 382 dato
1391 352 1487 383 Sedis
1509 354 1658 393 ejusdem
1682 356 1825 387 faciente
1847 357 1979 396 plenam
2004 363 2035 388 et
2057 368 2246 398 expressam
2266 361 2307 392 de

1296 405 1357 435 hac
1373 405 1582 444 indulgentia
1598 409 1813 445 mentionem,
1829 419 1847 439 a
1862 411 2082 443 creditoribus
2103 414 2223 444 vestris
2239 415 2307 445 Ro-

1296 458 1404 488 manis
1428 459 1467 488 ad
1489 460 1654 498 judicium
1675 462 1761 492 trahi
1779 471 1844 492 non
1865 464 2000 502 possitis
2018 464 2128 501 inviti,
2146 467 2307 505 quamdiu

1296 520 1406 542 coram
1425 512 1544 542 dilecto
1560 513 1628 543 filio
1651 537 1690 550 ..‚
1709 515 1998 555 archipresbytero
2017 522 2208 549 sanctorum
2225 520 2308 559 Cyri

1297 569 1327 595 et
1342 564 1525 601 Johnnnis,
1543 567 1649 604 parati
1666 568 1760 598 eritis
1783 568 1822 598 de
1841 569 1934 599 vobis
1957 572 2238 610 conquerentibus
2255 573 2308 603 fa·-

1296 626 1369 648 cere
1382 618 1512 657 justitie
1527 619 1822 657 complementum,
1841 623 2036 654 auctoritate
2056 624 2150 655 vobis
2169 633 2308 663 presen-

1297 671 1380 700 tium
1393 671 1616 709 indulgemus.
1633 673 1850 704 Presentibus
1864 679 1937 712 post
1953 675 2121 706 triennum
2138 681 2199 707 etc.
2212 677 2308 708 Nulli

1296 727 1356 753 etc.
1383 728 1494 754 nostre
1515 725 1741 756 concessionis
1760 730 1819 756 etc.
1841 726 1915 756 Dat.
1934 728 2101 766 Anagnie,
2119 729 2231 760 idibus
2247 738 2309 760 au-

1296 775 1400 814 gusti,
1419 785 1505 806 anno
1521 776 1639 815 primo.
1660 789 1673 804 n

1367 967 1456 996 '208

1330 1029 1435 1056 Abbati
1452 1034 1480 1056 et
1495 1031 1649 1057 conventui
1664 1030 1699 1057 de
1717 1030 1851 1063 Borneto,
1866 1030 2097 1066 Engotismensis
2111 1033 2246 1066 diocesis,
2263 1034 2308 1060 in-

1294 1079 1408 1113 dulget,
1426 1082 1456 1105 ut
1478 1079 1512 1105 ad
1528 1080 1652 1113 alicujus
1670 1080 1862 1114 provisionem
1879 1081 1906 1107 in
1928 1081 2118 1115 pensionibus
2131 1086 2181 1108 aut
2197 1082 2307 1109 benefi-

1294 1128 1347 1154 ciis
1362 1136 1460 1154 eorum
1478 1128 1595 1154 minime
1611 1132 1773 1155 teneantur.
1791 1128 1876 1162 (Rau.
1892 1129 1937 1161 ⁶24,
1951 1137 1978 1156 c.
1995 1129 2057 1164 562,
2073 1130 2093 1158 f.
2109 1130 2177 1164 84¹.)

1851 970 1978 1005 Anagni,
1996 971 2027 998 31
2041 971 2136 1006 juillet
2153 971 2232 999 1255.

1335 1242 1348 1256 α
1365 1252 1397 1265 ..,
1410 1230 1522 1265 abbati,
1538 1235 1563 1258 e!
1579 1231 1744 1259 conventui
1759 1230 1792 1259 de
1809 1231 1944 1265 Borneto,
1961 1231 2082 1260 ordinis
2098 1233 2199 1262 sancti
2210 1233 2306 1262 Bene-

1293 1283 1384 1317 dicti,
1406 1283 1644 1320 Enyolismensis
1664 1283 1798 1312 diocesis.
1817 1283 1935 1313 Vestre
1955 1283 2046 1321 pacis
2062 1288 2239 1322 querentes
2252 1301 2303 1313 —.

1294 1336 1381 1365 Hinc
1399 1339 1448 1365 est
1464 1335 1552 1374 quod
1570 1344 1647 1369 nos,
1673 1335 1858 1365 devotionis
1879 1340 1988 1366 vestre
2004 1336 2305 1375 supplicationibus

1292 1387 1458 1422 inclinati,
1476 1388 1671 1417 auctoritate
1688 1388 1781 1418 vobis
1796 1388 2003 1426 presentium
2016 1388 2240 1427 indulgemus,
2254 1393 2303 1426 ut,

1291 1451 1350 1480 per
1372 1440 1551 1479 apostolice
1567 1441 1662 1472 Sedis
1684 1441 1736 1471 vel
1757 1441 1941 1479 legatorum
1963 1442 2070 1480 ipsius
2089 1442 2236 1478 litteras,
2263 1442 2306 1473 ad

1293 1494 1434 1534 alicujus
1451 1493 1675 1532 provisionem
1698 1493 1732 1523 in
1750 1494 1970 1532 pensionibus
1994 1498 2050 1524 aut
2067 1494 2241 1525 beneficiis
2263 1495 2305 1525 ad

1292 1551 1437 1578 vestram
1456 1546 1667 1577 collationem
1690 1556 1749 1577 seu
1770 1547 2054 1585 presentationem
2076 1548 2304 1586 spectantibus

1292 1600 1430 1630 minime
1456 1600 1638 1630 teneamini
1660 1609 1720 1630 nec
1745 1600 1899 1638 compelli
1927 1601 2074 1639 possitis,
2103 1601 2170 1631 nisi
2197 1601 2306 1632 eidem

1290 1653 1401 1684 littere
1426 1653 1604 1691 apostolice
1630 1653 1808 1692 specialem
1835 1657 1866 1683 et
1891 1662 2081 1691 expressam
2106 1653 2145 1684 de
2175 1653 2306 1684 indulto

1291 1706 1483 1745 hujusmodi
1505 1706 1645 1736 fecerint
1670 1706 1884 1736 mentionem.
1907 1707 1976 1736 Nos
1999 1707 2088 1736 enim
2114 1706 2306 1736 nichilomi-

1292 1768 1355 1789 nus
1373 1767 1563 1797 processum
1582 1762 1612 1788 et
1635 1758 1852 1794 sententiam,
1872 1758 1900 1788 si
1919 1759 2006 1789 circa
2027 1759 2190 1797 premissa
2207 1767 2305 1790 secus

1291 1811 1408 1841 haberi
1430 1811 1622 1849 contigerit,
1648 1811 1859 1841 decernimus
1882 1820 1948 1841 non
1970 1816 2094 1841 tenere.
2119 1811 2212 1842 Nulli
2240 1815 2302 1842 etc.

1291 1868 1402 1894 nostre
1429 1864 1654 1894 concessionis
1679 1868 1740 1893 etc.
1772 1863 1989 1894 Presentibus
2015 1868 2088 1902 post
2112 1863 2304 1902 quinquen-

1292 1917 1385 1947 nium
1409 1921 1470 1946 ete.
1497 1917 1570 1946 Dat.
1599 1916 1768 1954 Anagnie,
1796 1917 1828 1946 ΙΙ
1852 1916 2010 1946 kalendas
2038 1917 2188 1954 augusti,
2215 1925 2304 1947 anno

1290 1970 1406 2008 primo.
1431 1982 1443 1995 »

1362 2161 1450 2190 ’203
1888 2159 2014 2194 AnagnL
2031 2160 2045 2186 Δ
2065 2161 2134 2187 aout
2150 2160 2230 2187 1255.

1327 2224 1440 2250 Statuta
1455 2223 1482 2249 in
1500 2222 1635 2249 ecclesiis
1649 2222 1817 2248 Leodiensis
1832 2222 1958 2249 diocesis
1973 2222 2008 2248 ab
2024 2223 2071 2254 H„
2084 2223 2159 2249 tituli
2173 2231 2198 2249 s.
2215 2222 2304 2249 Sabi-

1292 2280 1343 2298 nae
1359 2272 1527 2307 presbytero
1543 2271 1689 2300 cardinali,
1714 2276 1783 2297 tunc
1799 2270 1826 2296 in
1847 2271 1975 2305 partibus
1993 2271 2179 2298 Alamanniae
2194 2271 2301 2305 legato.

1290 2321 1376 2355 edita,
1392 2320 1554 2351 confirmat,
1572 2320 1707 2346 nonnulla
1721 2319 1887 2346 inserendo.
1906 2319 1990 2352 (Rae.
2008 2319 2052 2352 24,
2069 2327 2094 2347 c.
2112 2319 2174 2353 563,
2190 2319 2212 2346 f.
2229 2319 2300 2352 84¹.)

1332 2434 1344 2448 «
1368 2444 1399 2457 ..‚
1418 2423 1505 2450 electo
1527 2422 1691 2450 Leodiensi.
1715 2421 1774 2450 His
1797 2429 1859 2458 que
1879 2420 2057 2458 apostolice
2074 2438 2121 2449 —.
2141 2420 2227 2451 Sane
2243 2429 2302 2459 pe-

1289 2474 1363 2504 titio
1382 2478 1439 2504 tua
1456 2474 1550 2503 nobis
1567 2473 1715 2503 exhibita,
1731 2473 1937 2508 continebat,
1956 2473 2043 2512 quod
2062 2472 2142 2503 olim
2159 2473 2301 2503 dilectus

1290 2526 1380 2556 filius
1400 2530 1512 2556 noster
1533 2526 1587 2561 H.,
1606 2525 1694 2556 tituli
1717 2530 1829 2555 sancte
1853 2525 1975 2555 Sabine
1996 2525 2170 2564 presbyter
2193 2525 2301 2555 cardi-

1290 2578 1393 2614 nalis,
1412 2582 1490 2608 tunc
1512 2579 1546 2608 in
1566 2578 1715 2616 partibus
1736 2577 1910 2607 Alamanie
1931 2578 2016 2607 dicte
2038 2578 2133 2608 Sedis
2153 2577 2298 2616 legatus,

1289 2631 1402 2661 volens
1427 2631 1462 2660 in
1488 2631 1638 2661 ecelesiis
1666 2631 1900 2661 Leodiensium
1920 2630 2065 2660 civitatis
2085 2634 2115 2660 et
2137 2630 2298 2665 diocesis,

1288 2688 1325 2714 ut
1353 2684 1501 2722 ipsarum
1526 2683 1679 2713 canonici
1701 2693 1738 2713 eo
1762 2683 1940 2713 sollicitius
1961 2682 2160 2712 ministeriis
2175 2681 2301 2719 invigi-

1288 2736 1357 2766 lent
1370 2736 1559 2766 divinorum
1575 2746 1639 2775 quo
1658 2736 1734 2766 inde
1752 2735 1817 2765 sibi
1834 2735 1967 2774 pinguis
1983 2734 2158 2773 provenire
2173 2734 2300 2764 benefi-

1289 2789 1378 2818 cium
1400 2789 1578 2824 senserint,
1599 2789 1781 2827 providere,
1803 2788 2041 2818 deliberatione
2057 2787 2194 2825 provida
2209 2786 2300 2816 ordi-

1289 2841 1397 2876 navit,
1429 2846 1480 2877 ut,
1512 2841 1670 2880 quicquid
1700 2841 1870 2871 canonicis
1905 2840 2052 2870 foi-aneis
2082 2839 2299 2870 ecclesiarum

1288 2893 1433 2923 civitatis
1465 2898 1496 2923 et
1527 2894 1669 2924 diocesis
1697 2894 1921 2932 predictarum
1951 2891 2175 2928 subtrahitur,
2208 2892 2300 2922 inter
