2498 3325
215 243 268 272 174

215 320 228 334 ³)

215 372 228 387 ³)

215 426 227 439 ὶ)

216 530 228 543 ))

216 582 228 597 ))

216 635 228 650 ))

216 690 228 702 D

216 741 229 755 7>

216 794 229 808 1>

217 847 229 861 ))

217 899 230 913 ))

217 951 230 966 ))

218 1004 231 1018 ))

218 1057 231 1071 ))

219 1110 231 1124 ))

218 1162 231 1177 >i

219 1215 232 1229 ³)

219 1319 232 1334 ὶ)

219 1374 231 1388 ))

219 1425 232 1440 ))

220 1478 232 1493 ))

220 1531 232 1545 1)

220 1584 232 1598 ))

219 1637 232 1652 >t

221 1691 234 1706 ))

221 1744 234 1758 ἱ)

220 1797 234 1812 ))

221 1849 234 1863 ))

221 1902 234 1916 ὶ)

221 1954 233 1968 ))

221 2006 233 2021 D

220 2058 233 2073 t)

220 2111 233 2126 ))

221 2165 233 2179 ))

220 2217 233 2231 ))

220 2270 233 2284 ))

220 2323 232 2337 D

220 2375 233 2389 ))

220 2428 233 2442 ))

220 2480 233 2495 7)

220 2532 233 2547 ))

220 2586 234 2600 ))

220 2639 233 2654 ))

219 2692 233 2707 Ὠ

220 2745 233 2759 5>

253 308 323 346 ejus
343 307 516 337 officialem
537 307 755 337 examinetur.
773 307 812 337 Et
827 306 1036 345 postmodum
1053 305 1221 335 examina-

253 364 305 390 tus
328 369 385 398 per
406 360 547 389 eundem
567 359 839 389 archidiaconum
858 359 909 389 vel
925 359 1031 397 ipsius
1047 357 1221 388 officialem

253 412 500 450 archiepiscopo
516 416 737 451 presentetur.

255 477 268 491 »
293 465 452 495 Officialis
469 469 577 494 autem
591 464 819 494 archidiaconi
833 474 869 494 ac
886 468 1012 494 taxator
1027 468 1057 494 et
1074 467 1222 501 receptor

254 518 467 547 emendarum
485 518 574 547 curie
592 518 697 555 ipsius
714 517 827 556 jurent
843 517 877 546 in
894 517 1062 555 presentia
1081 516 1222 545 duorum

253 570 448 603 clericorum
466 570 717 608 archicpiscopi,
737 570 823 608 quod
839 570 949 600 omnia
962 570 1038 609 jura
1051 569 1158 607 ipsius
1174 578 1222 598 ar-

254 623 456 661 chiepiscopi
480 628 543 654 tam
564 624 602 652 dc
624 623 773 653 emendis
790 632 888 662 quam
907 623 945 653 de
964 622 1040 652 aliis
1055 622 1142 651 hona
1159 621 1222 650 fide

254 676 431 706 servabunt
450 680 480 706 et
497 676 683 705 custodient
700 680 730 705 et
745 676 783 705 de
800 676 866 706 hiis
881 675 1159 714 computationem
1171 674 1222 703 vel

253 729 415 758 rationem
442 728 583 758 tidelitcr
608 728 743 758 reddent
770 728 820 759 vel
842 728 966 758 sacient
989 727 1222 757 archidiacono

254 781 305 811 vel
315 781 372 811 alii
382 782 420 811 dc
430 781 583 810 mandato
593 790 663 810 suo.
674 781 848 811 Promittat
858 781 958 811 etiam
968 780 1223 810 archidiaconus

254 835 340 864 bona
355 834 417 864 fide
435 834 700 872 archiepiscopo,
719 834 806 873 quod
826 834 860 864 in
879 834 971 864 curia
987 842 1047 864 sua
1059 833 1134 872 jura
1152 833 1223 871 ejus

255 896 318 925 que
338 891 402 916 tam
420 887 457 916 de
475 887 623 917 emendis
637 896 737 925 quam
750 887 788 917 de
808 886 883 916 aliis
899 886 995 916 debet
1010 885 1057 914 ibi
1076 885 1222 923 recipere

255 939 319 978 ipsi
340 940 587 978 archiepiscopo
608 939 660 969 vel
680 939 738 969 alii
759 940 797 969 de
814 939 969 969 mandato
984 938 1091 976 ipsius
1110 937 1223 967 reddet

255 993 383 1029 integre
401 993 472 1022 sine
490 992 600 1031 aliqua
617 992 838 1022 diminutione
855 991 905 1022 vel
920 991 1019 1021 faciet
1033 991 1097 1021 sibi
1111 990 1221 1026 reddi3

256 1050 287 1075 et
306 1046 419 1075 codem
438 1046 532 1075 niodo
546 1045 714 1084 promittat
731 1045 1000 1083 archiepiscopus
1021 1047 1051 1073 ct
1071 1042 1223 1072 officialis

257 1107 293 1127 ac
317 1102 442 1127 taxator
465 1102 494 1128 et
516 1102 664 1136 receptor
685 1098 900 1128 emendarum
922 1097 1012 1127 curie
1036 1106 1094 1126 sue
1110 1096 1223 1134 jurent

257 1151 413 1181 similiter
431 1151 469 1180 de
489 1151 725 1181 conservandis
745 1150 913 1180 similibus
934 1150 1040 1188 ipsius
1057 1148 1223 1178 archidia-

257 1204 331 1233 coni
344 1204 477 1242 juribus
494 1208 524 1233 ct
542 1203 731 1233 reddendis.

259 1268 271 1281 ›>
297 1256 336 1285 Et
358 1256 437 1294 quia
459 1260 587 1286 constat
608 1255 758 1285 redditus
784 1254 1068 1285 archidiaconales
1092 1258 1225 1292 propter

257 1308 447 1347 hujusmodi
471 1307 806 1338 communicationem
826 1307 1026 1345 cognitionis
1049 1315 1224 1336 causarum

257 1371 355 1400 quam
373 1361 606 1392 archidiacono
619 1362 654 1390 in
671 1360 813 1391 solidum
828 1360 963 1390 absente
978 1359 1225 1398 archiepiscopo

257 1414 429 1443 dicebatur
444 1414 566 1443 habere
580 1414 651 1444 sore
664 1413 846 1452 plurimum
860 1412 1042 1442 diminutos
1056 1415 1087 1441 et
1101 1410 1225 1441 archie-

257 1466 441 1505 piscopales
467 1475 533 1496 non
558 1466 725 1496 modicum
753 1468 1000 1503 augmentatos,
1027 1468 1124 1503 prout
1149 1472 1225 1502 pars

258 1518 484 1548 archidiaconi
500 1519 630 1551 asserit,
647 1518 837 1548 ordinatum
853 1521 912 1553 est,
933 1521 962 1547 te
977 1517 1081 1547 frater
1096 1516 1226 1546 archie-

257 1572 389 1610 piscope
414 1581 472 1610 pro
499 1572 584 1602 bono
609 1571 700 1610 pacis
725 1570 966 1606 consentiente,
992 1573 1029 1600 ut
1059 1569 1226 1600 archidia-

258 1634 360 1655 conus
381 1625 438 1663 qui
459 1634 547 1654 nunc
566 1628 615 1654 est
636 1627 667 1654 et
683 1624 740 1662 qui
755 1632 814 1662 pro
829 1627 975 1662 tempore
990 1623 1093 1653 fuerit
1109 1622 1227 1652 altaria

259 1679 365 1717 primo
385 1682 541 1707 vacatura
563 1677 598 1706 in
616 1677 776 1707 Remensi
796 1676 936 1712 diocesi,
958 1676 999 1706 ad
1016 1675 1226 1706 collationem

260 1731 501 1770 archiepiscopi
514 1739 603 1760 nunc
619 1729 813 1768 spectantia,
831 1733 877 1759 tot
893 1729 1058 1763 videlicet,
1074 1728 1160 1767 quod
1176 1728 1227 1766 ip-

259 1793 370 1814 sorum
393 1783 542 1813 redditus
563 1783 721 1813 ducentas
741 1782 844 1812 libras
865 1781 1074 1811 Parisienses
1095 1781 1227 1810 valeant

260 1836 444 1871 annuatim,
459 1836 494 1865 in
507 1839 703 1874 perpetuum
719 1834 840 1864 habeat
856 1838 886 1864 et
901 1838 1081 1872 proventus
1097 1842 1227 1872 semper

259 1893 289 1919 et
308 1889 412 1919 libere
425 1888 586 1926 percipiat
600 1887 801 1918 eorumdem.
818 1887 1026 1917 Extimentur
1042 1891 1152 1916 autem
1168 1886 1226 1916 hu-

255 1941 400 1981 jusmodi
419 1941 575 1970 altarium
595 1940 743 1970 redditus
765 1939 805 1969 ab
822 1948 889 1969 uno
905 1939 944 1969 de
959 1939 1157 1969 officialibus
1174 1948 1227 1968 ar-

259 1994 461 2032 chiepiscopi
474 1997 505 2023 et
517 1993 557 2022 ab
571 1992 705 2022 officiali
718 1992 946 2022 archidiaconi
960 2001 996 2022 ac
1010 2001 1028 2022 a
1044 1992 1226 2030 guardiano

258 2047 398 2076 fratrum
415 2046 581 2075 Minoi-um
598 2045 827 2080 Remensium,
846 2044 903 2083 qui
918 2053 976 2082 pro
992 2048 1138 2083 tempore
1154 2045 1227 2075 fue-

258 2099 336 2134 rint,
361 2102 393 2129 et
414 2098 572 2128 officiales
592 2098 706 2137 jurent
728 2097 815 2136 quod
839 2097 954 2127 eadem
979 2097 1097 2127 altaria
1121 2106 1227 2136 usque

259 2152 299 2182 ad
312 2151 492 2190 predictam
507 2151 725 2180 ducentarum
737 2149 898 2180 librarum
910 2158 1074 2180 summam
1085 2149 1228 2180 fideliter

259 2204 476 2234 extimabunt.
491 2203 585 2239 Quod
601 2202 629 2232 si
644 2202 728 2232 forte
744 2202 808 2240 ipsi
822 2205 888 2232 tres
902 2202 937 2231 in
954 2202 1142 2232 extimando
1161 2211 1225 2232 non

258 2256 546 2291 concordaverint,
567 2259 672 2286 stetur
693 2255 902 2285 extimationi
922 2254 1062 2284 duorum
1077 2264 1115 2284 ex
1131 2255 1225 2293 ipsis.

258 2310 386 2340 Altaria
404 2318 480 2339 vero
497 2318 560 2348 que
579 2308 685 2346 primo
703 2308 868 2338 vacabunt
883 2316 989 2346 usque
1007 2308 1048 2337 ad
1063 2317 1227 2338 summam

259 2363 396 2393 eandem
420 2361 486 2400 ipsi
510 2360 795 2390 archidiaconatui
820 2364 943 2390 statum
968 2369 1006 2390 ex
1030 2360 1103 2398 ipsa
1131 2369 1227 2390 vaca-

258 2415 347 2445 tione
371 2414 549 2444 adveniant
574 2418 604 2444 et
632 2422 745 2443 eorum
772 2413 1035 2451 possessionem,
1060 2413 1227 2443 archidia-

258 2476 360 2498 conus
377 2467 434 2506 qui
453 2475 541 2496 nunc
560 2470 608 2496 est
627 2471 658 2496 et
678 2465 736 2504 qui
756 2474 814 2503 pro
831 2469 976 2503 tempore
993 2466 1096 2496 fuerit
1115 2470 1227 2496 aucto-

257 2520 355 2550 ritate
381 2528 441 2549 sua
465 2523 532 2548 tam
556 2527 615 2556 per
640 2527 674 2548 se
703 2527 802 2556 quam
823 2526 882 2556 per
905 2517 1008 2547 alium
1030 2518 1133 2556 possit
1154 2519 1227 2548 sine

259 2572 519 2603 contradictione
539 2572 734 2610 cujusquam
752 2570 998 2609 apprehendere
1016 2574 1046 2600 et
1065 2574 1177 2613 tenere
1196 2575 1227 2601 et

257 2627 396 2664 insuper
419 2625 454 2654 in
479 2624 630 2655 ecclesiis
655 2624 691 2653 in
714 2623 835 2662 quibus
859 2623 1051 2662 hujusmodi
1073 2623 1227 2654 habuerit

258 2678 376 2709 altaria
391 2678 446 2716 jus
466 2677 615 2707 obtineat
632 2680 844 2715 patronatus,
865 2680 896 2706 et
914 2676 955 2706 ad
972 2676 1104 2706 easdem
1123 2676 1227 2706 eccle-

259 2732 344 2767 sias,
366 2740 439 2760 cum
460 2729 668 2765 vacaverint,
689 2729 937 2768 archiepiscopo
958 2729 1009 2760 vel
1028 2729 1085 2759 alii
1102 2730 1227 2769 quijus

220 2797 233 2812 n
255 2783 455 2814 instituendi
477 2782 632 2812 habuerit
652 2782 687 2811 in
709 2782 791 2820 ipsis
811 2782 918 2812 valeat
936 2782 1073 2812 clericos
1091 2791 1228 2820 presen-

221 2849 234 2864 ))

221 2901 234 2917 ))

261 2841 347 2871 tare,
366 2843 441 2865 cum
462 2834 574 2864 clerici
596 2834 653 2872 qui
671 2834 785 2864 eadem
807 2833 924 2864 altaria
944 2834 1122 2864 habuerint
1140 2834 1229 2864 idem

257 2890 312 2928 jus
324 2888 359 2918 in
373 2887 455 2926 ipsis
470 2886 620 2917 ecclesiis
634 2885 791 2916 habuisse
807 2890 996 2916 noscantur.
1010 2886 1107 2917 Salvo
1118 2890 1228 2917 tamen

1307 314 1320 329 7)

1308 525 1321 539 3
1308 472 1320 486 δ
1308 420 1320 434 δ
1307 367 1320 381 ὅ

1308 631 1320 644 ))

1308 683 1321 697 ὶ)

1308 736 1320 750 ))

1308 788 1321 802 ))

1308 841 1321 855 ))

1308 894 1321 909 )>

1308 947 1321 961 ))

1308 999 1321 1013 ))

1308 1052 1321 1066 l)

1309 1105 1321 1119 ))

1309 1158 1322 1172 ))

1310 1211 1322 1225 ))

1309 1315 1316 1330 )

1315 1316 1322 1329 a

1309 1367 1322 1382 ))

1309 1421 1322 1436 ὶ)

1309 1475 1323 1489 ))

1311 1528 1323 1542 2)

1311 1581 1323 1596 7)

1311 1634 1324 1649 ))

1311 1687 1323 1702 ))

1311 1741 1324 1755 ))

1311 1793 1323 1808 ))

1311 1845 1324 1861 1>

1311 1897 1324 1912 >)

1311 1950 1323 1965 ))

1311 2002 1324 2017 7)

1311 2055 1324 2070 ))

1311 2108 1324 2123 ))

1311 2160 1324 2175 ))

1310 2213 1323 2227 ))

1311 2266 1323 2281 ))

1311 2319 1324 2333 ))

1311 2372 1323 2386 ))

1311 2424 1324 2439 ))

1310 2477 1323 2492 D

938 239 1178 270 REGISTRES
1200 237 1507 268 D‘ALEXANDRE
1530 238 1584 267 IV.

1346 303 1433 341 quod
1449 302 1719 341 archiepiscopus
1735 302 1793 342 qui
1809 311 1897 332 nunc
1913 306 1962 332 est
1978 306 2009 332 et
2025 302 2082 341 qui
2095 311 2152 341 pro
2167 307 2311 342 tempore

1345 355 1456 390 suerit,
1479 355 1713 385 archidiacono
1734 355 1791 394 qui
1812 363 1899 384 nunc
1919 358 1967 385 est
1990 354 2126 385 cedente
2145 354 2197 385 vel
2217 355 2313 385 dece-

1346 407 1460 443 dente,
1480 408 1584 446 possit
1605 417 1622 438 a
1645 416 1835 438 successore
1851 407 1958 446 ipsius
1979 407 2204 438 archidiaconi
2224 407 2313 438 redi-

1345 469 1434 490 mere
1452 460 1539 490 dicta
1554 460 1683 495 altaria,
1699 460 1811 490 omnia
1829 459 1981 490 videlicet
1999 459 2099 490 simul
2115 464 2145 490 et
2159 469 2225 490 non
2241 460 2312 490 sin-

1347 512 1508 551 gulariter
1525 512 1577 543 vel
1593 513 1738 542 divisim.

1348 577 1361 592 »
1387 566 1436 595 Ita
1456 565 1609 596 videlicet
1630 565 1717 604 quod
1737 565 2006 603 archiepiscopus
2025 565 2172 603 assignet
2187 565 2222 595 in
2238 573 2313 604 per-

1346 622 1482 656 petuum
1495 617 1780 648 archidiaconatui
1793 622 1838 647 tot
1851 622 1955 647 terras
1968 618 2002 647 in
2016 617 2175 648 Remensi
2188 617 2313 647 diocesi

1346 670 1468 701 liberas
1485 675 1515 701 et
1532 670 1572 700 ab
1590 671 1681 700 omni
1697 679 1796 700 onere
1812 678 1947 708 prorsus
1964 674 2147 708 exemptas,
2167 669 2255 708 quod
2274 677 2313 699 ex

1346 723 1394 753 eis
1411 723 1666 753 archidiaconus
1682 723 1830 753 redditus
1849 723 2066 753 ducentarum
2083 722 2245 751 librarum
2259 730 2314 760 pa-

1346 776 1541 806 risiensium
1554 776 1659 814 possit
1672 776 1840 814 percipere
1855 775 2037 805 annuatim.
2055 776 2118 804 Per
2133 774 2314 812 premissos

1347 833 1458 859 autem
1478 828 1636 859 officiales
1657 833 1688 858 et
1710 829 1930 866 guardianum
1946 829 2001 858 fiet
2017 827 2121 857 simili
2136 827 2232 857 modo
2247 831 2315 857 ter-

1345 892 1458 912 rarum
1482 882 1652 912 extimatio
1671 882 1861 912 earundem.
1884 881 1960 911 Hiis
1982 889 2058 911 vero
2081 880 2178 910 terris
2198 880 2239 910 ab
2261 888 2315 910 ar-

1345 935 1554 973 chiepiscopo
1567 934 1677 965 taliter
1689 934 1880 972 assignatis,
1893 943 1966 963 mox
1979 934 2019 963 ad
2030 933 2316 971 archiepiscopum

1346 987 1483 1017 redeant
1499 990 1530 1017 et
1548 996 1584 1017 eo
1600 986 1672 1025 ipso
1687 986 1756 1026 juri
1774 985 2049 1024 archiepiscopali
2065 985 2193 1023 integre
2210 984 2316 1023 appli-

1346 1044 1462 1069 centur
1484 1039 1601 1069 altaria
1626 1043 1823 1074 memorata,
1847 1042 1878 1069 et
1903 1042 2022 1068 extunc
2045 1037 2315 1076 archiepiscopus

1346 1092 1492 1131 ipsorum
1507 1092 1753 1130 possessionem
1769 1091 1964 1121 auctoritate
1982 1090 2111 1129 propria
2126 1094 2194 1120 tam
2208 1098 2267 1128 per
2279 1098 2315 1120 se

1347 1154 1447 1184 quam
1468 1154 1526 1184 per
1551 1145 1654 1174 alium
1679 1145 1751 1174 sine
1776 1143 2038 1174 contradictione
2063 1142 2241 1182 cujuslibet
2263 1150 2316 1180 ap-

1347 1198 1551 1237 prehendere
1570 1197 1677 1227 valeat
1693 1201 1724 1227 et
1741 1201 1864 1227 tenere.

1349 1263 1362 1277 »
1384 1251 1539 1281 Ceterum
1561 1250 1751 1280 ordinatum
1772 1253 1832 1284 est,
1855 1249 1942 1288 quod
1967 1248 2236 1286 archiepiscopus
2256 1246 2316 1286 qui

1345 1312 1434 1333 nunc
1451 1307 1499 1334 est
1519 1306 1549 1332 et
1566 1303 1623 1341 qui
1637 1311 1695 1340 pro
1712 1306 1856 1340 tempore
1874 1301 1975 1331 fuerit
1990 1300 2182 1340 hujusmodi
2197 1299 2317 1330 altaria

1348 1355 1634 1385 archidiaconatui
1656 1355 1811 1392 deputata
1827 1358 1858 1384 et
1876 1353 2085 1384 collationem
2106 1362 2165 1383 seu
2181 1361 2317 1383 conces-

1348 1410 1475 1440 sionem
1499 1409 1538 1440 de
1558 1409 1626 1438 illis
1650 1408 1935 1438 archidiaconatui
1955 1408 2020 1446 ipsi
2042 1408 2163 1438 factam
2179 1417 2196 1438 a
2212 1406 2318 1446 regali

1348 1463 1520 1493 vexatione
1536 1462 1587 1492 vel
1604 1461 1756 1492 molestia
1769 1461 1839 1491 suis
1855 1461 2008 1499 expensis
2020 1460 2197 1491 defendere
2208 1464 2318 1491 tenea-

1350 1520 1414 1545 tur.
1439 1515 1533 1552 Quod
1553 1515 1581 1544 si
1600 1514 1744 1544 noluerit
1765 1514 1816 1544 vel
1842 1514 2031 1552 nequiverit
2051 1513 2089 1543 de
2111 1513 2186 1552 jure
2203 1512 2255 1543 vel
2277 1512 2317 1543 de

1349 1569 1435 1599 facto
1448 1568 1545 1603 tueri,
1559 1572 1711 1598 teneatur
1722 1567 1858 1598 omnino
1872 1566 2143 1597 archidiaconum
2158 1565 2216 1605 qui
2229 1573 2318 1595 nunc

1350 1626 1399 1651 est
1416 1626 1446 1652 et
1467 1621 1649 1660 quemlibet
1668 1621 1739 1660 ejus
1761 1628 1988 1650 successorem
2010 1628 2047 1649 ac
2067 1618 2318 1649 archidiacona-

1348 1679 1419 1705 tum
1432 1675 1543 1713 ipsum
1559 1673 1770 1712 indempnem
1786 1673 1920 1712 penitus
1932 1681 2127 1703 conservare
2143 1676 2175 1702 et
2190 1675 2237 1701 tot
2247 1679 2318 1710 pos-

1349 1728 1516 1759 sessiones
1532 1732 1563 1757 et
1574 1731 1679 1757 terras
1696 1727 1736 1756 ab
1752 1727 1842 1756 omni
1858 1735 1957 1756 onere
1973 1726 2096 1756 liberas
2108 1730 2138 1756 et
2150 1728 2318 1763 exemptas

1348 1781 1383 1810 in
1399 1780 1481 1810 locis
1503 1779 1766 1817 competentibus
1782 1779 1907 1817 prefate
1927 1778 2069 1808 diocesis
2085 1778 2193 1808 eidem
2208 1776 2319 1807 archi-

1349 1832 1539 1863 diaconatui
1561 1831 1708 1861 dimissis
1727 1836 1757 1861 ct
1777 1831 1903 1861 relictis
1926 1831 2081 1861 omnihus
2101 1830 2184 1868 ipsis
2203 1829 2318 1860 altari-

1348 1885 1410 1915 bus
1423 1884 1670 1922 archiepiscopo
1682 1884 1831 1914 conl'erre
1845 1887 1876 1913 et
1889 1883 2061 1921 assignare
2072 1882 2319 1921 possessionem

1349 1946 1463 1968 earum
1484 1936 1656 1975 pacificam
1679 1935 1886 1966 concedendo
1907 1935 1995 1974 quod
2017 1944 2054 1964 ex
2076 1935 2158 1973 ipsis
2179 1934 2318 1964 extima-

1349 1991 1438 2020 tione
1455 1989 1611 2019 similiter
1624 1989 1711 2018 sacta
1727 1988 1765 2018 de
1781 1988 1849 2017 illis
1865 1996 1923 2026 per
1941 1987 2098 2017 officiales
2117 1992 2148 2017 et
2162 1986 2318 2025 guardia-

1349 2052 1429 2073 num
1458 2042 1622 2080 predictos
1652 2041 1755 2071 annui
1785 2041 2003 2071 ducentarum
2035 2040 2197 2070 librarum
2226 2039 2318 2078 pari-

1350 2095 1513 2126 siensium
1539 2094 1688 2124 redditus
1716 2093 1950 2124 archidiacono
1975 2093 2106 2123 valeant
2130 2091 2316 2131 provenire,

1348 2147 1521 2187 premissis
1538 2147 1692 2177 omnibus
1709 2146 1784 2176 aliis
1801 2146 2067 2176 ordinationibus
2084 2149 2242 2184 perpetuo
2257 2144 2318 2174 du-

1348 2201 1471 2231 raturis
1491 2204 1522 2230 et
1538 2200 1657 2230 ceteris
1678 2199 1754 2229 aliis
1774 2199 1813 2229 de
1833 2198 1955 2237 quibus
1978 2207 2042 2228 non
2065 2201 2114 2228 est
2137 2202 2247 2228 actum
2262 2205 2318 2227 ex-

1348 2254 1489 2292 pressim
1508 2253 1543 2282 in
1560 2261 1619 2282 suo
1635 2256 1721 2282 statu
1739 2251 1978 2282 nichilominus
1994 2250 2211 2281 remansuris.
2223 2248 2319 2280 Nulli

1349 2310 1410 2337 etc.
1428 2310 1539 2336 nostre
1560 2304 1838 2339 confirmationis,
1861 2303 2110 2334 constitutionis
2126 2306 2156 2333 et
2171 2301 2318 2341 precepti

1350 2368 1386 2389 ac
1407 2358 1626 2397 suppletionis
1648 2362 1708 2387 etc.
1728 2366 1833 2395 usque
1855 2366 1861 2385 :
1883 2357 2108 2386 incursurum.
2126 2356 2200 2385 Dat.
2219 2355 2318 2385 Late-

1348 2412 1434 2446 rani,
1460 2411 1556 2441 XVII
1581 2410 1740 2440 kalendas
1763 2409 1943 2444 februarii,
1971 2408 2184 2447 pontificatus
2210 2406 2316 2437 nostri

1349 2473 1435 2494 anno
1452 2463 1639 2493 undecimo.
1660 2474 1672 2488 »

1347 2517 1416 2547 Nos
1432 2516 1534 2554 igitur
1551 2515 1795 2545 ordinationem
1808 2514 1989 2553 predictam
2006 2514 2117 2543 favore
2137 2511 2316 2551 apostolico

1308 2569 1541 2608 approbantes,
1569 2567 1778 2597 decernimus
1801 2571 1899 2605 atque
1919 2566 2120 2605 precipimus
2145 2569 2180 2594 ut
2203 2563 2317 2594 omnia

1308 2626 1340 2652 et
1359 2621 1491 2659 singula
1509 2624 1663 2650 contenta
1682 2620 1715 2648 in
1735 2620 1807 2658 ipsa
1827 2618 2068 2649 inviolabiliter
2085 2617 2314 2651 observentur,

1308 2675 1460 2714 quodque
1482 2677 1637 2711 perpetue
1658 2672 1758 2702 robur
1779 2672 1949 2702 obtineant
1972 2670 2150 2700 firmitatis.
2175 2669 2214 2699 Et
2236 2668 2316 2707 quia

1309 2728 1347 2757 de
1363 2731 1476 2756 tenore
1494 2725 1679 2755 litterarum
1701 2725 1849 2762 ipsarum
1871 2723 1966 2753 nobis
1987 2722 2158 2752 evidenter
2175 2730 2233 2760 per
2246 2720 2315 2751 lec-

1309 2780 1431 2809 tionem
1446 2778 1593 2808 constitit
1610 2777 1801 2811 earundem,
1819 2776 1973 2806 nolumus
1992 2775 2079 2814 quod
2097 2782 2210 2804 earum
2224 2772 2314 2804 exhi-

1308 2832 1391 2861 bitio
1407 2832 1440 2860 in
1454 2831 1579 2870 judicio
1594 2830 1644 2860 vel
1661 2834 1752 2860 extra
1763 2829 1928 2869 judicium
1944 2828 2105 2866 exigatur,
2125 2826 2183 2857 sed
2198 2825 2314 2856 statui-

1308 2894 1382 2915 mus
1391 2889 1427 2914 ut
1438 2888 1593 2923 perpetuo
1604 2883 1801 2914 adhibeatur
1808 2881 2019 2921 presentibus
2031 2889 2129 2919 super
2139 2878 2314 2918 premissis

2485 2988 2491 2995 ·
2484 2930 2493 2945 ‚r
2471 2510 2496 2907 ·‹m‹..m·-.w-,.n4.m›..s
2487 2475 2492 2480 .
2482 2423 2493 2438 ι·
2486 2375 2494 2386 ψ

2474 3311 2487 3325 δ’
2475 3221 2490 3306 *ἵν-δ”,
2485 3200 2490 3211 ,
