<?xml version="1.0" encoding="UTF-8"?>
<!DOCTYPE html PUBLIC "-//W3C//DTD XHTML 1.0 Transitional//EN"
    "http://www.w3.org/TR/xhtml1/DTD/xhtml1-transitional.dtd">
<html xmlns="http://www.w3.org/1999/xhtml" xml:lang="en" lang="en">
 <head>
  <title>
</title>
<meta http-equiv="Content-Type" content="text/html;charset=utf-8" />
  <meta name='ocr-system' content='tesseract 3.04.00' />
  <meta name='ocr-capabilities' content='ocr_page ocr_carea ocr_par ocr_line ocrx_word'/>
</head>
<body>
  <div class='ocr_page' id='page_1' title='image "./lesregistresdale01cathuoft_0195.png"; bbox 0 0 2498 3325; ppageno 0'>
   <div class='ocr_carea' id='block_1_1' title="bbox 963 231 2212 273">
    <p class='ocr_par' dir='ltr' id='par_1_1' title="bbox 963 231 2212 273">
     <span class='ocr_line' id='line_1_1' title="bbox 963 231 2212 273; baseline 0.004 -5"><span class='ocrx_word' id='word_1_1' title='bbox 963 232 1187 269; x_wconf 78' lang='lat' dir='ltr'>PREMIERE</span> <span class='ocrx_word' id='word_1_2' title='bbox 1199 231 1369 270; x_wconf 74' lang='grc' dir='ltr'><strong>-ΑΝΝΕΕ,</strong></span> <span class='ocrx_word' id='word_1_3' title='bbox 2160 243 2212 273; x_wconf 83' lang='lat'>185</span> 
     </span>
    </p>
   </div>
   <div class='ocr_carea' id='block_1_2' title="bbox 83 305 1124 437">
    <p class='ocr_par' dir='ltr' id='par_1_2' title="bbox 83 305 1124 437">
     <span class='ocr_line' id='line_1_2' title="bbox 116 305 1123 342; baseline -0.005 -8"><span class='ocrx_word' id='word_1_4' title='bbox 116 315 284 342; x_wconf 75' lang='lat' dir='ltr'>guerrarum</span> <span class='ocrx_word' id='word_1_5' title='bbox 301 309 356 332; x_wconf 85' lang='lat' dir='ltr'>etc.</span> <span class='ocrx_word' id='word_1_6' title='bbox 375 309 497 340; x_wconf 78' lang='lat' dir='ltr'>nequeat</span> <span class='ocrx_word' id='word_1_7' title='bbox 512 307 693 340; x_wconf 84' lang='lat' dir='ltr'>commorari,</span> <span class='ocrx_word' id='word_1_8' title='bbox 708 305 807 340; x_wconf 78' lang='lat' dir='ltr'>«apud</span> <span class='ocrx_word' id='word_1_9' title='bbox 824 305 921 331; x_wconf 84' lang='lat' dir='ltr'>sedem</span> <span class='ocrx_word' id='word_1_10' title='bbox 937 305 1123 338; x_wconf 83' lang='lat' dir='ltr'>apostolicam</span> 
     </span>
     <span class='ocr_line' id='line_1_3' title="bbox 83 353 1124 393; baseline -0.003 -12"><span class='ocrx_word' id='word_1_11' title='bbox 83 391 86 393; x_wconf 19' lang='grc' dir='ltr'><em>Β</em></span> <span class='ocrx_word' id='word_1_12' title='bbox 115 356 160 382; x_wconf 85' lang='lat' dir='ltr'>vel</span> <span class='ocrx_word' id='word_1_13' title='bbox 176 355 241 382; x_wconf 85' lang='lat' dir='ltr'>alibi</span> <span class='ocrx_word' id='word_1_14' title='bbox 257 363 308 389; x_wconf 86' lang='lat' dir='ltr'>per</span> <span class='ocrx_word' id='word_1_15' title='bbox 323 354 433 380; x_wconf 86' lang='lat' dir='ltr'>Italiam</span> <span class='ocrx_word' id='word_1_16' title='bbox 452 362 605 388; x_wconf 85' lang='lat' dir='ltr'>quousque</span> <span class='ocrx_word' id='word_1_17' title='bbox 622 354 824 389; x_wconf 82' lang='lat' dir='ltr'>impedimenta</span> <span class='ocrx_word' id='word_1_18' title='bbox 842 353 1009 388; x_wconf 86' lang='lat' dir='ltr'>hujusmodi</span> <span class='ocrx_word' id='word_1_19' title='bbox 1025 360 1124 378; x_wconf 81' lang='lat' dir='ltr'>cessa-</span> 
     </span>
     <span class='ocr_line' id='line_1_4' title="bbox 117 401 1124 437; baseline -0.004 -7"><span class='ocrx_word' id='word_1_20' title='bbox 117 404 210 430; x_wconf 82' lang='lat' dir='ltr'>verint</span> <span class='ocrx_word' id='word_1_21' title='bbox 220 415 232 427; x_wconf 70' lang='grc'>11</span> <span class='ocrx_word' id='word_1_22' title='bbox 246 403 348 429; x_wconf 90' lang='lat' dir='ltr'>morari</span> <span class='ocrx_word' id='word_1_23' title='bbox 361 402 462 436; x_wconf 82' lang='lat' dir='ltr'>possit.</span> <span class='ocrx_word' id='word_1_24' title='bbox 476 402 560 435; x_wconf 69' lang='lat' dir='ltr'>(Rae.</span> <span class='ocrx_word' id='word_1_25' title='bbox 571 402 616 437; x_wconf 72' lang='lat'>24,</span> <span class='ocrx_word' id='word_1_26' title='bbox 628 411 653 429; x_wconf 89' lang='lat' dir='ltr'>c.</span> <span class='ocrx_word' id='word_1_27' title='bbox 666 403 739 436; x_wconf 75' lang='lat'>498³,</span> <span class='ocrx_word' id='word_1_28' title='bbox 757 402 776 428; x_wconf 67' lang='grc' dir='ltr'>ἰ,</span> <span class='ocrx_word' id='word_1_29' title='bbox 789 402 838 434; x_wconf 82' lang='lat'>73;</span> <span class='ocrx_word' id='word_1_30' title='bbox 858 401 1003 429; x_wconf 66' lang='lat' dir='ltr'>Porrmsr</span> <span class='ocrx_word' id='word_1_31' title='bbox 1016 401 1124 433; x_wconf 69' lang='lat'>15925.)</span> 
     </span>
    </p>
   </div>
   <div class='ocr_carea' id='block_1_3' title="bbox 161 503 923 540">
    <p class='ocr_par' dir='ltr' id='par_1_3' title="bbox 161 503 923 540">
     <span class='ocr_line' id='line_1_5' title="bbox 161 503 923 540; baseline -0.001 -8"><span class='ocrx_word' id='word_1_32' title='bbox 161 515 173 530; x_wconf 76' lang='grc' dir='ltr'><strong>α</strong></span> <span class='ocrx_word' id='word_1_33' title='bbox 190 503 306 532; x_wconf 82' lang='lat' dir='ltr'><em>Eidem.</em></span> <span class='ocrx_word' id='word_1_34' title='bbox 323 503 407 534; x_wconf 91' lang='lat' dir='ltr'>Cum</span> <span class='ocrx_word' id='word_1_35' title='bbox 422 503 506 533; x_wconf 79' lang='lat' dir='ltr'>sicut</span> <span class='ocrx_word' id='word_1_36' title='bbox 523 503 559 532; x_wconf 95' lang='lat' dir='ltr'>in</span> <span class='ocrx_word' id='word_1_37' title='bbox 574 520 623 532; x_wconf 87' lang='lat'>—.</span> <span class='ocrx_word' id='word_1_38' title='bbox 641 504 714 533; x_wconf 85' lang='lat' dir='ltr'>Dat.</span> <span class='ocrx_word' id='word_1_39' title='bbox 731 507 767 532; x_wconf 89' lang='lat' dir='ltr'>ut</span> <span class='ocrx_word' id='word_1_40' title='bbox 781 511 890 540; x_wconf 89' lang='lat' dir='ltr'>supra.</span> <span class='ocrx_word' id='word_1_41' title='bbox 911 515 923 528; x_wconf 71' lang='lat'>1&gt;</span> 
     </span>
    </p>
   </div>
   <div class='ocr_carea' id='block_1_4' title="bbox 190 674 277 703">
    <p class='ocr_par' dir='ltr' id='par_1_4' title="bbox 190 674 277 703">
     <span class='ocr_line' id='line_1_6' title="bbox 190 674 277 703; baseline 0 -1"><span class='ocrx_word' id='word_1_42' title='bbox 190 674 277 703; x_wconf 84' lang='grc'>606</span> 
     </span>
    </p>
   </div>
   <div class='ocr_carea' id='block_1_5' title="bbox 113 733 1126 1010">
    <p class='ocr_par' dir='ltr' id='par_1_5' title="bbox 113 733 1126 1010">
     <span class='ocr_line' id='line_1_7' title="bbox 155 733 1124 769; baseline -0.002 -7"><span class='ocrx_word' id='word_1_43' title='bbox 155 735 248 762; x_wconf 86' lang='grc' dir='ltr'><strong>Ρι·1011</strong></span> <span class='ocrx_word' id='word_1_44' title='bbox 270 735 421 769; x_wconf 83' lang='lat' dir='ltr'>hospitalis</span> <span class='ocrx_word' id='word_1_45' title='bbox 443 743 468 761; x_wconf 87' lang='lat' dir='ltr'>s.</span> <span class='ocrx_word' id='word_1_46' title='bbox 491 734 633 761; x_wconf 83' lang='lat' dir='ltr'>Johannis</span> <span class='ocrx_word' id='word_1_47' title='bbox 653 733 887 769; x_wconf 76' lang='lat' dir='ltr'>Jerosolymitani</span> <span class='ocrx_word' id='word_1_48' title='bbox 910 738 938 760; x_wconf 90' lang='lat' dir='ltr'>et</span> <span class='ocrx_word' id='word_1_49' title='bbox 959 734 1078 769; x_wconf 81' lang='lat' dir='ltr'>plebano</span> <span class='ocrx_word' id='word_1_50' title='bbox 1099 742 1124 760; x_wconf 88' lang='lat' dir='ltr'>s.</span> 
     </span>
     <span class='ocr_line' id='line_1_8' title="bbox 119 782 1126 817; baseline -0.001 -7"><span class='ocrx_word' id='word_1_51' title='bbox 119 783 208 810; x_wconf 78' lang='lat' dir='ltr'>Marci</span> <span class='ocrx_word' id='word_1_52' title='bbox 226 784 407 810; x_wconf 86' lang='lat' dir='ltr'>Acconensis</span> <span class='ocrx_word' id='word_1_53' title='bbox 422 783 533 817; x_wconf 78' lang='lat' dir='ltr'>scribit,</span> <span class='ocrx_word' id='word_1_54' title='bbox 550 791 582 809; x_wconf 93' lang='lat' dir='ltr'>se</span> <span class='ocrx_word' id='word_1_55' title='bbox 599 783 781 810; x_wconf 79' lang='lat' dir='ltr'>mandavisse</span> <span class='ocrx_word' id='word_1_56' title='bbox 798 784 951 809; x_wconf 88' lang='lat' dir='ltr'>conventui</span> <span class='ocrx_word' id='word_1_57' title='bbox 968 791 992 810; x_wconf 89' lang='lat' dir='ltr'>s.</span> <span class='ocrx_word' id='word_1_58' title='bbox 1008 782 1126 809; x_wconf 85' lang='lat' dir='ltr'>Sabbati</span> 
     </span>
     <span class='ocr_line' id='line_1_9' title="bbox 117 831 1125 866; baseline -0.001 -8"><span class='ocrx_word' id='word_1_59' title='bbox 117 832 315 865; x_wconf 69' lang='lat' dir='ltr'>Accmensis,</span> <span class='ocrx_word' id='word_1_60' title='bbox 338 836 366 858; x_wconf 82' lang='lat' dir='ltr'>ut</span> <span class='ocrx_word' id='word_1_61' title='bbox 388 831 504 858; x_wconf 86' lang='lat' dir='ltr'>domum</span> <span class='ocrx_word' id='word_1_62' title='bbox 520 832 614 866; x_wconf 85' lang='lat' dir='ltr'>ipsius</span> <span class='ocrx_word' id='word_1_63' title='bbox 630 832 656 858; x_wconf 84' lang='lat' dir='ltr'>in</span> <span class='ocrx_word' id='word_1_64' title='bbox 676 831 839 858; x_wconf 85' lang='lat' dir='ltr'>Acconensi</span> <span class='ocrx_word' id='word_1_65' title='bbox 857 832 919 858; x_wconf 89' lang='lat' dir='ltr'>vico</span> <span class='ocrx_word' id='word_1_66' title='bbox 936 831 1059 857; x_wconf 75' lang='lat' dir='ltr'>Catenae</span> <span class='ocrx_word' id='word_1_67' title='bbox 1074 831 1125 857; x_wconf 83' lang='lat' dir='ltr'>Ja-</span> 
     </span>
     <span class='ocr_line' id='line_1_10' title="bbox 118 879 1125 914; baseline 0 -9"><span class='ocrx_word' id='word_1_68' title='bbox 118 880 220 906; x_wconf 88' lang='lat' dir='ltr'>nuensi</span> <span class='ocrx_word' id='word_1_69' title='bbox 237 881 382 906; x_wconf 79' lang='lat' dir='ltr'>communi</span> <span class='ocrx_word' id='word_1_70' title='bbox 398 880 551 906; x_wconf 79' lang='lat' dir='ltr'>venderet:</span> <span class='ocrx_word' id='word_1_71' title='bbox 569 880 670 914; x_wconf 88' lang='lat' dir='ltr'>eisque</span> <span class='ocrx_word' id='word_1_72' title='bbox 683 879 808 912; x_wconf 78' lang='lat' dir='ltr'>mandat,</span> <span class='ocrx_word' id='word_1_73' title='bbox 822 884 851 905; x_wconf 92' lang='lat' dir='ltr'>ut</span> <span class='ocrx_word' id='word_1_74' title='bbox 864 879 1056 906; x_wconf 76' lang='lat' dir='ltr'>venditionem</span> <span class='ocrx_word' id='word_1_75' title='bbox 1071 880 1125 906; x_wconf 86' lang='lat' dir='ltr'>hu-</span> 
     </span>
     <span class='ocr_line' id='line_1_11' title="bbox 113 927 1126 963; baseline 0 -9"><span class='ocrx_word' id='word_1_76' title='bbox 113 927 257 963; x_wconf 89' lang='lat' dir='ltr'>jusmodi,</span> <span class='ocrx_word' id='word_1_77' title='bbox 274 936 348 962; x_wconf 85' lang='lat' dir='ltr'>quae</span> <span class='ocrx_word' id='word_1_78' title='bbox 368 929 395 954; x_wconf 88' lang='lat' dir='ltr'>in</span> <span class='ocrx_word' id='word_1_79' title='bbox 418 936 504 961; x_wconf 79' lang='lat' dir='ltr'>grave</span> <span class='ocrx_word' id='word_1_80' title='bbox 522 929 616 962; x_wconf 83' lang='lat' dir='ltr'>ipsius</span> <span class='ocrx_word' id='word_1_81' title='bbox 636 929 802 954; x_wconf 78' lang='lat' dir='ltr'>monasterii</span> <span class='ocrx_word' id='word_1_82' title='bbox 818 928 999 962; x_wconf 83' lang='lat' dir='ltr'>dispendium</span> <span class='ocrx_word' id='word_1_83' title='bbox 1018 928 1126 954; x_wconf 82' lang='lat' dir='ltr'>redun-</span> 
     </span>
     <span class='ocr_line' id='line_1_12' title="bbox 117 976 871 1010; baseline 0.001 -7"><span class='ocrx_word' id='word_1_84' title='bbox 117 976 205 1007; x_wconf 86' lang='lat' dir='ltr'>daret,</span> <span class='ocrx_word' id='word_1_85' title='bbox 221 977 350 1003; x_wconf 78' lang='lat' dir='ltr'>inhibere</span> <span class='ocrx_word' id='word_1_86' title='bbox 365 981 477 1003; x_wconf 66' lang='lat' dir='ltr'>curent,</span> <span class='ocrx_word' id='word_1_87' title='bbox 495 977 575 1005; x_wconf 64' lang='lat' dir='ltr'>(Rea.</span> <span class='ocrx_word' id='word_1_88' title='bbox 594 977 638 1010; x_wconf 68' lang='grc' dir='ltr'>ς24,</span> <span class='ocrx_word' id='word_1_89' title='bbox 656 985 680 1003; x_wconf 88' lang='grc'>0.</span> <span class='ocrx_word' id='word_1_90' title='bbox 701 977 760 1008; x_wconf 80' lang='grc'>499,</span> <span class='ocrx_word' id='word_1_91' title='bbox 780 977 798 1003; x_wconf 85' lang='lat' dir='ltr'>f.</span> <span class='ocrx_word' id='word_1_92' title='bbox 816 977 871 1009; x_wconf 89' lang='lat'><strong>73.)</strong></span> 
     </span>
    </p>
   </div>
   <div class='ocr_carea' id='block_1_6' title="bbox 671 672 1052 707">
    <p class='ocr_par' dir='ltr' id='par_1_6' title="bbox 671 672 1052 707">
     <span class='ocr_line' id='line_1_13' title="bbox 671 672 1052 707; baseline 0 -9"><span class='ocrx_word' id='word_1_93' title='bbox 671 673 795 707; x_wconf 84' lang='lat' dir='ltr'>Anagni,</span> <span class='ocrx_word' id='word_1_94' title='bbox 816 672 845 699; x_wconf 65' lang='lat'>12</span> <span class='ocrx_word' id='word_1_95' title='bbox 864 673 957 707; x_wconf 82' lang='lat' dir='ltr'>juillet</span> <span class='ocrx_word' id='word_1_96' title='bbox 975 672 1052 699; x_wconf 69' lang='lat'>1255.</span> 
     </span>
    </p>
   </div>
   <div class='ocr_carea' id='block_1_7' title="bbox 107 1080 1127 2278">
    <p class='ocr_par' dir='ltr' id='par_1_7' title="bbox 107 1080 1127 2278">
     <span class='ocr_line' id='line_1_14' title="bbox 157 1080 1122 1116; baseline 0.001 -10"><span class='ocrx_word' id='word_1_97' title='bbox 157 1091 170 1106; x_wconf 68' lang='grc' dir='ltr'>(ι</span> <span class='ocrx_word' id='word_1_98' title='bbox 188 1102 220 1113; x_wconf 84' lang='grc'>..,</span> <span class='ocrx_word' id='word_1_99' title='bbox 235 1080 338 1116; x_wconf 79' lang='lat' dir='ltr'>priori</span> <span class='ocrx_word' id='word_1_100' title='bbox 351 1080 509 1116; x_wconf 77' lang='lat' dir='ltr'>hospitalis</span> <span class='ocrx_word' id='word_1_101' title='bbox 522 1080 783 1108; x_wconf 70' lang='lat' dir='ltr'>sanctz&#39;Jolzcmnis</span> <span class='ocrx_word' id='word_1_102' title='bbox 795 1080 1037 1108; x_wconf 67' lang='grc' dir='ltr'>ιῙιΞι-οεοῖιήῑι’ῖαηί</span> <span class='ocrx_word' id='word_1_103' title='bbox 1052 1085 1077 1107; x_wconf 78' lang='lat' dir='ltr'>ec</span> <span class='ocrx_word' id='word_1_104' title='bbox 1090 1102 1122 1113; x_wconf 72' lang='lat'>,.,</span> 
     </span>
     <span class='ocr_line' id='line_1_15' title="bbox 112 1131 1126 1170; baseline 0 -9"><span class='ocrx_word' id='word_1_105' title='bbox 112 1133 240 1170; x_wconf 79' lang='lat' dir='ltr'>plebano</span> <span class='ocrx_word' id='word_1_106' title='bbox 255 1133 356 1161; x_wconf 77' lang='lat' dir='ltr'>sancti</span> <span class='ocrx_word' id='word_1_107' title='bbox 374 1133 470 1161; x_wconf 63' lang='lat' dir='ltr'>Marci·</span> <span class='ocrx_word' id='word_1_108' title='bbox 491 1133 681 1161; x_wconf 80' lang='lat' dir='ltr'>Acconensis.</span> <span class='ocrx_word' id='word_1_109' title='bbox 707 1132 756 1161; x_wconf 76' lang='lat' dir='ltr'>Ad</span> <span class='ocrx_word' id='word_1_110' title='bbox 777 1131 1052 1170; x_wconf 80' lang='lat' dir='ltr'>supplicationem</span> <span class='ocrx_word' id='word_1_111' title='bbox 1075 1132 1126 1161; x_wconf 88' lang='lat' dir='ltr'>di-</span> 
     </span>
     <span class='ocr_line' id='line_1_16' title="bbox 115 1184 1124 1221; baseline 0 -7"><span class='ocrx_word' id='word_1_112' title='bbox 115 1184 275 1215; x_wconf 87' lang='lat' dir='ltr'>lectorum</span> <span class='ocrx_word' id='word_1_113' title='bbox 291 1185 436 1215; x_wconf 85' lang='lat' dir='ltr'>filiorum</span> <span class='ocrx_word' id='word_1_114' title='bbox 448 1185 633 1215; x_wconf 88' lang='lat' dir='ltr'>communis</span> <span class='ocrx_word' id='word_1_115' title='bbox 646 1185 840 1220; x_wconf 76' lang='lat' dir='ltr'>Januensis,</span> <span class='ocrx_word' id='word_1_116' title='bbox 856 1185 985 1215; x_wconf 87' lang='lat' dir='ltr'>dilectis</span> <span class='ocrx_word' id='word_1_117' title='bbox 1000 1185 1079 1215; x_wconf 87' lang='lat' dir='ltr'>filiis</span> <span class='ocrx_word' id='word_1_118' title='bbox 1092 1208 1124 1221; x_wconf 86' lang='lat'>..,</span> 
     </span>
     <span class='ocr_line' id='line_1_17' title="bbox 117 1237 1127 1267; baseline 0.001 -1"><span class='ocrx_word' id='word_1_119' title='bbox 117 1237 227 1267; x_wconf 82' lang='lat' dir='ltr'>abbati</span> <span class='ocrx_word' id='word_1_120' title='bbox 242 1242 272 1267; x_wconf 90' lang='lat' dir='ltr'>et</span> <span class='ocrx_word' id='word_1_121' title='bbox 287 1237 464 1267; x_wconf 85' lang='lat' dir='ltr'>conventui</span> <span class='ocrx_word' id='word_1_122' title='bbox 478 1237 673 1267; x_wconf 86' lang='lat' dir='ltr'>monasterii</span> <span class='ocrx_word' id='word_1_123' title='bbox 685 1238 791 1267; x_wconf 76' lang='lat' dir='ltr'>sancti</span> <span class='ocrx_word' id='word_1_124' title='bbox 805 1238 940 1267; x_wconf 83' lang='lat' dir='ltr'>Sahhati</span> <span class='ocrx_word' id='word_1_125' title='bbox 954 1239 1127 1267; x_wconf 79' lang='lat' dir='ltr'>Acconen-</span> 
     </span>
     <span class='ocr_line' id='line_1_18' title="bbox 117 1289 1125 1326; baseline -0.001 -6"><span class='ocrx_word' id='word_1_126' title='bbox 117 1290 174 1326; x_wconf 88' lang='lat' dir='ltr'>sis,</span> <span class='ocrx_word' id='word_1_127' title='bbox 194 1290 317 1320; x_wconf 87' lang='lat' dir='ltr'>nostris</span> <span class='ocrx_word' id='word_1_128' title='bbox 336 1290 397 1319; x_wconf 80' lang='lat' dir='ltr'>sul]</span> <span class='ocrx_word' id='word_1_129' title='bbox 414 1295 502 1319; x_wconf 84' lang='lat' dir='ltr'>certa</span> <span class='ocrx_word' id='word_1_130' title='bbox 524 1291 630 1319; x_wconf 81' lang='lat' dir='ltr'>forma</span> <span class='ocrx_word' id='word_1_131' title='bbox 655 1290 785 1320; x_wconf 85' lang='lat' dir='ltr'>dedisse</span> <span class='ocrx_word' id='word_1_132' title='bbox 807 1289 929 1320; x_wconf 81' lang='lat' dir='ltr'>litteris</span> <span class='ocrx_word' id='word_1_133' title='bbox 950 1290 1071 1319; x_wconf 71' lang='lat' dir='ltr'>dicitur</span> <span class='ocrx_word' id='word_1_134' title='bbox 1091 1291 1125 1320; x_wconf 90' lang='grc'>111</span> 
     </span>
     <span class='ocr_line' id='line_1_19' title="bbox 118 1342 1126 1380; baseline 0.002 -9"><span class='ocrx_word' id='word_1_135' title='bbox 118 1342 295 1377; x_wconf 79' lang='lat' dir='ltr'>mandatis,</span> <span class='ocrx_word' id='word_1_136' title='bbox 308 1347 343 1371; x_wconf 82' lang='lat' dir='ltr'>ut</span> <span class='ocrx_word' id='word_1_137' title='bbox 355 1342 500 1377; x_wconf 79' lang='lat' dir='ltr'>domum,</span> <span class='ocrx_word' id='word_1_138' title='bbox 514 1351 613 1380; x_wconf 81' lang='lat' dir='ltr'>quam</span> <span class='ocrx_word' id='word_1_139' title='bbox 623 1342 657 1371; x_wconf 89' lang='lat' dir='ltr'>in</span> <span class='ocrx_word' id='word_1_140' title='bbox 667 1342 800 1371; x_wconf 81' lang='lat' dir='ltr'>civitate</span> <span class='ocrx_word' id='word_1_141' title='bbox 810 1343 1040 1372; x_wconf 82' lang='lat' dir='ltr'>Acconensiin</span> <span class='ocrx_word' id='word_1_142' title='bbox 1055 1343 1126 1373; x_wconf 87' lang='lat' dir='ltr'>vico</span> 
     </span>
     <span class='ocr_line' id='line_1_20' title="bbox 118 1395 1126 1434; baseline 0 -9"><span class='ocrx_word' id='word_1_143' title='bbox 118 1395 241 1425; x_wconf 85' lang='lat' dir='ltr'>Catene</span> <span class='ocrx_word' id='word_1_144' title='bbox 253 1395 347 1434; x_wconf 80' lang='lat' dir='ltr'>juxta</span> <span class='ocrx_word' id='word_1_145' title='bbox 363 1395 495 1424; x_wconf 90' lang='lat' dir='ltr'>domum</span> <span class='ocrx_word' id='word_1_146' title='bbox 511 1395 618 1432; x_wconf 88' lang='lat' dir='ltr'>ipsius</span> <span class='ocrx_word' id='word_1_147' title='bbox 641 1395 825 1424; x_wconf 88' lang='lat' dir='ltr'>communis</span> <span class='ocrx_word' id='word_1_148' title='bbox 842 1395 963 1425; x_wconf 85' lang='lat' dir='ltr'>habere</span> <span class='ocrx_word' id='word_1_149' title='bbox 983 1404 1126 1425; x_wconf 86' lang='lat' dir='ltr'>noscun-</span> 
     </span>
     <span class='ocr_line' id='line_1_21' title="bbox 117 1447 1126 1486; baseline 0.002 -10"><span class='ocrx_word' id='word_1_150' title='bbox 117 1451 182 1482; x_wconf 82' lang='lat' dir='ltr'>tur,</span> <span class='ocrx_word' id='word_1_151' title='bbox 207 1447 388 1477; x_wconf 87' lang='lat' dir='ltr'>venderent</span> <span class='ocrx_word' id='word_1_152' title='bbox 411 1447 535 1477; x_wconf 87' lang='lat' dir='ltr'>eisdem</span> <span class='ocrx_word' id='word_1_153' title='bbox 556 1447 607 1477; x_wconf 87' lang='lat' dir='ltr'>vel</span> <span class='ocrx_word' id='word_1_154' title='bbox 631 1448 849 1477; x_wconf 72' lang='lat' dir='ltr'>concederent</span> <span class='ocrx_word' id='word_1_155' title='bbox 872 1448 912 1477; x_wconf 87' lang='lat' dir='ltr'>ad</span> <span class='ocrx_word' id='word_1_156' title='bbox 931 1453 1126 1486; x_wconf 88' lang='lat' dir='ltr'>perpetuum</span> 
     </span>
     <span class='ocr_line' id='line_1_22' title="bbox 117 1500 1127 1538; baseline 0.001 -9"><span class='ocrx_word' id='word_1_157' title='bbox 117 1509 254 1529; x_wconf 85' lang='lat' dir='ltr'>censum</span> <span class='ocrx_word' id='word_1_158' title='bbox 281 1509 429 1529; x_wconf 87' lang='lat' dir='ltr'>annuum</span> <span class='ocrx_word' id='word_1_159' title='bbox 453 1504 509 1529; x_wconf 83' lang='lat' dir='ltr'>aut</span> <span class='ocrx_word' id='word_1_160' title='bbox 533 1510 590 1538; x_wconf 88' lang='lat' dir='ltr'>pro</span> <span class='ocrx_word' id='word_1_161' title='bbox 616 1500 807 1530; x_wconf 79' lang='lat' dir='ltr'>concambio</span> <span class='ocrx_word' id='word_1_162' title='bbox 828 1501 1030 1531; x_wconf 88' lang='lat' dir='ltr'>monasterio</span> <span class='ocrx_word' id='word_1_163' title='bbox 1051 1501 1127 1531; x_wconf 90' lang='lat' dir='ltr'>utili</span> 
     </span>
     <span class='ocr_line' id='line_1_23' title="bbox 116 1553 1126 1592; baseline 0.002 -10"><span class='ocrx_word' id='word_1_164' title='bbox 116 1557 312 1588; x_wconf 74' lang='lat' dir='ltr'>memorato,</span> <span class='ocrx_word' id='word_1_165' title='bbox 331 1558 418 1582; x_wconf 84' lang='lat' dir='ltr'>certo</span> <span class='ocrx_word' id='word_1_166' title='bbox 439 1553 547 1583; x_wconf 88' lang='lat' dir='ltr'>eidem</span> <span class='ocrx_word' id='word_1_167' title='bbox 567 1554 734 1583; x_wconf 89' lang='lat' dir='ltr'>communi</span> <span class='ocrx_word' id='word_1_168' title='bbox 752 1562 850 1592; x_wconf 83' lang='lat' dir='ltr'>super</span> <span class='ocrx_word' id='word_1_169' title='bbox 870 1554 932 1583; x_wconf 97' lang='grc'><strong>1100</strong></span> <span class='ocrx_word' id='word_1_170' title='bbox 954 1558 1126 1584; x_wconf 78' lang='lat' dir='ltr'>executore</span> 
     </span>
     <span class='ocr_line' id='line_1_24' title="bbox 116 1605 1127 1645; baseline 0 -10"><span class='ocrx_word' id='word_1_171' title='bbox 116 1614 283 1635; x_wconf 85' lang='lat' dir='ltr'>concesso.</span> <span class='ocrx_word' id='word_1_172' title='bbox 314 1606 400 1642; x_wconf 85' lang='lat' dir='ltr'>Quia</span> <span class='ocrx_word' id='word_1_173' title='bbox 425 1615 519 1641; x_wconf 81' lang='lat' dir='ltr'>vero,</span> <span class='ocrx_word' id='word_1_174' title='bbox 547 1605 632 1635; x_wconf 86' lang='lat' dir='ltr'>sicut</span> <span class='ocrx_word' id='word_1_175' title='bbox 659 1605 903 1641; x_wconf 76' lang='lat' dir='ltr'>intelleximus,</span> <span class='ocrx_word' id='word_1_176' title='bbox 934 1606 1127 1645; x_wconf 84' lang='lat' dir='ltr'>hujusmodi</span> 
     </span>
     <span class='ocr_line' id='line_1_25' title="bbox 116 1658 1126 1697; baseline 0.002 -10"><span class='ocrx_word' id='word_1_177' title='bbox 116 1658 264 1688; x_wconf 81' lang='lat' dir='ltr'>venditio</span> <span class='ocrx_word' id='word_1_178' title='bbox 281 1667 338 1688; x_wconf 90' lang='lat' dir='ltr'>seu</span> <span class='ocrx_word' id='word_1_179' title='bbox 356 1658 524 1693; x_wconf 76' lang='lat' dir='ltr'>alienatio,</span> <span class='ocrx_word' id='word_1_180' title='bbox 544 1658 572 1688; x_wconf 91' lang='lat' dir='ltr'>si</span> <span class='ocrx_word' id='word_1_181' title='bbox 588 1658 692 1693; x_wconf 82' lang='lat' dir='ltr'>fieret,</span> <span class='ocrx_word' id='word_1_182' title='bbox 708 1658 743 1687; x_wconf 90' lang='lat' dir='ltr'>in</span> <span class='ocrx_word' id='word_1_183' title='bbox 761 1667 859 1696; x_wconf 78' lang='lat' dir='ltr'>grave</span> <span class='ocrx_word' id='word_1_184' title='bbox 874 1658 981 1697; x_wconf 86' lang='lat' dir='ltr'>ipsius</span> <span class='ocrx_word' id='word_1_185' title='bbox 997 1668 1126 1689; x_wconf 87' lang='lat' dir='ltr'>monas-</span> 
     </span>
     <span class='ocr_line' id='line_1_26' title="bbox 116 1710 1126 1749; baseline 0 -9"><span class='ocrx_word' id='word_1_186' title='bbox 116 1710 192 1741; x_wconf 88' lang='lat' dir='ltr'>terii</span> <span class='ocrx_word' id='word_1_187' title='bbox 219 1711 430 1749; x_wconf 71' lang='lat' dir='ltr'>dispendium</span> <span class='ocrx_word' id='word_1_188' title='bbox 451 1711 675 1741; x_wconf 83' lang='lat' dir='ltr'>reddundaret</span> <span class='ocrx_word' id='word_1_189' title='bbox 700 1715 730 1740; x_wconf 86' lang='lat' dir='ltr'>et</span> <span class='ocrx_word' id='word_1_190' title='bbox 753 1711 835 1741; x_wconf 85' lang='lat' dir='ltr'>alias</span> <span class='ocrx_word' id='word_1_191' title='bbox 861 1720 899 1741; x_wconf 84' lang='lat' dir='ltr'>ex</span> <span class='ocrx_word' id='word_1_192' title='bbox 922 1720 960 1741; x_wconf 82' lang='lat' dir='ltr'>ea</span> <span class='ocrx_word' id='word_1_193' title='bbox 983 1711 1126 1741; x_wconf 88' lang='lat' dir='ltr'>nimium</span> 
     </span>
     <span class='ocr_line' id='line_1_27' title="bbox 115 1763 1125 1802; baseline 0 -9"><span class='ocrx_word' id='word_1_194' title='bbox 115 1763 309 1794; x_wconf 79' lang='lat' dir='ltr'>scandalum</span> <span class='ocrx_word' id='word_1_195' title='bbox 325 1763 478 1798; x_wconf 90' lang='lat' dir='ltr'>oriretur,</span> <span class='ocrx_word' id='word_1_196' title='bbox 496 1763 693 1793; x_wconf 80' lang='lat' dir='ltr'>mandamus</span> <span class='ocrx_word' id='word_1_197' title='bbox 711 1763 880 1802; x_wconf 82' lang='lat' dir='ltr'>quatinus,</span> <span class='ocrx_word' id='word_1_198' title='bbox 895 1764 923 1793; x_wconf 87' lang='lat' dir='ltr'>si</span> <span class='ocrx_word' id='word_1_199' title='bbox 940 1768 989 1793; x_wconf 84' lang='lat' dir='ltr'>est</span> <span class='ocrx_word' id='word_1_200' title='bbox 1006 1764 1063 1799; x_wconf 80' lang='lat' dir='ltr'>ita,</span> <span class='ocrx_word' id='word_1_201' title='bbox 1082 1764 1125 1794; x_wconf 91' lang='lat' dir='ltr'>ei-</span> 
     </span>
     <span class='ocr_line' id='line_1_28' title="bbox 114 1816 1124 1854; baseline 0 -9"><span class='ocrx_word' id='word_1_202' title='bbox 114 1816 188 1846; x_wconf 90' lang='lat' dir='ltr'>dem</span> <span class='ocrx_word' id='word_1_203' title='bbox 207 1816 372 1845; x_wconf 82' lang='lat' dir='ltr'>executori</span> <span class='ocrx_word' id='word_1_204' title='bbox 387 1825 424 1846; x_wconf 79' lang='grc'>011</span> <span class='ocrx_word' id='word_1_205' title='bbox 437 1820 529 1854; x_wconf 82' lang='lat' dir='ltr'>parte</span> <span class='ocrx_word' id='word_1_206' title='bbox 544 1820 667 1851; x_wconf 75' lang='lat' dir='ltr'>nostra,</span> <span class='ocrx_word' id='word_1_207' title='bbox 684 1825 724 1846; x_wconf 91' lang='lat' dir='ltr'>ne</span> <span class='ocrx_word' id='word_1_208' title='bbox 740 1816 780 1846; x_wconf 87' lang='lat' dir='ltr'>ad</span> <span class='ocrx_word' id='word_1_209' title='bbox 793 1816 1021 1846; x_wconf 81' lang='lat' dir='ltr'>executionem</span> <span class='ocrx_word' id='word_1_210' title='bbox 1035 1826 1124 1846; x_wconf 89' lang='lat' dir='ltr'>man-</span> 
     </span>
     <span class='ocr_line' id='line_1_29' title="bbox 113 1869 1125 1907; baseline 0.002 -9"><span class='ocrx_word' id='word_1_211' title='bbox 113 1869 181 1898; x_wconf 87' lang='lat' dir='ltr'>dati</span> <span class='ocrx_word' id='word_1_212' title='bbox 190 1878 289 1907; x_wconf 89' lang='lat' dir='ltr'>super</span> <span class='ocrx_word' id='word_1_213' title='bbox 298 1869 359 1899; x_wconf 91' lang='lat' dir='ltr'>hoc</span> <span class='ocrx_word' id='word_1_214' title='bbox 369 1869 540 1907; x_wconf 88' lang='lat' dir='ltr'>apostolici</span> <span class='ocrx_word' id='word_1_215' title='bbox 549 1869 713 1907; x_wconf 82' lang='lat' dir='ltr'>procedat,</span> <span class='ocrx_word' id='word_1_216' title='bbox 725 1869 878 1900; x_wconf 87' lang='lat' dir='ltr'>inhibere</span> <span class='ocrx_word' id='word_1_217' title='bbox 888 1870 1022 1899; x_wconf 88' lang='lat' dir='ltr'>curetis.</span> <span class='ocrx_word' id='word_1_218' title='bbox 1032 1870 1125 1906; x_wconf 84' lang='lat' dir='ltr'>Quod</span> 
     </span>
     <span class='ocr_line' id='line_1_30' title="bbox 114 1921 1125 1961; baseline 0.002 -10"><span class='ocrx_word' id='word_1_219' title='bbox 114 1921 142 1952; x_wconf 89' lang='lat' dir='ltr'>si</span> <span class='ocrx_word' id='word_1_220' title='bbox 155 1926 228 1960; x_wconf 88' lang='lat' dir='ltr'>post</span> <span class='ocrx_word' id='word_1_221' title='bbox 238 1922 476 1951; x_wconf 81' lang='lat' dir='ltr'>inhibitionem</span> <span class='ocrx_word' id='word_1_222' title='bbox 489 1926 634 1952; x_wconf 84' lang='lat' dir='ltr'>vestram</span> <span class='ocrx_word' id='word_1_223' title='bbox 644 1923 878 1960; x_wconf 76' lang='lat' dir='ltr'>processerint,</span> <span class='ocrx_word' id='word_1_224' title='bbox 892 1931 949 1952; x_wconf 87' lang='lat' dir='ltr'>vos</span> <span class='ocrx_word' id='word_1_225' title='bbox 966 1923 1037 1961; x_wconf 86' lang='lat' dir='ltr'>ejus</span> <span class='ocrx_word' id='word_1_226' title='bbox 1048 1932 1125 1961; x_wconf 88' lang='lat' dir='ltr'>pro-</span> 
     </span>
     <span class='ocr_line' id='line_1_31' title="bbox 113 1974 1123 2006; baseline 0.002 -2"><span class='ocrx_word' id='word_1_227' title='bbox 113 1983 242 2004; x_wconf 86' lang='lat' dir='ltr'>cessum</span> <span class='ocrx_word' id='word_1_228' title='bbox 258 1974 467 2004; x_wconf 84' lang='lat' dir='ltr'>denuncietis</span> <span class='ocrx_word' id='word_1_229' title='bbox 483 1975 616 2005; x_wconf 85' lang='lat' dir='ltr'>irritum</span> <span class='ocrx_word' id='word_1_230' title='bbox 633 1980 665 2005; x_wconf 88' lang='lat' dir='ltr'>et</span> <span class='ocrx_word' id='word_1_231' title='bbox 684 1975 831 2005; x_wconf 84' lang='lat' dir='ltr'>inanem.</span> <span class='ocrx_word' id='word_1_232' title='bbox 851 1976 886 2006; x_wconf 85' lang='lat' dir='ltr'>Si</span> <span class='ocrx_word' id='word_1_233' title='bbox 908 1985 985 2006; x_wconf 83' lang='lat' dir='ltr'>vero</span> <span class='ocrx_word' id='word_1_234' title='bbox 1002 1976 1043 2005; x_wconf 85' lang='lat' dir='ltr'>ad</span> <span class='ocrx_word' id='word_1_235' title='bbox 1059 1976 1123 2006; x_wconf 90' lang='lat' dir='ltr'>hu-</span> 
     </span>
     <span class='ocr_line' id='line_1_32' title="bbox 107 2027 1121 2067; baseline 0.002 -11"><span class='ocrx_word' id='word_1_236' title='bbox 107 2027 254 2066; x_wconf 82' lang='lat' dir='ltr'>jusmodi</span> <span class='ocrx_word' id='word_1_237' title='bbox 275 2028 503 2057; x_wconf 82' lang='lat' dir='ltr'>executionem</span> <span class='ocrx_word' id='word_1_238' title='bbox 518 2028 587 2067; x_wconf 86' lang='lat' dir='ltr'>jam</span> <span class='ocrx_word' id='word_1_239' title='bbox 603 2028 779 2066; x_wconf 77' lang='lat' dir='ltr'>processit,</span> <span class='ocrx_word' id='word_1_240' title='bbox 795 2037 987 2067; x_wconf 87' lang='lat' dir='ltr'>processum</span> <span class='ocrx_word' id='word_1_241' title='bbox 1003 2029 1121 2067; x_wconf 73' lang='lat' dir='ltr'>ipsius,</span> 
     </span>
     <span class='ocr_line' id='line_1_33' title="bbox 113 2079 1122 2119; baseline 0.002 -10"><span class='ocrx_word' id='word_1_242' title='bbox 113 2079 180 2109; x_wconf 88' lang='lat' dir='ltr'>nisi</span> <span class='ocrx_word' id='word_1_243' title='bbox 206 2084 316 2118; x_wconf 84' lang='lat' dir='ltr'>partes</span> <span class='ocrx_word' id='word_1_244' title='bbox 343 2080 450 2110; x_wconf 85' lang='lat' dir='ltr'>eidem</span> <span class='ocrx_word' id='word_1_245' title='bbox 476 2081 648 2119; x_wconf 88' lang='lat' dir='ltr'>processui</span> <span class='ocrx_word' id='word_1_246' title='bbox 672 2081 762 2111; x_wconf 81' lang='lat' dir='ltr'>infra</span> <span class='ocrx_word' id='word_1_247' title='bbox 784 2081 963 2111; x_wconf 84' lang='lat' dir='ltr'>terminum</span> <span class='ocrx_word' id='word_1_248' title='bbox 987 2091 1005 2111; x_wconf 87' lang='lat' dir='ltr'>a</span> <span class='ocrx_word' id='word_1_249' title='bbox 1029 2082 1122 2112; x_wconf 83' lang='lat' dir='ltr'>vobis</span> 
     </span>
     <span class='ocr_line' id='line_1_34' title="bbox 112 2132 1123 2172; baseline 0.004 -11"><span class='ocrx_word' id='word_1_250' title='bbox 112 2132 342 2171; x_wconf 81' lang='lat' dir='ltr'>prefigendum</span> <span class='ocrx_word' id='word_1_251' title='bbox 357 2133 484 2163; x_wconf 86' lang='lat' dir='ltr'>eisdem</span> <span class='ocrx_word' id='word_1_252' title='bbox 499 2134 786 2169; x_wconf 86' lang='lat' dir='ltr'>renunciaverint,</span> <span class='ocrx_word' id='word_1_253' title='bbox 806 2143 862 2164; x_wconf 81' lang='lat' dir='ltr'>vos</span> <span class='ocrx_word' id='word_1_254' title='bbox 885 2134 994 2172; x_wconf 88' lang='lat' dir='ltr'>ipsum</span> <span class='ocrx_word' id='word_1_255' title='bbox 1011 2139 1123 2165; x_wconf 87' lang='lat' dir='ltr'>aucto-</span> 
     </span>
     <span class='ocr_line' id='line_1_35' title="bbox 110 2185 1123 2224; baseline 0.003 -10"><span class='ocrx_word' id='word_1_256' title='bbox 110 2185 209 2215; x_wconf 86' lang='lat' dir='ltr'>ritate</span> <span class='ocrx_word' id='word_1_257' title='bbox 223 2189 335 2215; x_wconf 86' lang='lat' dir='ltr'>nostra</span> <span class='ocrx_word' id='word_1_258' title='bbox 351 2186 484 2224; x_wconf 85' lang='lat' dir='ltr'>penitus</span> <span class='ocrx_word' id='word_1_259' title='bbox 502 2187 677 2216; x_wconf 84' lang='lat' dir='ltr'>revocetis.</span> <span class='ocrx_word' id='word_1_260' title='bbox 693 2187 971 2217; x_wconf 83' lang='lat' dir='ltr'>Contradictores.</span> <span class='ocrx_word' id='word_1_261' title='bbox 987 2187 1080 2224; x_wconf 86' lang='lat' dir='ltr'>Quod</span> <span class='ocrx_word' id='word_1_262' title='bbox 1095 2187 1123 2217; x_wconf 89' lang='lat' dir='ltr'>si</span> 
     </span>
     <span class='ocr_line' id='line_1_36' title="bbox 111 2238 1119 2278; baseline -0.001 -11"><span class='ocrx_word' id='word_1_263' title='bbox 111 2246 178 2268; x_wconf 90' lang='lat' dir='ltr'>non</span> <span class='ocrx_word' id='word_1_264' title='bbox 189 2238 284 2268; x_wconf 81' lang='lat' dir='ltr'>ambo</span> <span class='ocrx_word' id='word_1_265' title='bbox 293 2242 354 2268; x_wconf 90' lang='lat' dir='ltr'>etc.</span> <span class='ocrx_word' id='word_1_266' title='bbox 366 2240 438 2268; x_wconf 83' lang='lat' dir='ltr'>Dat.</span> <span class='ocrx_word' id='word_1_267' title='bbox 450 2239 612 2277; x_wconf 75' lang='lat' dir='ltr'>Anagnie,</span> <span class='ocrx_word' id='word_1_268' title='bbox 623 2240 691 2269; x_wconf 90' lang='lat' dir='ltr'>IIII</span> <span class='ocrx_word' id='word_1_269' title='bbox 700 2239 870 2278; x_wconf 83' lang='lat' dir='ltr'>idusjulii,</span> <span class='ocrx_word' id='word_1_270' title='bbox 882 2248 969 2269; x_wconf 85' lang='lat' dir='ltr'>anno</span> <span class='ocrx_word' id='word_1_271' title='bbox 978 2240 1096 2278; x_wconf 82' lang='lat' dir='ltr'>primo.</span> <span class='ocrx_word' id='word_1_272' title='bbox 1108 2252 1119 2266; x_wconf 65' lang='grc'>1)</span> 
     </span>
    </p>
   </div>
   <div class='ocr_carea' id='block_1_8' title="bbox 182 2417 267 2447">
    <p class='ocr_par' dir='ltr' id='par_1_8' title="bbox 182 2417 267 2447">
     <span class='ocr_line' id='line_1_37' title="bbox 182 2417 267 2447; baseline 0 -1"><span class='ocrx_word' id='word_1_273' title='bbox 182 2417 267 2447; x_wconf 61' lang='grc' dir='ltr'>6οἵ</span> 
     </span>
    </p>
   </div>
   <div class='ocr_carea' id='block_1_9' title="bbox 110 2478 1122 2611">
    <p class='ocr_par' dir='ltr' id='par_1_9' title="bbox 110 2478 1122 2611">
     <span class='ocr_line' id='line_1_38' title="bbox 147 2478 1121 2514; baseline 0.003 -9"><span class='ocrx_word' id='word_1_274' title='bbox 147 2478 285 2513; x_wconf 86' lang='lat' dir='ltr'>Magistro</span> <span class='ocrx_word' id='word_1_275' title='bbox 305 2478 431 2505; x_wconf 81' lang='lat' dir='ltr'>Johanni</span> <span class='ocrx_word' id='word_1_276' title='bbox 456 2479 586 2506; x_wconf 85' lang='lat' dir='ltr'>Romano</span> <span class='ocrx_word' id='word_1_277' title='bbox 609 2480 767 2514; x_wconf 79' lang='lat' dir='ltr'>dispensat,</span> <span class='ocrx_word' id='word_1_278' title='bbox 794 2484 834 2513; x_wconf 76' lang='lat' dir='ltr'>ut,</span> <span class='ocrx_word' id='word_1_279' title='bbox 857 2482 918 2507; x_wconf 82' lang='lat' dir='ltr'>loeo</span> <span class='ocrx_word' id='word_1_280' title='bbox 942 2481 1121 2508; x_wconf 85' lang='lat' dir='ltr'>archidiaco-</span> 
     </span>
     <span class='ocr_line' id='line_1_39' title="bbox 112 2527 1122 2562; baseline 0.003 -8"><span class='ocrx_word' id='word_1_281' title='bbox 112 2530 197 2554; x_wconf 87' lang='lat' dir='ltr'>natus</span> <span class='ocrx_word' id='word_1_282' title='bbox 213 2527 441 2554; x_wconf 82' lang='lat' dir='ltr'>Richemundiae</span> <span class='ocrx_word' id='word_1_283' title='bbox 457 2528 546 2554; x_wconf 88' lang='lat' dir='ltr'>libere</span> <span class='ocrx_word' id='word_1_284' title='bbox 561 2529 709 2562; x_wconf 79' lang='lat' dir='ltr'>resignati,</span> <span class='ocrx_word' id='word_1_285' title='bbox 727 2529 803 2556; x_wconf 88' lang='lat' dir='ltr'>licite</span> <span class='ocrx_word' id='word_1_286' title='bbox 819 2530 1026 2557; x_wconf 82' lang='lat' dir='ltr'>thesaurariam</span> <span class='ocrx_word' id='word_1_287' title='bbox 1043 2530 1122 2557; x_wconf 88' lang='lat' dir='ltr'>Ebo-</span> 
     </span>
     <span class='ocr_line' id='line_1_40' title="bbox 110 2576 935 2611; baseline 0.004 -9"><span class='ocrx_word' id='word_1_288' title='bbox 110 2577 239 2603; x_wconf 84' lang='lat' dir='ltr'>racensis</span> <span class='ocrx_word' id='word_1_289' title='bbox 253 2576 393 2603; x_wconf 86' lang='lat' dir='ltr'>eeclesiae</span> <span class='ocrx_word' id='word_1_290' title='bbox 410 2577 540 2603; x_wconf 87' lang='lat' dir='ltr'>retineat.</span> <span class='ocrx_word' id='word_1_291' title='bbox 561 2577 642 2609; x_wconf 71' lang='lat' dir='ltr'>(Rae.</span> <span class='ocrx_word' id='word_1_292' title='bbox 659 2577 704 2611; x_wconf 63' lang='lat'>24,</span> <span class='ocrx_word' id='word_1_293' title='bbox 722 2586 747 2605; x_wconf 87' lang='lat' dir='ltr'>c.</span> <span class='ocrx_word' id='word_1_294' title='bbox 765 2578 825 2609; x_wconf 77' lang='lat'>500,</span> <span class='ocrx_word' id='word_1_295' title='bbox 843 2579 861 2605; x_wconf 85' lang='lat' dir='ltr'>f.</span> <span class='ocrx_word' id='word_1_296' title='bbox 880 2579 935 2611; x_wconf 84' lang='lat'>73.)</span> 
     </span>
    </p>
   </div>
   <div class='ocr_carea' id='block_1_10' title="bbox 667 2418 1048 2452">
    <p class='ocr_par' dir='ltr' id='par_1_10' title="bbox 667 2418 1048 2452">
     <span class='ocr_line' id='line_1_41' title="bbox 667 2418 1048 2452; baseline 0 -8"><span class='ocrx_word' id='word_1_297' title='bbox 667 2418 792 2452; x_wconf 81' lang='lat' dir='ltr'>Anagni,</span> <span class='ocrx_word' id='word_1_298' title='bbox 812 2419 843 2445; x_wconf 79' lang='lat'>15</span> <span class='ocrx_word' id='word_1_299' title='bbox 856 2419 952 2452; x_wconf 83' lang='lat' dir='ltr'>juillet</span> <span class='ocrx_word' id='word_1_300' title='bbox 970 2419 1048 2446; x_wconf 63' lang='lat'>1255.</span> 
     </span>
    </p>
   </div>
   <div class='ocr_carea' id='block_1_11' title="bbox 110 2678 1121 2927">
    <p class='ocr_par' dir='ltr' id='par_1_11' title="bbox 110 2678 1121 2927">
     <span class='ocr_line' id='line_1_42' title="bbox 153 2678 1121 2715; baseline 0.004 -10"><span class='ocrx_word' id='word_1_301' title='bbox 153 2689 166 2703; x_wconf 86' lang='lat'>«</span> <span class='ocrx_word' id='word_1_302' title='bbox 186 2678 329 2715; x_wconf 71' lang='lat' dir='ltr'>Maqistro</span> <span class='ocrx_word' id='word_1_303' title='bbox 343 2678 480 2707; x_wconf 74' lang='lat' dir='ltr'>Iohanni</span> <span class='ocrx_word' id='word_1_304' title='bbox 498 2679 644 2714; x_wconf 77' lang='lat' dir='ltr'>Romano,</span> <span class='ocrx_word' id='word_1_305' title='bbox 665 2679 858 2715; x_wconf 47' lang='lat' dir='ltr'>thesaurario</span> <span class='ocrx_word' id='word_1_306' title='bbox 874 2681 992 2709; x_wconf 79' lang='lat' dir='ltr'>ecclesie</span> <span class='ocrx_word' id='word_1_307' title='bbox 1008 2680 1121 2709; x_wconf 75' lang='lat' dir='ltr'>Ebora-</span> 
     </span>
     <span class='ocr_line' id='line_1_43' title="bbox 111 2730 1121 2771; baseline 0.001 -11"><span class='ocrx_word' id='word_1_308' title='bbox 111 2731 217 2760; x_wconf 76' lang='lat' dir='ltr'>eensis.</span> <span class='ocrx_word' id='word_1_309' title='bbox 236 2730 365 2759; x_wconf 76' lang='lat' dir='ltr'>Affectu</span> <span class='ocrx_word' id='word_1_310' title='bbox 378 2730 601 2761; x_wconf 86' lang='lat' dir='ltr'>benivolentie</span> <span class='ocrx_word' id='word_1_311' title='bbox 617 2731 770 2769; x_wconf 83' lang='lat' dir='ltr'>specialis</span> <span class='ocrx_word' id='word_1_312' title='bbox 784 2732 859 2763; x_wconf 83' lang='lat' dir='ltr'>illos</span> <span class='ocrx_word' id='word_1_313' title='bbox 874 2733 1032 2763; x_wconf 82' lang='lat' dir='ltr'>debemus</span> <span class='ocrx_word' id='word_1_314' title='bbox 1046 2742 1121 2771; x_wconf 90' lang='lat' dir='ltr'>pro-</span> 
     </span>
     <span class='ocr_line' id='line_1_44' title="bbox 111 2783 1121 2823; baseline 0.002 -10"><span class='ocrx_word' id='word_1_315' title='bbox 111 2783 216 2821; x_wconf 84' lang='lat' dir='ltr'>sequi,</span> <span class='ocrx_word' id='word_1_316' title='bbox 235 2783 291 2821; x_wconf 80' lang='lat' dir='ltr'>qui</span> <span class='ocrx_word' id='word_1_317' title='bbox 309 2783 404 2813; x_wconf 89' lang='lat' dir='ltr'>nohis</span> <span class='ocrx_word' id='word_1_318' title='bbox 421 2787 453 2813; x_wconf 82' lang='lat' dir='ltr'>et.</span> <span class='ocrx_word' id='word_1_319' title='bbox 468 2783 615 2814; x_wconf 83' lang='lat' dir='ltr'>Ecclesie</span> <span class='ocrx_word' id='word_1_320' title='bbox 629 2793 687 2823; x_wconf 88' lang='lat' dir='ltr'>per</span> <span class='ocrx_word' id='word_1_321' title='bbox 700 2785 808 2823; x_wconf 87' lang='lat' dir='ltr'>operis</span> <span class='ocrx_word' id='word_1_322' title='bbox 826 2786 1026 2815; x_wconf 82' lang='lat' dir='ltr'>evidentiam</span> <span class='ocrx_word' id='word_1_323' title='bbox 1044 2790 1121 2815; x_wconf 89' lang='lat' dir='ltr'>sunt</span> 
     </span>
     <span class='ocr_line' id='line_1_45' title="bbox 111 2836 1120 2878; baseline 0.001 -12"><span class='ocrx_word' id='word_1_324' title='bbox 111 2836 234 2871; x_wconf 85' lang='lat' dir='ltr'>devoti,</span> <span class='ocrx_word' id='word_1_325' title='bbox 253 2845 326 2867; x_wconf 89' lang='lat' dir='ltr'>cum</span> <span class='ocrx_word' id='word_1_326' title='bbox 346 2845 383 2867; x_wconf 80' lang='lat' dir='ltr'>ex</span> <span class='ocrx_word' id='word_1_327' title='bbox 405 2836 466 2866; x_wconf 88' lang='lat' dir='ltr'>hoc</span> <span class='ocrx_word' id='word_1_328' title='bbox 483 2837 525 2866; x_wconf 83' lang='lat' dir='ltr'>sit</span> <span class='ocrx_word' id='word_1_329' title='bbox 545 2838 720 2875; x_wconf 88' lang='lat' dir='ltr'>provenire</span> <span class='ocrx_word' id='word_1_330' title='bbox 743 2838 877 2869; x_wconf 84' lang='lat' dir='ltr'>solitum</span> <span class='ocrx_word' id='word_1_331' title='bbox 901 2839 987 2878; x_wconf 86' lang='lat' dir='ltr'>quod</span> <span class='ocrx_word' id='word_1_332' title='bbox 1007 2848 1120 2869; x_wconf 88' lang='lat' dir='ltr'>eorum</span> 
     </span>
     <span class='ocr_line' id='line_1_46' title="bbox 110 2889 1121 2927; baseline 0.002 -9"><span class='ocrx_word' id='word_1_333' title='bbox 110 2889 239 2919; x_wconf 86' lang='lat' dir='ltr'>devotio</span> <span class='ocrx_word' id='word_1_334' title='bbox 254 2889 288 2918; x_wconf 93' lang='lat' dir='ltr'>in</span> <span class='ocrx_word' id='word_1_335' title='bbox 306 2893 521 2927; x_wconf 83' lang='lat' dir='ltr'>augmentum</span> <span class='ocrx_word' id='word_1_336' title='bbox 541 2889 714 2920; x_wconf 86' lang='lat' dir='ltr'>deducitur</span> <span class='ocrx_word' id='word_1_337' title='bbox 730 2895 761 2921; x_wconf 87' lang='lat' dir='ltr'>et</span> <span class='ocrx_word' id='word_1_338' title='bbox 785 2891 842 2921; x_wconf 88' lang='lat' dir='ltr'>alii</span> <span class='ocrx_word' id='word_1_339' title='bbox 865 2892 905 2921; x_wconf 87' lang='lat' dir='ltr'>ad</span> <span class='ocrx_word' id='word_1_340' title='bbox 927 2891 1121 2922; x_wconf 84' lang='lat' dir='ltr'>fidelitatem</span> 
     </span>
    </p>
   </div>
   <div class='ocr_carea' id='block_1_12' title="bbox 232 2955 601 2985">
    <p class='ocr_par' dir='ltr' id='par_1_12' title="bbox 232 2955 601 2985">
     <span class='ocr_line' id='line_1_47' title="bbox 232 2955 601 2985; baseline 0.005 -6"><span class='ocrx_word' id='word_1_341' title='bbox 232 2955 456 2979; x_wconf 79' lang='lat' dir='ltr'>ALEXANDRE</span> <span class='ocrx_word' id='word_1_342' title='bbox 474 2955 522 2985; x_wconf 86' lang='lat' dir='ltr'>IV,</span> <span class='ocrx_word' id='word_1_343' title='bbox 540 2958 559 2980; x_wconf 83' lang='lat' dir='ltr'>t.</span> <span class='ocrx_word' id='word_1_344' title='bbox 579 2955 601 2982; x_wconf 79' lang='grc' dir='ltr'>Ι.</span> 
     </span>
    </p>
   </div>
   <div class='ocr_carea' id='block_1_13' title="bbox 1205 304 2217 1344">
    <p class='ocr_par' dir='ltr' id='par_1_13' title="bbox 1205 304 2217 1344">
     <span class='ocr_line' id='line_1_48' title="bbox 1207 304 2211 345; baseline 0.006 -13"><span class='ocrx_word' id='word_1_345' title='bbox 1207 304 1453 343; x_wconf 78' lang='lat' dir='ltr'>obsequendam</span> <span class='ocrx_word' id='word_1_346' title='bbox 1468 307 1588 336; x_wconf 84' lang='lat' dir='ltr'>fortius</span> <span class='ocrx_word' id='word_1_347' title='bbox 1601 307 1802 341; x_wconf 82' lang='lat' dir='ltr'>animantur.</span> <span class='ocrx_word' id='word_1_348' title='bbox 1818 308 1903 337; x_wconf 81' lang='lat' dir='ltr'>Sane</span> <span class='ocrx_word' id='word_1_349' title='bbox 1917 307 2031 345; x_wconf 86' lang='lat' dir='ltr'>petitio</span> <span class='ocrx_word' id='word_1_350' title='bbox 2045 312 2098 337; x_wconf 84' lang='lat' dir='ltr'>tua</span> <span class='ocrx_word' id='word_1_351' title='bbox 2116 309 2211 338; x_wconf 84' lang='lat' dir='ltr'>nobis</span> 
     </span>
     <span class='ocr_line' id='line_1_49' title="bbox 1208 356 2212 399; baseline 0.005 -15"><span class='ocrx_word' id='word_1_352' title='bbox 1208 356 1355 386; x_wconf 82' lang='lat' dir='ltr'>exhibita</span> <span class='ocrx_word' id='word_1_353' title='bbox 1377 358 1566 388; x_wconf 83' lang='lat' dir='ltr'>continebat</span> <span class='ocrx_word' id='word_1_354' title='bbox 1589 359 1675 397; x_wconf 86' lang='lat' dir='ltr'>quod</span> <span class='ocrx_word' id='word_1_355' title='bbox 1696 359 1804 388; x_wconf 77' lang='lat' dir='ltr'>felicis</span> <span class='ocrx_word' id='word_1_356' title='bbox 1828 360 2066 389; x_wconf 81' lang='lat' dir='ltr'>recordationis</span> <span class='ocrx_word' id='word_1_357' title='bbox 2086 362 2111 390; x_wconf 88' lang='grc' dir='ltr'>Ι.</span> <span class='ocrx_word' id='word_1_358' title='bbox 2130 370 2212 399; x_wconf 87' lang='lat' dir='ltr'>papa</span> 
     </span>
     <span class='ocr_line' id='line_1_50' title="bbox 1207 408 2212 451; baseline 0.006 -14"><span class='ocrx_word' id='word_1_359' title='bbox 1207 408 1419 445; x_wconf 85' lang='lat' dir='ltr'>predecessor</span> <span class='ocrx_word' id='word_1_360' title='bbox 1431 415 1542 440; x_wconf 77' lang='lat' dir='ltr'>noster</span> <span class='ocrx_word' id='word_1_361' title='bbox 1553 415 1661 440; x_wconf 80' lang='lat' dir='ltr'>tecum</span> <span class='ocrx_word' id='word_1_362' title='bbox 1676 411 1869 441; x_wconf 80' lang='lat' dir='ltr'>auctoritate</span> <span class='ocrx_word' id='word_1_363' title='bbox 1885 412 2062 449; x_wconf 81' lang='lat' dir='ltr'>apostolica</span> <span class='ocrx_word' id='word_1_364' title='bbox 2079 413 2212 451; x_wconf 87' lang='lat' dir='ltr'>dispen-</span> 
     </span>
     <span class='ocr_line' id='line_1_51' title="bbox 1208 463 2212 498; baseline 0.006 -7"><span class='ocrx_word' id='word_1_365' title='bbox 1208 463 1309 498; x_wconf 87' lang='lat' dir='ltr'>savit,</span> <span class='ocrx_word' id='word_1_366' title='bbox 1335 468 1370 492; x_wconf 93' lang='lat' dir='ltr'>ut</span> <span class='ocrx_word' id='word_1_367' title='bbox 1391 465 1695 495; x_wconf 80' lang='lat' dir='ltr'>archidiaconatum</span> <span class='ocrx_word' id='word_1_368' title='bbox 1718 465 1975 497; x_wconf 76' lang='lat' dir='ltr'>Richemundio.</span> <span class='ocrx_word' id='word_1_369' title='bbox 1995 467 2212 497; x_wconf 81' lang='lat' dir='ltr'>Ehoracensis</span> 
     </span>
     <span class='ocr_line' id='line_1_52' title="bbox 1208 515 2213 555; baseline 0.005 -11"><span class='ocrx_word' id='word_1_370' title='bbox 1208 515 1361 551; x_wconf 75' lang='lat' dir='ltr'>diocesis,</span> <span class='ocrx_word' id='word_1_371' title='bbox 1380 526 1477 555; x_wconf 79' lang='lat' dir='ltr'>quem</span> <span class='ocrx_word' id='word_1_372' title='bbox 1492 521 1569 546; x_wconf 87' lang='grc'><strong>111110</strong></span> <span class='ocrx_word' id='word_1_373' title='bbox 1584 517 1768 551; x_wconf 78' lang='lat' dir='ltr'>obtinebas,</span> <span class='ocrx_word' id='word_1_374' title='bbox 1785 526 1858 546; x_wconf 86' lang='lat' dir='ltr'>cum</span> <span class='ocrx_word' id='word_1_375' title='bbox 1874 517 1948 547; x_wconf 88' lang='lat' dir='ltr'>aliis</span> <span class='ocrx_word' id='word_1_376' title='bbox 1962 518 2133 549; x_wconf 79' lang='lat' dir='ltr'>beneficiis</span> <span class='ocrx_word' id='word_1_377' title='bbox 2147 519 2213 549; x_wconf 85' lang='lat' dir='ltr'>tuis</span> 
     </span>
     <span class='ocr_line' id='line_1_53' title="bbox 1208 567 2212 606; baseline 0.005 -10"><span class='ocrx_word' id='word_1_378' title='bbox 1208 576 1322 605; x_wconf 88' lang='lat' dir='ltr'>posses</span> <span class='ocrx_word' id='word_1_379' title='bbox 1348 567 1438 598; x_wconf 84' lang='lat' dir='ltr'>licite</span> <span class='ocrx_word' id='word_1_380' title='bbox 1461 569 1616 598; x_wconf 87' lang='lat' dir='ltr'>retinere.</span> <span class='ocrx_word' id='word_1_381' title='bbox 1639 569 1723 604; x_wconf 85' lang='lat' dir='ltr'>Quia</span> <span class='ocrx_word' id='word_1_382' title='bbox 1746 578 1822 598; x_wconf 82' lang='lat' dir='ltr'>vero</span> <span class='ocrx_word' id='word_1_383' title='bbox 1843 574 1974 606; x_wconf 77' lang='lat' dir='ltr'>propter</span> <span class='ocrx_word' id='word_1_384' title='bbox 1997 570 2136 600; x_wconf 79' lang='lat' dir='ltr'>liberam</span> <span class='ocrx_word' id='word_1_385' title='bbox 2160 580 2212 601; x_wconf 87' lang='lat' dir='ltr'>re-</span> 
     </span>
     <span class='ocr_line' id='line_1_54' title="bbox 1209 619 2214 658; baseline 0.006 -10"><span class='ocrx_word' id='word_1_386' title='bbox 1209 619 1432 657; x_wconf 83' lang='lat' dir='ltr'>signationem</span> <span class='ocrx_word' id='word_1_387' title='bbox 1448 620 1555 658; x_wconf 85' lang='lat' dir='ltr'>ipsius</span> <span class='ocrx_word' id='word_1_388' title='bbox 1570 620 1858 650; x_wconf 80' lang='lat' dir='ltr'>archidiaconatus</span> <span class='ocrx_word' id='word_1_389' title='bbox 1875 620 2117 651; x_wconf 78' lang='lat' dir='ltr'>thesaurariam</span> <span class='ocrx_word' id='word_1_390' title='bbox 2129 624 2214 654; x_wconf 85' lang='lat' dir='ltr'>Ebo-</span> 
     </span>
     <span class='ocr_line' id='line_1_55' title="bbox 1208 672 2215 714; baseline 0.005 -14"><span class='ocrx_word' id='word_1_391' title='bbox 1208 672 1357 701; x_wconf 86' lang='lat' dir='ltr'>racensis</span> <span class='ocrx_word' id='word_1_392' title='bbox 1380 672 1518 702; x_wconf 80' lang='lat' dir='ltr'>ecclesie</span> <span class='ocrx_word' id='word_1_393' title='bbox 1542 682 1576 702; x_wconf 86' lang='lat' dir='ltr'>es</span> <span class='ocrx_word' id='word_1_394' title='bbox 1603 673 1757 710; x_wconf 81' lang='lat' dir='ltr'>adeptus,</span> <span class='ocrx_word' id='word_1_395' title='bbox 1779 672 1874 701; x_wconf 81' lang='lat' dir='ltr'>nohis</span> <span class='ocrx_word' id='word_1_396' title='bbox 1896 673 2068 703; x_wconf 82' lang='lat' dir='ltr'>humiliter</span> <span class='ocrx_word' id='word_1_397' title='bbox 2089 675 2215 714; x_wconf 86' lang='lat' dir='ltr'>suppli-</span> 
     </span>
     <span class='ocr_line' id='line_1_56' title="bbox 1209 723 2213 762; baseline 0.003 -8"><span class='ocrx_word' id='word_1_398' title='bbox 1209 723 1303 758; x_wconf 76' lang='lat' dir='ltr'>casti,</span> <span class='ocrx_word' id='word_1_399' title='bbox 1320 728 1356 753; x_wconf 88' lang='lat' dir='ltr'>ut</span> <span class='ocrx_word' id='word_1_400' title='bbox 1381 724 1440 753; x_wconf 80' lang='lat' dir='ltr'>tihi</span> <span class='ocrx_word' id='word_1_401' title='bbox 1460 724 1638 754; x_wconf 79' lang='lat' dir='ltr'>concedere</span> <span class='ocrx_word' id='word_1_402' title='bbox 1661 733 1852 754; x_wconf 86' lang='lat' dir='ltr'>curaremus</span> <span class='ocrx_word' id='word_1_403' title='bbox 1870 726 1956 762; x_wconf 84' lang='lat' dir='ltr'>quod</span> <span class='ocrx_word' id='word_1_404' title='bbox 1972 725 2213 757; x_wconf 82' lang='lat' dir='ltr'>thesaurariam</span> 
     </span>
     <span class='ocr_line' id='line_1_57' title="bbox 1209 776 2214 815; baseline 0.003 -9"><span class='ocrx_word' id='word_1_405' title='bbox 1209 777 1347 807; x_wconf 86' lang='lat' dir='ltr'>eandem</span> <span class='ocrx_word' id='word_1_406' title='bbox 1364 776 1433 806; x_wconf 92' lang='lat' dir='ltr'>loco</span> <span class='ocrx_word' id='word_1_407' title='bbox 1452 776 1531 806; x_wconf 88' lang='lat' dir='ltr'>dicti</span> <span class='ocrx_word' id='word_1_408' title='bbox 1547 777 1835 806; x_wconf 83' lang='lat' dir='ltr'>archidiaconatus</span> <span class='ocrx_word' id='word_1_409' title='bbox 1851 786 1965 815; x_wconf 89' lang='lat' dir='ltr'>posses</span> <span class='ocrx_word' id='word_1_410' title='bbox 1979 779 2134 809; x_wconf 78' lang='lat' dir='ltr'>retinere.</span> <span class='ocrx_word' id='word_1_411' title='bbox 2147 781 2214 809; x_wconf 86' lang='lat' dir='ltr'>Nos</span> 
     </span>
     <span class='ocr_line' id='line_1_58' title="bbox 1208 829 2214 868; baseline 0.002 -9"><span class='ocrx_word' id='word_1_412' title='bbox 1208 830 1320 868; x_wconf 82' lang='lat' dir='ltr'>itaque</span> <span class='ocrx_word' id='word_1_413' title='bbox 1338 830 1545 860; x_wconf 84' lang='lat' dir='ltr'>attendentes</span> <span class='ocrx_word' id='word_1_414' title='bbox 1568 833 1620 859; x_wconf 88' lang='lat' dir='ltr'>tue</span> <span class='ocrx_word' id='word_1_415' title='bbox 1645 829 1830 859; x_wconf 82' lang='lat' dir='ltr'>devotionis</span> <span class='ocrx_word' id='word_1_416' title='bbox 1852 830 2021 863; x_wconf 75' lang='lat' dir='ltr'>affectum,</span> <span class='ocrx_word' id='word_1_417' title='bbox 2040 835 2073 860; x_wconf 87' lang='grc'>111</span> <span class='ocrx_word' id='word_1_418' title='bbox 2095 832 2214 861; x_wconf 86' lang='lat' dir='ltr'>dictam</span> 
     </span>
     <span class='ocr_line' id='line_1_59' title="bbox 1208 882 2215 921; baseline 0.001 -9"><span class='ocrx_word' id='word_1_419' title='bbox 1208 883 1451 913; x_wconf 86' lang='lat' dir='ltr'>thesaurariam</span> <span class='ocrx_word' id='word_1_420' title='bbox 1466 882 1535 912; x_wconf 90' lang='lat' dir='ltr'>loco</span> <span class='ocrx_word' id='word_1_421' title='bbox 1554 882 1702 921; x_wconf 85' lang='lat' dir='ltr'>ejusdem</span> <span class='ocrx_word' id='word_1_422' title='bbox 1718 882 2006 912; x_wconf 83' lang='lat' dir='ltr'>archidiaconatus</span> <span class='ocrx_word' id='word_1_423' title='bbox 2023 883 2129 921; x_wconf 81' lang='lat' dir='ltr'>possis</span> <span class='ocrx_word' id='word_1_424' title='bbox 2142 893 2215 913; x_wconf 88' lang='grc'><strong>011111</strong></span> 
     </span>
     <span class='ocr_line' id='line_1_60' title="bbox 1209 935 2215 965; baseline 0 -1"><span class='ocrx_word' id='word_1_425' title='bbox 1209 935 1284 965; x_wconf 84' lang='lat' dir='ltr'>aliis</span> <span class='ocrx_word' id='word_1_426' title='bbox 1311 935 1482 965; x_wconf 84' lang='lat' dir='ltr'>beneficiis</span> <span class='ocrx_word' id='word_1_427' title='bbox 1510 935 1576 964; x_wconf 88' lang='lat' dir='ltr'>tuis</span> <span class='ocrx_word' id='word_1_428' title='bbox 1602 939 1632 964; x_wconf 89' lang='lat' dir='ltr'>et</span> <span class='ocrx_word' id='word_1_429' title='bbox 1661 943 1773 964; x_wconf 78' lang='lat' dir='ltr'>curam</span> <span class='ocrx_word' id='word_1_430' title='bbox 1801 935 1987 964; x_wconf 87' lang='lat' dir='ltr'>animarum</span> <span class='ocrx_word' id='word_1_431' title='bbox 2015 936 2215 965; x_wconf 59' lang='lat' dir='ltr'>habentibus·</span> 
     </span>
     <span class='ocr_line' id='line_1_61' title="bbox 1205 987 2216 1027; baseline -0.001 -9"><span class='ocrx_word' id='word_1_432' title='bbox 1205 989 1299 1027; x_wconf 80' lang='lat' dir='ltr'>juxta</span> <span class='ocrx_word' id='word_1_433' title='bbox 1314 988 1460 1026; x_wconf 79' lang='lat' dir='ltr'>predicte</span> <span class='ocrx_word' id='word_1_434' title='bbox 1476 987 1735 1025; x_wconf 81' lang='lat' dir='ltr'>dispensationis</span> <span class='ocrx_word' id='word_1_435' title='bbox 1751 987 1857 1025; x_wconf 85' lang='lat' dir='ltr'>ipsius</span> <span class='ocrx_word' id='word_1_436' title='bbox 1872 992 2018 1017; x_wconf 83' lang='lat' dir='ltr'>tenorem</span> <span class='ocrx_word' id='word_1_437' title='bbox 2033 987 2122 1017; x_wconf 73' lang='lat' dir='ltr'>licite</span> <span class='ocrx_word' id='word_1_438' title='bbox 2136 988 2216 1017; x_wconf 81' lang='lat' dir='ltr'>reti-</span> 
     </span>
     <span class='ocr_line' id='line_1_62' title="bbox 1210 1040 2216 1078; baseline -0.001 -7"><span class='ocrx_word' id='word_1_439' title='bbox 1210 1050 1303 1076; x_wconf 89' lang='lat' dir='ltr'>nere,</span> <span class='ocrx_word' id='word_1_440' title='bbox 1324 1041 1560 1070; x_wconf 84' lang='lat' dir='ltr'>constitutione</span> <span class='ocrx_word' id='word_1_441' title='bbox 1583 1040 1748 1078; x_wconf 75' lang='lat' dir='ltr'>generalis</span> <span class='ocrx_word' id='word_1_442' title='bbox 1765 1040 1897 1069; x_wconf 73' lang='lat' dir='ltr'>concilii</span> <span class='ocrx_word' id='word_1_443' title='bbox 1919 1050 2017 1078; x_wconf 77' lang='lat' dir='ltr'>super</span> <span class='ocrx_word' id='word_1_444' title='bbox 2033 1040 2094 1070; x_wconf 85' lang='lat' dir='ltr'>hoc</span> <span class='ocrx_word' id='word_1_445' title='bbox 2111 1040 2216 1070; x_wconf 79' lang='lat' dir='ltr'>edicta</span> 
     </span>
     <span class='ocr_line' id='line_1_63' title="bbox 1210 1092 2217 1131; baseline 0 -8"><span class='ocrx_word' id='word_1_446' title='bbox 1210 1103 1275 1124; x_wconf 90' lang='lat' dir='ltr'>non</span> <span class='ocrx_word' id='word_1_447' title='bbox 1300 1094 1469 1125; x_wconf 73' lang='lat' dir='ltr'>obstante,</span> <span class='ocrx_word' id='word_1_448' title='bbox 1495 1097 1603 1122; x_wconf 77' lang='lat' dir='ltr'>tecum</span> <span class='ocrx_word' id='word_1_449' title='bbox 1627 1093 1821 1122; x_wconf 77' lang='lat' dir='ltr'>auctoritate</span> <span class='ocrx_word' id='word_1_450' title='bbox 1844 1092 2024 1130; x_wconf 72' lang='lat' dir='ltr'>apostolica</span> <span class='ocrx_word' id='word_1_451' title='bbox 2045 1093 2217 1131; x_wconf 78' lang='lat' dir='ltr'>dispensa-</span> 
     </span>
     <span class='ocr_line' id='line_1_64' title="bbox 1210 1145 2217 1185; baseline -0.001 -9"><span class='ocrx_word' id='word_1_452' title='bbox 1210 1156 1303 1181; x_wconf 70' lang='lat' dir='ltr'>mus,</span> <span class='ocrx_word' id='word_1_453' title='bbox 1335 1146 1466 1185; x_wconf 83' lang='lat' dir='ltr'>proviso</span> <span class='ocrx_word' id='word_1_454' title='bbox 1495 1146 1581 1184; x_wconf 83' lang='lat' dir='ltr'>quod</span> <span class='ocrx_word' id='word_1_455' title='bbox 1609 1145 1818 1175; x_wconf 75' lang='lat' dir='ltr'>thesauraria</span> <span class='ocrx_word' id='word_1_456' title='bbox 1850 1149 1880 1175; x_wconf 79' lang='lat' dir='ltr'>et</span> <span class='ocrx_word' id='word_1_457' title='bbox 1909 1145 2069 1174; x_wconf 71' lang='lat' dir='ltr'>beneficia</span> <span class='ocrx_word' id='word_1_458' title='bbox 2100 1145 2217 1183; x_wconf 74' lang='lat' dir='ltr'>liujus—</span> 
     </span>
     <span class='ocr_line' id='line_1_65' title="bbox 1209 1198 2216 1237; baseline -0.001 -8"><span class='ocrx_word' id='word_1_459' title='bbox 1209 1200 1297 1229; x_wconf 83' lang='lat' dir='ltr'>modi</span> <span class='ocrx_word' id='word_1_460' title='bbox 1316 1199 1437 1229; x_wconf 85' lang='lat' dir='ltr'>debitis</span> <span class='ocrx_word' id='word_1_461' title='bbox 1456 1204 1517 1229; x_wconf 79' lang='lat' dir='ltr'>etc.</span> <span class='ocrx_word' id='word_1_462' title='bbox 1534 1208 1639 1237; x_wconf 81' lang='lat' dir='ltr'>usque</span> <span class='ocrx_word' id='word_1_463' title='bbox 1659 1209 1664 1227; x_wconf 92' lang='lat'>:</span> <span class='ocrx_word' id='word_1_464' title='bbox 1683 1199 1879 1236; x_wconf 73' lang='lat' dir='ltr'>negligatur.</span> <span class='ocrx_word' id='word_1_465' title='bbox 1906 1198 1998 1228; x_wconf 80' lang='lat' dir='ltr'>Nulli</span> <span class='ocrx_word' id='word_1_466' title='bbox 2024 1203 2084 1228; x_wconf 78' lang='lat' dir='ltr'>ele.</span> <span class='ocrx_word' id='word_1_467' title='bbox 2107 1203 2216 1228; x_wconf 84' lang='lat' dir='ltr'>nostre</span> 
     </span>
     <span class='ocr_line' id='line_1_66' title="bbox 1209 1251 2216 1291; baseline -0.002 -10"><span class='ocrx_word' id='word_1_468' title='bbox 1209 1252 1470 1291; x_wconf 71' lang='lat' dir='ltr'>dispensationis</span> <span class='ocrx_word' id='word_1_469' title='bbox 1495 1256 1555 1281; x_wconf 75' lang='lat' dir='ltr'>etc.</span> <span class='ocrx_word' id='word_1_470' title='bbox 1582 1252 1655 1281; x_wconf 78' lang='lat' dir='ltr'>Dat.</span> <span class='ocrx_word' id='word_1_471' title='bbox 1682 1252 1851 1289; x_wconf 47' lang='grc' dir='ltr'>Δ1111151110,</span> <span class='ocrx_word' id='word_1_472' title='bbox 1879 1251 1989 1280; x_wconf 79' lang='lat' dir='ltr'>idibus</span> <span class='ocrx_word' id='word_1_473' title='bbox 2009 1251 2103 1289; x_wconf 83' lang='lat' dir='ltr'>julii.</span> <span class='ocrx_word' id='word_1_474' title='bbox 2131 1260 2216 1280; x_wconf 84' lang='lat' dir='ltr'>anno</span> 
     </span>
     <span class='ocr_line' id='line_1_67' title="bbox 1208 1315 1361 1344; baseline 0 -10"><span class='ocrx_word' id='word_1_475' title='bbox 1208 1315 1324 1344; x_wconf 77' lang='lat' dir='ltr'>primo.</span> <span class='ocrx_word' id='word_1_476' title='bbox 1349 1317 1361 1331; x_wconf 82' lang='lat'>»</span> 
     </span>
    </p>
   </div>
   <div class='ocr_carea' id='block_1_14' title="bbox 1281 1470 1676 1500">
    <p class='ocr_par' dir='ltr' id='par_1_14' title="bbox 1281 1470 1676 1500">
     <span class='ocr_line' id='line_1_68' title="bbox 1281 1470 1676 1500; baseline 0.005 -2"><span class='ocrx_word' id='word_1_477' title='bbox 1281 1470 1369 1498; x_wconf 85' lang='grc'>608</span> <span class='ocrx_word' id='word_1_478' title='bbox 1664 1497 1676 1500; x_wconf 66' lang='grc'><strong><em>,</em></strong></span> 
     </span>
    </p>
   </div>
   <div class='ocr_carea' id='block_1_15' title="bbox 1208 1530 2218 1905">
    <p class='ocr_par' dir='ltr' id='par_1_15' title="bbox 1208 1530 2218 1905">
     <span class='ocr_line' id='line_1_69' title="bbox 1247 1530 2214 1566; baseline -0.004 -7"><span class='ocrx_word' id='word_1_479' title='bbox 1247 1532 1338 1559; x_wconf 85' lang='lat' dir='ltr'>Priori</span> <span class='ocrx_word' id='word_1_480' title='bbox 1354 1536 1382 1558; x_wconf 86' lang='lat' dir='ltr'>et</span> <span class='ocrx_word' id='word_1_481' title='bbox 1397 1532 1520 1566; x_wconf 84' lang='lat' dir='ltr'>capitulo</span> <span class='ocrx_word' id='word_1_482' title='bbox 1537 1531 1708 1557; x_wconf 81' lang='lat' dir='ltr'>cathedralis</span> <span class='ocrx_word' id='word_1_483' title='bbox 1723 1531 1863 1557; x_wconf 85' lang='lat' dir='ltr'>ecclesiae</span> <span class='ocrx_word' id='word_1_484' title='bbox 1878 1530 1907 1556; x_wconf 81' lang='lat' dir='ltr'>S.</span> <span class='ocrx_word' id='word_1_485' title='bbox 1922 1531 2055 1556; x_wconf 74' lang='lat' dir='ltr'>Andreae</span> <span class='ocrx_word' id='word_1_486' title='bbox 2068 1531 2095 1556; x_wconf 88' lang='lat' dir='ltr'>in</span> <span class='ocrx_word' id='word_1_487' title='bbox 2109 1531 2214 1563; x_wconf 71' lang='lat' dir='ltr'>scotia,</span> 
     </span>
     <span class='ocr_line' id='line_1_70' title="bbox 1209 1577 2214 1615; baseline -0.005 -7"><span class='ocrx_word' id='word_1_488' title='bbox 1209 1582 1349 1615; x_wconf 72' lang='lat' dir='ltr'>indulget,</span> <span class='ocrx_word' id='word_1_489' title='bbox 1374 1585 1413 1611; x_wconf 92' lang='lat' dir='ltr'>ut,</span> <span class='ocrx_word' id='word_1_490' title='bbox 1438 1589 1487 1615; x_wconf 87' lang='lat' dir='ltr'>pro</span> <span class='ocrx_word' id='word_1_491' title='bbox 1511 1588 1544 1606; x_wconf 92' lang='lat' dir='ltr'>eo</span> <span class='ocrx_word' id='word_1_492' title='bbox 1563 1579 1639 1614; x_wconf 87' lang='lat' dir='ltr'>quod</span> <span class='ocrx_word' id='word_1_493' title='bbox 1657 1580 1683 1605; x_wconf 87' lang='lat' dir='ltr'>in</span> <span class='ocrx_word' id='word_1_494' title='bbox 1706 1579 1846 1605; x_wconf 86' lang='lat' dir='ltr'>electione</span> <span class='ocrx_word' id='word_1_495' title='bbox 1869 1579 1948 1604; x_wconf 86' lang='lat' dir='ltr'>beate</span> <span class='ocrx_word' id='word_1_496' title='bbox 1970 1579 2105 1604; x_wconf 81' lang='lat' dir='ltr'>memorie</span> <span class='ocrx_word' id='word_1_497' title='bbox 2124 1577 2214 1604; x_wconf 89' lang='lat' dir='ltr'>David</span> 
     </span>
     <span class='ocr_line' id='line_1_71' title="bbox 1209 1626 2214 1665; baseline -0.004 -9"><span class='ocrx_word' id='word_1_498' title='bbox 1209 1630 1338 1665; x_wconf 86' lang='lat' dir='ltr'>episcopi</span> <span class='ocrx_word' id='word_1_499' title='bbox 1358 1629 1388 1655; x_wconf 84' lang='lat' dir='ltr'>S.</span> <span class='ocrx_word' id='word_1_500' title='bbox 1409 1629 1543 1655; x_wconf 86' lang='lat' dir='ltr'>Andreae</span> <span class='ocrx_word' id='word_1_501' title='bbox 1564 1628 1638 1654; x_wconf 89' lang='lat' dir='ltr'>duos</span> <span class='ocrx_word' id='word_1_502' title='bbox 1658 1628 1692 1653; x_wconf 90' lang='lat' dir='ltr'>de</span> <span class='ocrx_word' id='word_1_503' title='bbox 1716 1627 1851 1653; x_wconf 78' lang='lat' dir='ltr'>Kaledeis</span> <span class='ocrx_word' id='word_1_504' title='bbox 1871 1626 2010 1660; x_wconf 80' lang='lat' dir='ltr'>[Culdees]</span> <span class='ocrx_word' id='word_1_505' title='bbox 2035 1626 2174 1653; x_wconf 79' lang='lat' dir='ltr'>ecclesiae</span> <span class='ocrx_word' id='word_1_506' title='bbox 2191 1635 2214 1652; x_wconf 88' lang='lat' dir='ltr'>s.</span> 
     </span>
     <span class='ocr_line' id='line_1_72' title="bbox 1209 1675 2217 1707; baseline -0.003 -3"><span class='ocrx_word' id='word_1_507' title='bbox 1209 1678 1315 1705; x_wconf 83' lang='lat' dir='ltr'>Mariae</span> <span class='ocrx_word' id='word_1_508' title='bbox 1331 1678 1364 1704; x_wconf 89' lang='lat' dir='ltr'>de</span> <span class='ocrx_word' id='word_1_509' title='bbox 1381 1677 1549 1705; x_wconf 84' lang='lat' dir='ltr'>Kiltemont.</span> <span class='ocrx_word' id='word_1_510' title='bbox 1567 1676 1692 1702; x_wconf 86' lang='lat' dir='ltr'>civitatis</span> <span class='ocrx_word' id='word_1_511' title='bbox 1706 1676 1736 1703; x_wconf 86' lang='lat' dir='ltr'>S.</span> <span class='ocrx_word' id='word_1_512' title='bbox 1749 1675 1892 1707; x_wconf 77' lang='lat' dir='ltr'>Andreae,</span> <span class='ocrx_word' id='word_1_513' title='bbox 1911 1683 1943 1701; x_wconf 84' lang='lat' dir='ltr'>ac</span> <span class='ocrx_word' id='word_1_514' title='bbox 1959 1676 2076 1701; x_wconf 78' lang='lat' dir='ltr'>totidem</span> <span class='ocrx_word' id='word_1_515' title='bbox 2094 1675 2122 1701; x_wconf 87' lang='lat' dir='ltr'>in</span> <span class='ocrx_word' id='word_1_516' title='bbox 2140 1676 2217 1701; x_wconf 88' lang='lat' dir='ltr'>elec-</span> 
     </span>
     <span class='ocr_line' id='line_1_73' title="bbox 1209 1724 2218 1761; baseline -0.004 -8"><span class='ocrx_word' id='word_1_517' title='bbox 1209 1728 1286 1753; x_wconf 85' lang='lat' dir='ltr'>tione</span> <span class='ocrx_word' id='word_1_518' title='bbox 1298 1727 1428 1761; x_wconf 75' lang='lat' dir='ltr'>magistri</span> <span class='ocrx_word' id='word_1_519' title='bbox 1445 1725 1585 1752; x_wconf 84' lang='lat' dir='ltr'>Gamelini</span> <span class='ocrx_word' id='word_1_520' title='bbox 1598 1726 1681 1751; x_wconf 87' lang='lat' dir='ltr'>electi</span> <span class='ocrx_word' id='word_1_521' title='bbox 1695 1725 1724 1752; x_wconf 77' lang='lat' dir='ltr'>S.</span> <span class='ocrx_word' id='word_1_522' title='bbox 1740 1725 1873 1750; x_wconf 82' lang='lat' dir='ltr'>Andreae</span> <span class='ocrx_word' id='word_1_523' title='bbox 1885 1724 2064 1750; x_wconf 83' lang='lat' dir='ltr'>admiserunt</span> <span class='ocrx_word' id='word_1_524' title='bbox 2074 1731 2141 1750; x_wconf 90' lang='lat' dir='ltr'>cum</span> <span class='ocrx_word' id='word_1_525' title='bbox 2157 1732 2218 1758; x_wconf 88' lang='lat' dir='ltr'>pro-</span> 
     </span>
     <span class='ocr_line' id='line_1_74' title="bbox 1209 1772 2217 1807; baseline -0.005 -5"><span class='ocrx_word' id='word_1_526' title='bbox 1209 1776 1363 1802; x_wconf 85' lang='lat' dir='ltr'>testatione</span> <span class='ocrx_word' id='word_1_527' title='bbox 1380 1775 1534 1801; x_wconf 76' lang='lat' dir='ltr'>tumefacta</span> <span class='ocrx_word' id='word_1_528' title='bbox 1545 1774 1579 1800; x_wconf 81' lang='lat' dir='ltr'>de</span> <span class='ocrx_word' id='word_1_529' title='bbox 1592 1782 1738 1800; x_wconf 85' lang='lat' dir='ltr'>consensu</span> <span class='ocrx_word' id='word_1_530' title='bbox 1750 1772 1943 1799; x_wconf 79' lang='lat' dir='ltr'>Kaledeorum</span> <span class='ocrx_word' id='word_1_531' title='bbox 1956 1773 2095 1807; x_wconf 86' lang='lat' dir='ltr'>ipsorum,</span> <span class='ocrx_word' id='word_1_532' title='bbox 2109 1772 2217 1798; x_wconf 88' lang='lat' dir='ltr'>nullum</span> 
     </span>
     <span class='ocr_line' id='line_1_75' title="bbox 1208 1820 2218 1859; baseline -0.005 -8"><span class='ocrx_word' id='word_1_533' title='bbox 1208 1825 1251 1851; x_wconf 90' lang='lat' dir='ltr'>eis</span> <span class='ocrx_word' id='word_1_534' title='bbox 1276 1824 1485 1859; x_wconf 83' lang='lat' dir='ltr'>praejudicium</span> <span class='ocrx_word' id='word_1_535' title='bbox 1509 1826 1672 1858; x_wconf 80' lang='lat' dir='ltr'>generetur.</span> <span class='ocrx_word' id='word_1_536' title='bbox 1695 1822 1777 1856; x_wconf 70' lang='lat' dir='ltr'>(Rae.</span> <span class='ocrx_word' id='word_1_537' title='bbox 1804 1821 1848 1855; x_wconf 74' lang='grc' dir='ltr'>ς24,</span> <span class='ocrx_word' id='word_1_538' title='bbox 1874 1829 1900 1848; x_wconf 89' lang='grc'>0.</span> <span class='ocrx_word' id='word_1_539' title='bbox 1927 1821 1993 1849; x_wconf 81' lang='lat'>501.</span> <span class='ocrx_word' id='word_1_540' title='bbox 2021 1821 2039 1847; x_wconf 87' lang='lat' dir='ltr'>f.</span> <span class='ocrx_word' id='word_1_541' title='bbox 2068 1821 2116 1851; x_wconf 84' lang='lat'>73;</span> <span class='ocrx_word' id='word_1_542' title='bbox 2144 1820 2218 1847; x_wconf 80' lang='lat' dir='ltr'>Por-</span> 
     </span>
     <span class='ocr_line' id='line_1_76' title="bbox 1208 1872 1418 1905; baseline 0 -6"><span class='ocrx_word' id='word_1_543' title='bbox 1208 1881 1295 1900; x_wconf 69' lang='lat' dir='ltr'>rnAs’r</span> <span class='ocrx_word' id='word_1_544' title='bbox 1312 1872 1418 1905; x_wconf 78' lang='lat'>15938.)</span> 
     </span>
    </p>
   </div>
   <div class='ocr_carea' id='block_1_16' title="bbox 1770 1468 2144 1502">
    <p class='ocr_par' dir='ltr' id='par_1_16' title="bbox 1770 1468 2144 1502">
     <span class='ocr_line' id='line_1_77' title="bbox 1770 1468 2144 1502; baseline 0 -8"><span class='ocrx_word' id='word_1_545' title='bbox 1770 1469 1896 1502; x_wconf 83' lang='lat' dir='ltr'>Anagni,</span> <span class='ocrx_word' id='word_1_546' title='bbox 1912 1468 2049 1502; x_wconf 65' lang='lat' dir='ltr'>fzojuillet</span> <span class='ocrx_word' id='word_1_547' title='bbox 2068 1469 2144 1495; x_wconf 66' lang='lat'>1255.</span> 
     </span>
    </p>
   </div>
   <div class='ocr_carea' id='block_1_17' title="bbox 1205 1972 2218 2117">
    <p class='ocr_par' dir='ltr' id='par_1_17' title="bbox 1205 1972 2218 2117">
     <span class='ocr_line' id='line_1_78' title="bbox 1250 1972 2218 2012; baseline -0.002 -11"><span class='ocrx_word' id='word_1_548' title='bbox 1250 1987 1263 2002; x_wconf 71' lang='grc' dir='ltr'>ι(</span> <span class='ocrx_word' id='word_1_549' title='bbox 1284 1998 1302 2004; x_wconf 92' lang='grc'>..</span> <span class='ocrx_word' id='word_1_550' title='bbox 1315 1998 1320 2010; x_wconf 87' lang='lat'>,</span> <span class='ocrx_word' id='word_1_551' title='bbox 1335 1975 1439 2012; x_wconf 75' lang='lat' dir='ltr'>priori</span> <span class='ocrx_word' id='word_1_552' title='bbox 1460 1979 1486 2003; x_wconf 78' lang='lat' dir='ltr'>ct</span> <span class='ocrx_word' id='word_1_553' title='bbox 1503 1975 1637 2011; x_wconf 80' lang='lat' dir='ltr'>capitulo</span> <span class='ocrx_word' id='word_1_554' title='bbox 1658 1973 1842 2002; x_wconf 67' lang='lat' dir='ltr'>cathedralis</span> <span class='ocrx_word' id='word_1_555' title='bbox 1857 1973 1974 2001; x_wconf 79' lang='lat' dir='ltr'>ecclesie</span> <span class='ocrx_word' id='word_1_556' title='bbox 1989 1972 2089 2000; x_wconf 71' lang='lat' dir='ltr'>sancti</span> <span class='ocrx_word' id='word_1_557' title='bbox 2101 1972 2218 2000; x_wconf 76' lang='lat' dir='ltr'>Andree</span> 
     </span>
     <span class='ocr_line' id='line_1_79' title="bbox 1207 2024 2215 2063; baseline -0.005 -6"><span class='ocrx_word' id='word_1_558' title='bbox 1207 2029 1242 2057; x_wconf 77' lang='lat' dir='ltr'>in</span> <span class='ocrx_word' id='word_1_559' title='bbox 1257 2028 1372 2061; x_wconf 82' lang='lat' dir='ltr'>Scocia,</span> <span class='ocrx_word' id='word_1_560' title='bbox 1393 2028 1513 2056; x_wconf 76' lang='lat' dir='ltr'>ordinis</span> <span class='ocrx_word' id='word_1_561' title='bbox 1528 2028 1628 2056; x_wconf 78' lang='lat' dir='ltr'>sancti</span> <span class='ocrx_word' id='word_1_562' title='bbox 1642 2027 1821 2063; x_wconf 75' lang='lat' dir='ltr'>Auyustini.</span> <span class='ocrx_word' id='word_1_563' title='bbox 1841 2024 2026 2054; x_wconf 84' lang='lat' dir='ltr'>Desideriis</span> <span class='ocrx_word' id='word_1_564' title='bbox 2043 2024 2163 2054; x_wconf 86' lang='lat' dir='ltr'>vestris</span> <span class='ocrx_word' id='word_1_565' title='bbox 2182 2024 2215 2052; x_wconf 92' lang='lat' dir='ltr'>in</span> 
     </span>
     <span class='ocr_line' id='line_1_80' title="bbox 1205 2076 2212 2117; baseline -0.005 -7"><span class='ocrx_word' id='word_1_566' title='bbox 1205 2097 1253 2109; x_wconf 95' lang='lat'>—.</span> <span class='ocrx_word' id='word_1_567' title='bbox 1270 2081 1344 2110; x_wconf 85' lang='lat' dir='ltr'>Dat.</span> <span class='ocrx_word' id='word_1_568' title='bbox 1361 2077 1622 2117; x_wconf 75' lang='lat' dir='ltr'>Anagnie‚XIII</span> <span class='ocrx_word' id='word_1_569' title='bbox 1638 2078 1797 2108; x_wconf 82' lang='lat' dir='ltr'>kalendas</span> <span class='ocrx_word' id='word_1_570' title='bbox 1809 2077 1954 2115; x_wconf 75' lang='lat' dir='ltr'>augusti,</span> <span class='ocrx_word' id='word_1_571' title='bbox 1969 2085 2055 2106; x_wconf 88' lang='lat' dir='ltr'>anno</span> <span class='ocrx_word' id='word_1_572' title='bbox 2067 2076 2184 2114; x_wconf 87' lang='lat' dir='ltr'>primo.</span> <span class='ocrx_word' id='word_1_573' title='bbox 2200 2088 2212 2101; x_wconf 61' lang='lat'>&gt;³</span> 
     </span>
    </p>
   </div>
   <div class='ocr_carea' id='block_1_18' title="bbox 1278 2240 2142 2275">
    <p class='ocr_par' dir='ltr' id='par_1_18' title="bbox 1278 2240 2142 2275">
     <span class='ocr_line' id='line_1_81' title="bbox 1278 2240 2142 2275; baseline -0.009 -2"><span class='ocrx_word' id='word_1_574' title='bbox 1278 2244 1364 2273; x_wconf 74' lang='grc'>609</span> <span class='ocrx_word' id='word_1_575' title='bbox 1764 2242 1890 2275; x_wconf 68' lang='lat' dir='ltr'>Anagni,</span> <span class='ocrx_word' id='word_1_576' title='bbox 1908 2241 1939 2266; x_wconf 67' lang='lat' dir='ltr'>r14</span> <span class='ocrx_word' id='word_1_577' title='bbox 1953 2240 2048 2274; x_wconf 81' lang='lat' dir='ltr'>juillet</span> <span class='ocrx_word' id='word_1_578' title='bbox 2065 2240 2142 2266; x_wconf 63' lang='lat'>1255.</span> 
     </span>
    </p>
   </div>
   <div class='ocr_carea' id='block_1_19' title="bbox 1206 2301 2216 2435">
    <p class='ocr_par' dir='ltr' id='par_1_19' title="bbox 1206 2301 2216 2435">
     <span class='ocr_line' id='line_1_82' title="bbox 1243 2301 2215 2341; baseline -0.007 -8"><span class='ocrx_word' id='word_1_579' title='bbox 1243 2307 1381 2341; x_wconf 81' lang='lat' dir='ltr'>Magistro</span> <span class='ocrx_word' id='word_1_580' title='bbox 1398 2306 1524 2332; x_wconf 78' lang='lat' dir='ltr'>Roberto</span> <span class='ocrx_word' id='word_1_581' title='bbox 1539 2305 1573 2331; x_wconf 81' lang='lat' dir='ltr'>de</span> <span class='ocrx_word' id='word_1_582' title='bbox 1593 2304 1685 2333; x_wconf 76' lang='lat' dir='ltr'>Petra,</span> <span class='ocrx_word' id='word_1_583' title='bbox 1703 2303 1818 2330; x_wconf 86' lang='lat' dir='ltr'>Castelli</span> <span class='ocrx_word' id='word_1_584' title='bbox 1834 2303 1950 2332; x_wconf 86' lang='lat' dir='ltr'>clerico,</span> <span class='ocrx_word' id='word_1_585' title='bbox 1965 2301 2103 2335; x_wconf 81' lang='lat' dir='ltr'>indulget,</span> <span class='ocrx_word' id='word_1_586' title='bbox 2118 2304 2148 2327; x_wconf 88' lang='lat' dir='ltr'>ut</span> <span class='ocrx_word' id='word_1_587' title='bbox 2159 2301 2215 2327; x_wconf 88' lang='lat' dir='ltr'>duo</span> 
     </span>
     <span class='ocr_line' id='line_1_83' title="bbox 1207 2350 2216 2384; baseline -0.008 -2"><span class='ocrx_word' id='word_1_588' title='bbox 1207 2356 1344 2382; x_wconf 77' lang='lat' dir='ltr'>beneficia</span> <span class='ocrx_word' id='word_1_589' title='bbox 1365 2354 1562 2382; x_wconf 83' lang='lat' dir='ltr'>ecclesiastica</span> <span class='ocrx_word' id='word_1_590' title='bbox 1582 2361 1680 2379; x_wconf 80' lang='lat' dir='ltr'>curam</span> <span class='ocrx_word' id='word_1_591' title='bbox 1697 2352 1854 2378; x_wconf 79' lang='lat' dir='ltr'>animarum</span> <span class='ocrx_word' id='word_1_592' title='bbox 1873 2351 2005 2377; x_wconf 82' lang='lat' dir='ltr'>habentia</span> <span class='ocrx_word' id='word_1_593' title='bbox 2023 2350 2150 2384; x_wconf 85' lang='lat' dir='ltr'>recipere</span> <span class='ocrx_word' id='word_1_594' title='bbox 2166 2357 2216 2375; x_wconf 86' lang='lat' dir='ltr'>va-</span> 
     </span>
     <span class='ocr_line' id='line_1_84' title="bbox 1206 2402 1669 2435; baseline -0.006 -4"><span class='ocrx_word' id='word_1_595' title='bbox 1206 2405 1270 2431; x_wconf 80' lang='lat' dir='ltr'>leat.</span> <span class='ocrx_word' id='word_1_596' title='bbox 1292 2405 1372 2435; x_wconf 71' lang='lat' dir='ltr'>(Rae.</span> <span class='ocrx_word' id='word_1_597' title='bbox 1390 2404 1433 2433; x_wconf 68' lang='lat'>24,</span> <span class='ocrx_word' id='word_1_598' title='bbox 1451 2411 1477 2429; x_wconf 89' lang='grc'>0.</span> <span class='ocrx_word' id='word_1_599' title='bbox 1497 2403 1557 2431; x_wconf 73' lang='grc'><strong>502,</strong></span> <span class='ocrx_word' id='word_1_600' title='bbox 1576 2402 1594 2428; x_wconf 84' lang='lat' dir='ltr'>f.</span> <span class='ocrx_word' id='word_1_601' title='bbox 1613 2402 1669 2434; x_wconf 82' lang='lat'><strong>73.)</strong></span> 
     </span>
    </p>
   </div>
   <div class='ocr_carea' id='block_1_20' title="bbox 1207 2500 2216 2594">
    <p class='ocr_par' dir='ltr' id='par_1_20' title="bbox 1207 2500 2216 2594">
     <span class='ocr_line' id='line_1_85' title="bbox 1248 2500 2216 2543; baseline -0.005 -10"><span class='ocrx_word' id='word_1_602' title='bbox 1248 2519 1260 2533; x_wconf 86' lang='lat'>«</span> <span class='ocrx_word' id='word_1_603' title='bbox 1279 2507 1423 2543; x_wconf 38' lang='lat' dir='ltr'>lllayistro</span> <span class='ocrx_word' id='word_1_604' title='bbox 1436 2505 1556 2534; x_wconf 81' lang='lat' dir='ltr'>Roberto</span> <span class='ocrx_word' id='word_1_605' title='bbox 1570 2504 1602 2533; x_wconf 72' lang='lat' dir='ltr'>tle</span> <span class='ocrx_word' id='word_1_606' title='bbox 1616 2504 1715 2538; x_wconf 77' lang='lat' dir='ltr'>Petra,</span> <span class='ocrx_word' id='word_1_607' title='bbox 1731 2503 1852 2532; x_wconf 70' lang='lat' dir='ltr'>Castelli</span> <span class='ocrx_word' id='word_1_608' title='bbox 1865 2502 1982 2530; x_wconf 70' lang='lat' dir='ltr'>clerico.</span> <span class='ocrx_word' id='word_1_609' title='bbox 2001 2500 2071 2530; x_wconf 87' lang='lat' dir='ltr'>Etsi</span> <span class='ocrx_word' id='word_1_610' title='bbox 2086 2504 2216 2538; x_wconf 85' lang='lat' dir='ltr'>propter</span> 
     </span>
     <span class='ocr_line' id='line_1_86' title="bbox 1207 2553 2213 2594; baseline -0.007 -6"><span class='ocrx_word' id='word_1_611' title='bbox 1207 2559 1405 2589; x_wconf 78' lang='lat' dir='ltr'>ambitiones</span> <span class='ocrx_word' id='word_1_612' title='bbox 1417 2575 1462 2586; x_wconf 82' lang='lat'>——.</span> <span class='ocrx_word' id='word_1_613' title='bbox 1480 2559 1551 2587; x_wconf 82' lang='lat' dir='ltr'>Dat.</span> <span class='ocrx_word' id='word_1_614' title='bbox 1566 2556 1729 2594; x_wconf 78' lang='lat' dir='ltr'>Anagnic,</span> <span class='ocrx_word' id='word_1_615' title='bbox 1744 2557 1775 2585; x_wconf 89' lang='grc' dir='ltr'>ΙΙ</span> <span class='ocrx_word' id='word_1_616' title='bbox 1787 2555 1861 2584; x_wconf 87' lang='lat' dir='ltr'>idus</span> <span class='ocrx_word' id='word_1_617' title='bbox 1873 2554 1961 2593; x_wconf 84' lang='lat' dir='ltr'>julii⁷</span> <span class='ocrx_word' id='word_1_618' title='bbox 1978 2553 2184 2591; x_wconf 81' lang='lat' dir='ltr'>annoprimo.</span> <span class='ocrx_word' id='word_1_619' title='bbox 2201 2564 2213 2578; x_wconf 72' lang='lat' dir='ltr'>u</span> 
     </span>
    </p>
   </div>
   <div class='ocr_carea' id='block_1_21' title="bbox 1764 2718 2142 2754">
    <p class='ocr_par' dir='ltr' id='par_1_21' title="bbox 1764 2718 2142 2754">
     <span class='ocr_line' id='line_1_87' title="bbox 1764 2718 2142 2754; baseline -0.005 -8"><span class='ocrx_word' id='word_1_620' title='bbox 1764 2720 1890 2754; x_wconf 84' lang='lat' dir='ltr'>Anagni‚</span> <span class='ocrx_word' id='word_1_621' title='bbox 1910 2720 1938 2745; x_wconf 65' lang='lat' dir='ltr'>r14</span> <span class='ocrx_word' id='word_1_622' title='bbox 1954 2719 2048 2753; x_wconf 88' lang='lat' dir='ltr'>juillet</span> <span class='ocrx_word' id='word_1_623' title='bbox 2068 2718 2142 2744; x_wconf 63' lang='lat'>1255.</span> 
     </span>
    </p>
   </div>
   <div class='ocr_carea' id='block_1_22' title="bbox 1241 2724 2080 2818">
    <p class='ocr_par' dir='ltr' id='par_1_22' title="bbox 1241 2724 2080 2818">
     <span class='ocr_line' id='line_1_88' title="bbox 1278 2724 1365 2753; baseline 0 -1"><span class='ocrx_word' id='word_1_624' title='bbox 1278 2724 1365 2753; x_wconf 77' lang='grc'>610</span> 
     </span>
     <span class='ocr_line' id='line_1_89' title="bbox 1241 2780 2080 2818; baseline -0.008 -5"><span class='ocrx_word' id='word_1_625' title='bbox 1241 2787 1347 2814; x_wconf 86' lang='lat' dir='ltr'>Eadem</span> <span class='ocrx_word' id='word_1_626' title='bbox 1364 2785 1479 2812; x_wconf 87' lang='lat' dir='ltr'>licentia</span> <span class='ocrx_word' id='word_1_627' title='bbox 1496 2784 1690 2818; x_wconf 80' lang='lat' dir='ltr'>infrascripto.</span> <span class='ocrx_word' id='word_1_628' title='bbox 1706 2783 1790 2816; x_wconf 65' lang='lat' dir='ltr'>(Rea.</span> <span class='ocrx_word' id='word_1_629' title='bbox 1806 2782 1851 2816; x_wconf 70' lang='lat'>24,</span> <span class='ocrx_word' id='word_1_630' title='bbox 1867 2790 1892 2809; x_wconf 90' lang='grc'>0.</span> <span class='ocrx_word' id='word_1_631' title='bbox 1911 2781 1972 2815; x_wconf 82' lang='grc'><strong>503,</strong></span> <span class='ocrx_word' id='word_1_632' title='bbox 1990 2781 2007 2808; x_wconf 81' lang='lat' dir='ltr'>f.</span> <span class='ocrx_word' id='word_1_633' title='bbox 2026 2780 2080 2811; x_wconf 77' lang='lat'>73.)</span> 
     </span>
    </p>
   </div>
   <div class='ocr_carea' id='block_1_23' title="bbox 1247 2880 2214 2969">
    <p class='ocr_par' dir='ltr' id='par_1_23' title="bbox 1247 2880 2214 2969">
     <span class='ocr_line' id='line_1_90' title="bbox 1247 2880 2214 2925; baseline -0.008 -10"><span class='ocrx_word' id='word_1_634' title='bbox 1247 2901 1259 2915; x_wconf 81' lang='lat'>«</span> <span class='ocrx_word' id='word_1_635' title='bbox 1278 2889 1421 2925; x_wconf 72' lang='lat' dir='ltr'>Maqistro</span> <span class='ocrx_word' id='word_1_636' title='bbox 1440 2887 1577 2916; x_wconf 36' lang='lat' dir='ltr'>Joharnni</span> <span class='ocrx_word' id='word_1_637' title='bbox 1600 2886 1632 2914; x_wconf 84' lang='lat' dir='ltr'>dc</span> <span class='ocrx_word' id='word_1_638' title='bbox 1655 2886 1750 2914; x_wconf 79' lang='lat' dir='ltr'>Monte</span> <span class='ocrx_word' id='word_1_639' title='bbox 1775 2884 1885 2914; x_wconf 75' lang='lat' dir='ltr'>Lucili.</span> <span class='ocrx_word' id='word_1_640' title='bbox 1908 2882 2018 2911; x_wconf 79' lang='lat' dir='ltr'>rectori</span> <span class='ocrx_word' id='word_1_641' title='bbox 2039 2881 2156 2910; x_wconf 78' lang='lat' dir='ltr'>ecclesie</span> <span class='ocrx_word' id='word_1_642' title='bbox 2181 2880 2214 2908; x_wconf 78' lang='lat' dir='ltr'>dc</span> 
     </span>
     <span class='ocr_line' id='line_1_91' title="bbox 2060 2945 2090 2969; baseline 0 0"><span class='ocrx_word' id='word_1_643' title='bbox 2060 2945 2090 2969; x_wconf 72' lang='lat'>‘24</span> 
     </span>
    </p>
   </div>
  </div>
 </body>
</html>
