2498 3325
973 213 1203 249 DEUXIEME
1224 214 1384 252 ΑΝΝΕΕ.
2171 232 2228 262 333

205 283 321 312 1110

166 345 309 380 Episcopo
326 346 534 379 Lincolniensi⁷
551 349 599 382 qui
616 348 650 373 de
668 347 808 374 Riccardo
824 348 858 373 de
875 348 995 374 Suitone
1012 357 1136 374 consan-

130 395 245 428 guineo,
264 395 401 427 magistro
413 395 536 427 Olivero,
551 396 696 430 Stephano
714 397 798 422 fratre
814 397 907 430 ipsius
923 396 1052 431 ejusdem
1070 397 1135 427 loci,

131 443 283 476 nepotibus
297 444 370 477 suis,
388 447 416 469 et
431 443 579 470 willelmo
595 445 629 470 de
647 444 834 478 Lessingone,
853 446 979 474 clericis,
998 445 1136 471 laudabile

132 491 276 524 perhibuit
293 492 504 524 testimonium,
529 493 675 523 concedit,
694 498 724 519 ut
745 494 865 527 quilibet
886 502 999 524 corum,
1027 497 1138 527 praeter

131 539 324 565 ecclesiastica
351 540 488 567 beneficia
506 543 564 575 jam
591 542 721 572 obtenta,
741 543 856 568 unicum
874 543 947 568 aliud
968 542 1136 568 beneficium

131 587 158 613 in
173 596 261 622 regno
273 589 395 623 Angliae
409 590 536 624 recipere
548 591 647 617 valeat.
660 591 741 623 (Res.
755 590 903 623 ⁶24,f.137,
917 590 1134 621 ann.11,c.92.›

674 284 791 316 Latran,
813 286 848 310 1²¹·
865 285 969 311 fevi-ier
986 285 1063 311 1956.

174 696 186 710 «
207 707 239 718 ..,
257 685 390 722 episcopo
405 686 624 714 Lincolniensi,
646 686 691 716 Ut
711 690 741 715 te
765 685 901 723 speciali
918 703 966 713 —.
984 686 1057 715 Dat.
1076 686 1139 715 La-

131 737 250 771 terani,
267 736 419 766 kalendis
437 737 610 773 februarii,
629 747 714 768 anno
731 738 886 768 secundo.
907 751 919 764 »

203 895 313 922 1111

164 956 262 983 Electo
279 956 430 984 Leodiensi
447 957 592 991 indulget,
611 962 655 987 ut,
673 957 706 983 ad
727 957 960 984 exonerationem
977 958 1137 984 debitorum

704 894 803 921 Latran
814 917 820 928 ,
837 896 850 921 4
867 895 970 921 fevi-ier
990 895 1066 922 1256.

127 1005 267 1031 ecclesiae
284 1007 363 1040 ejus,
381 1009 539 1040 proventus
561 1006 764 1032 beneficiorum
787 1007 814 1032 in
836 1006 943 1032 diocesi
965 1007 1036 1033 infra
1052 1007 1138 1041 quin-

126 1053 282 1088 quennium
302 1055 463 1081 vacantium
481 1055 572 1080 valeat
588 1055 719 1081 retinere.
737 1054 821 1088 (itm.
838 1055 882 1086 24,
898 1055 916 1081 f.
933 1055 1005 1087 137v,
1018 1063 1084 1082 ann.
1099 1055 1136 1087 ΙΙ,

127 1110 153 1128 c.
169 1103 224 1136 93.)

168 1210 181 1224 «
202 1220 234 1233 ..,
257 1199 345 1227 electo
366 1199 531 1228 Leodiensi.
555 1199 599 1229 Ex
622 1204 712 1237 parte
736 1204 790 1228 tua
807 1199 870 1229 suit
887 1199 982 1228 nobis
1000 1199 1139 1228 humili-

126 1255 176 1281 ter
192 1250 424 1289 supplicatum,
443 1256 489 1287 ut,
508 1261 582 1282 cum
596 1262 653 1291 pro
667 1253 814 1290 negociis
831 1253 967 1290 Imperii
984 1257 1014 1282 et
1030 1252 1138 1282 Eccle-

127 1303 175 1333 sie
199 1303 364 1341 generalis
389 1304 493 1334 multa
516 1309 547 1335 et
573 1305 686 1343 gravia
715 1305 837 1335 dudum
863 1305 1007 1335 subieris
1037 1315 1139 1335 onera

127 1365 356 1394 expensarum,
385 1366 421 1387 ac
445 1362 577 1396 propter
605 1358 665 1387 hoc
691 1358 832 1387 ecclesia
858 1362 914 1387 tua
939 1358 1018 1387 adeo
1046 1358 1138 1395 gravi

126 1413 296 1446 prematur
319 1418 419 1440 onere
446 1409 646 1445 debitorum,
675 1410 771 1449 quod,
796 1410 861 1440 nisi
885 1411 914 1440 ei
939 1419 996 1448 per
1021 1411 1138 1441 Sedem

128 1461 342 1500 apostolicam
365 1468 588 1497 succurratur,
608 1464 661 1493 vix
679 1463 800 1493 adiciet
820 1467 855 1493 ut
877 1468 1045 1501 resurgat,
1063 1472 1138 1501 pro-

128 1514 239 1544 videre
255 1515 290 1544 in
306 1515 367 1545 hac
382 1520 475 1554 parte
493 1516 553 1545 tibi
571 1521 601 1546 et
617 1516 681 1554 ipsi
697 1516 850 1550 ecclesie,
871 1517 1046 1554 presertim
1064 1525 1138 1546 cum

128 1567 276 1596 redditus
300 1568 348 1597 tui
371 1568 573 1607 episcopales
596 1569 636 1598 ad
658 1569 926 1598 exonerationem
947 1568 1138 1607 hujusmodi

128 1619 313 1649 debitorum
337 1629 547 1660 nequaquam
572 1621 749 1656 sufficiant,
774 1621 954 1659 apostolica
975 1621 1138 1651 sollicitu-

127 1672 204 1702 dine
229 1681 433 1703 curaremus.
456 1674 524 1703 Nos
548 1674 662 1711 igitur,
688 1673 870 1703 remedium
900 1673 933 1702 in
959 1673 1021 1703 hac
1045 1678 1137 1711 parte

127 1725 343 1763 apostolicum
360 1725 517 1756 adhibere
535 1726 694 1761 volentes,
713 1726 908 1756 auctoritate
926 1726 986 1755 tibi
1004 1735 1136 1764 presen-

126 1777 208 1807 tium
224 1778 454 1815 indulgemus,
475 1783 510 1808 ut
526 1779 674 1808 omnium
692 1778 993 1808 ecclesiasticorum
1011 1779 1136 1809 benefi—

125 1830 251 1860 ciorum
276 1835 454 1869 proventus
476 1832 575 1861 etiam
593 1840 705 1861 curam
723 1832 909 1861 animarum
927 1831 1133 1866 habentium,

124 1892 187 1922 que
203 1883 291 1913 infra
308 1884 576 1922 quinquennium
593 1885 627 1913 in
647 1889 702 1913 tua
719 1884 852 1914 civitate
868 1884 919 1914 vel
936 1884 1060 1915 diocesi
1078 1894 1134 1914 va—

123 1945 197 1966 care
222 1937 409 1974 contigerit,
439 1937 546 1975 possis
572 1946 630 1975 per
659 1937 834 1966 biennium
859 1946 916 1975 pro
941 1938 1134 1968 executione

123 1988 307 2018 debitorum
329 1989 520 2028 hujusmodi
542 1990 699 2020 retinere.
725 1990 797 2019 Non
820 1989 971 2019 obstante
988 1991 1133 2028 predicte

123 2041 218 2071 Sedis
238 2041 445 2079 indulgentia
458 2066 466 2079 ,
485 2051 543 2081 per
567 2052 666 2081 quam
684 2047 795 2080 posset
819 2043 1009 2081 hujusmodi
1027 2043 1133 2081 gratia

122 2094 276 2132 impediri
295 2104 353 2124 seu
375 2095 474 2125 etiarn
495 2095 668 2125 retardari.
692 2095 829 2125 Proviso
846 2095 932 2134 quod
951 2100 1079 2125 tantum
1096 2105 1133 2126 ex

122 2147 204 2185 ipsis
220 2148 434 2185 proventibus
456 2152 681 2182 conservetur,
699 2148 786 2186 quod
801 2148 905 2186 possit
920 2148 1056 2178 interim
1074 2158 1133 2187 per

121 2209 279 2238 personas
292 2201 438 2239 ydoneas
450 2201 485 2230 in
500 2201 651 2231 ecclesiis
663 2201 697 2230 in
710 2201 831 2240 quibus
843 2201 1008 2232 habentur
1019 2201 1131 2242 hujus-

121 2253 209 2283 modi
224 2253 386 2283 beneficia
400 2254 573 2284 deserviri.
591 2253 683 2283 Nulli
697 2258 757 2284 etc.
776 2258 887 2284 nostre
904 2255 1130 2286 concessionis

121 2308 182 2335 etc.
199 2305 272 2334 Dat.
294 2305 460 2340 Laterani,
479 2307 511 2336 Π
528 2314 632 2336 nonas
647 2306 819 2341 februarii,
836 2315 922 2336 anno
939 2308 1095 2338 secundo.
1115 2320 1127 2335 »

194 2470 214 2496 1
227 2470 246 2497 1
260 2470 315 2498 12
672 2470 787 2502 Latran,
804 2472 842 2497 μ’
857 2472 961 2499 sevrier
979 2473 1056 2500 1256.

153 2530 308 2558 Canonicis
330 2532 538 2566 infrascriptis,
557 2533 793 2566 procuratoribus
816 2533 955 2560 Isabellae
975 2535 1009 2561 de
1026 2534 1127 2561 Seme-

119 2582 170 2608 riis
185 2582 320 2609 canti-icis
337 2583 504 2609 monasterii
519 2582 680 2615 J0t1·ensi5‚
699 2582 855 2610 Meldcnsis
871 2584 1011 2619 diocesis,
1031 2586 1058 2611 in
1074 2586 1127 2611 ab-

119 2631 255 2658 batissam
284 2640 316 2658 se
345 2633 504 2658 asserentis
535 2632 672 2665 electam,
708 2631 876 2660 Pentecoste
907 2634 1021 2661 moniali
1052 2635 1126 2662 idem

116 2684 286 2712 asserente,
313 2681 362 2715 qui
388 2681 621 2715 prosecutionem
644 2681 720 2715 juris
750 2681 888 2708 Isabellae
916 2683 991 2717 apud
1023 2683 1125 2710 Sedem

118 2728 302 2762 apostolicam
320 2729 454 2759 subeunt,
468 2729 601 2755 concedit
618 2729 780 2756 facultatem
795 2734 925 2757 mutuum
938 2732 1125 2758 contrahendi

118 2780 146 2803 et
163 2777 366 2803 monasterium
383 2778 539 2811 obligandi.
557 2778 639 2812 (Rau.
652 2778 697 2807 ζ24,
716 2779 734 2804 1“.
755 2779 826 2811 137v,
845 2788 911 2805 ann.
929 2779 965 2812 ΙΙ,
983 2789 1007 2806 c.
1025 2781 1078 2812 94.)

161 2884 173 2898 «
192 2872 297 2901 Fratri
311 2873 454 2907 Auberto,
474 2873 619 2902 Omnium
640 2874 823 2902 Sanctorum
844 2875 876 2903 in
899 2875 1021 2910 Insula,
1041 2877 1125 2905 ordi-

1220 287 1269 314 nis
1289 290 1388 317 sancti
1410 291 1593 327 Αυῃυςῐῖηῐ,
1617 298 1642 321 et
1662 296 1806 330 iizagsi'slro
1829 296 1989 325 Guillelmo
2010 296 2078 335 (sic)
2101 300 2228 335 majoris

1220 340 1338 368 ecclesie
1348 341 1602 373 Cctllicclawicnffl's
1612 348 1780 375 canonicis.
1796 348 1886 377 Inter
1898 348 2033 378 dilectas
2048 350 2082 378 in
2095 350 2227 381 Clu-isto

1220 391 1318 423 filias,
1334 394 1511 423 Isabellam
1527 396 1565 425 de
1583 397 1740 427 Semeriis
1757 400 1935 429 cantricem
1952 406 1982 430 et
2001 403 2227 433 Pentecosten]

1220 445 1398 475 monialem
1408 449 1602 477 monasterii
1613 450 1788 485 (lotrensis,
1803 452 1842 481 ad
1854 454 2035 483 Romanam
2048 456 2228 486 Errlesiam

1222 497 1312 527 nullo
1324 499 1432 528 medio
1446 500 1656 537 pertinentis,
1676 503 1802 532 ordinis
1822 506 1927 534 saneti
1946 507 2127 539 Benedicti,
2147 510 2229 539 Mel-

1221 550 1334 580 densis
1363 551 1515 587 diocesis,
1546 562 1644 591 super
1669 564 1706 583 eo
1732 557 1818 593 quod
1847 557 1990 595 quelibet
2019 560 2165 597 ipsarum
2194 562 2227 591 in

1222 603 1425 633 abbatissam
1455 606 1602 644 ejusdem
1632 609 1825 637 monasterii
1857 612 2012 641 canonice
2044 615 2162 643 asserit
2194 624 2227 644 se

1222 655 1358 685 electam
1383 662 1453 687 orta¹
1478 660 1617 689 materia
1640 661 1837 698 questionis,
1861 672 1916 691 vos
1940 674 1996 701 pro
2022 666 2134 695 eadem
2159 668 2228 697 Isa-

1222 708 1324 744 bella,
1343 710 1437 748 cujus
1459 717 1687 748 procuratores
1707 714 1804 748 estis,
1822 720 1954 753 propter
1970 717 2028 746 hor
2052 719 2090 747 ad
2112 719 2228 749 Sede-m

1223 762 1435 799 apostolicam
1454 764 1654 794 accessistis.
1672 766 1755 801 Quia
1777 776 1853 795 vero
1873 777 1930 805 pro
1952 769 2057 806 ipsius
2076 772 2099 800 Ι.
2117 782 2230 809 prose-

1222 814 1354 844 cutione
1373 815 1460 854 juris
1484 817 1570 854 apud
1593 818 1710 847 Sedem
1731 819 1868 849 eandem
1890 821 2042 851 subiistis
2059 828 2089 852 et
2111 824 2147 853 ad
2166 824 2229 854 huc

1221 876 1278 896 vos
1293 867 1405 897 subire
1422 873 1569 906 oporteat
1585 879 1705 907 magna
1718 880 1818 901 onera
1834 882 2062 910 expensarum,
2079 885 2118 905 ne
2134 886 2230 915 prop-

1218 921 1271 949 ter
1297 920 1445 957 ipsarum
1472 921 1636 952 desectum
1669 925 1834 961 cogamini
1859 926 1899 955 ab
1930 926 2120 965 hujusmodi
2145 930 2231 968 juris

1221 973 1451 1009 prosecutione
1466 974 1637 1011 desistere,
1656 977 1802 1014 petiistis
1819 987 1836 1007 a
1853 978 1948 1008 nobis
1965 988 2063 1018 super
2079 981 2139 1010 hoc
2157 991 2231 1019 pro-

1221 1025 1336 1054 videri.
1362 1027 1429 1056 Nos
1454 1027 1577 1066 itaque,
1606 1029 1755 1059 nolentes
1779 1031 1866 1069 quod
1887 1032 1941 1070 jus
1964 1033 2069 1071 ipsius
2091 1035 2231 1065 Isabelle

1221 1079 1394 1108 occasione
1411 1079 1602 1119 hujusmodi
1620 1082 1725 1112 valeat
1740 1084 1905 1122 impediri,
1926 1086 2143 1117 contrahendi
2160 1098 2232 1117 mu-

1221 1135 1315 1161 tuum
1345 1137 1477 1170 propter
1508 1133 1569 1163 hoc
1598 1144 1704 1173 usque
1740 1136 1779 1165 ad
1814 1146 1976 1167 summam
2011 1143 2233 1172 trecentarum

1221 1193 1408 1214 marcarum
1435 1186 1669 1224 sterlingorum
1697 1193 1727 1217 et
1753 1189 1922 1227 obligandi
1948 1201 2052 1229 usque
2078 1193 2118 1222 ad
2142 1202 2232 1223 sum-

1221 1245 1309 1266 mam
1331 1237 1522 1276 hujusmodi
1546 1240 1766 1271 creditoribus
1789 1248 1970 1273 conventus
1994 1245 2141 1283 ejicisdem
2163 1255 2233 1276 mo-

1222 1290 1360 1320 nasterii
1381 1300 1417 1320 ac
1436 1291 1556 1321 ‹lit-lam
1574 1293 1751 1323 monialem
1769 1299 1799 1324 et
1816 1295 1901 1325 bona
1919 1296 2036 1334 ipsius,
2056 1307 2090 1327 ac
2107 1307 2232 1328 renun-

1222 1342 1332 1371 ciandi
1349 1344 1503 1373 omnibus
1517 1345 1735 1381 indulgentiis
1749 1351 1779 1377 et
1794 1347 1915 1378 litteris
1928 1358 1945 1378 a
1958 1349 2039 1379 Sede
2055 1351 2233 1388 apostolica

1221 1395 1407 1433 impetratis
1421 1401 1451 1426 et
1463 1398 1563 1427 etiam
1576 1399 1793 1437 impetrandis
1805 1405 1834 1431 et
1850 1402 2079 1432 constitutioni
2093 1404 2131 1433 de
2148 1404 2229 1434 dua-

1220 1448 1282 1478 bus
1305 1449 1404 1479 dietis
1421 1451 1507 1480 edite
1527 1451 1561 1480 in
1579 1453 1719 1482 concilio
1735 1454 1899 1491 generali,
1917 1455 1964 1485 ita
1980 1456 2066 1494 quod
2085 1457 2152 1487 illis
2171 1458 2227 1496 qui

1221 1502 1314 1531 vobis
1330 1503 1510 1540 predictam
1526 1505 1701 1541 pecuniam
1712 1507 1907 1542 mutuarint,
1926 1509 2013 1546 quod
2028 1509 2099 1547 ipsa
2114 1509 2149 1538 in
2166 1511 2227 1539 uti-

1220 1553 1349 1584 litatem
1366 1555 1444 1584 dicti
1464 1558 1659 1593 monasterii
1676 1558 1718 1587 sit
1737 1567 1906 1595 conversa,
1922 1565 2071 1598 pretextu
2087 1562 2227 1602 alicujus

1221 1608 1470 1638 constitutionis
1485 1610 1642 1639 canonice
1658 1611 1707 1640 vel
1719 1612 1838 1647 civilis,
1852 1613 2020 1651 privilegii
2032 1624 2162 1654 quoque
2177 1616 2227 1646 vel

1220 1660 1429 1698 indulgentie
1447 1662 1541 1692 Sedis
1559 1663 1706 1702 ejusdem
1724 1665 1872 1702 probatio
1889 1666 2001 1705 aliqua
2018 1676 2081 1697 non
2098 1668 2227 1697 incum-

1220 1713 1291 1745 bat,
1312 1714 1404 1743 vobis
1424 1715 1620 1745 auctoritate
1636 1718 1842 1754 presentium
1860 1719 2071 1749 concedimus
2088 1721 2227 1751 faculta-

1220 1770 1296 1796 tem.
1313 1767 1386 1796 Dat.
1401 1767 1568 1803 Laterani,
1584 1768 1735 1799 kalendis
1750 1770 1922 1807 februarii,
1939 1781 2025 1802 anno
2039 1774 2193 1803 secundo.
2212 1786 2223 1800 ›⁷

1293 1918 1409 1946 1113

1257 1979 1447 2015 [Pi-andotael,
1464 1983 1600 2016 episcopo
1616 1982 1814 2015 Cracoviensi,
1830 1985 1962 2012 concedit
1982 1986 2145 2013 facultatem
2162 1987 2225 2014 illos

1216 2029 1264 2062 qui
1282 2028 1315 2054 ad
1332 2029 1475 2062 agendum
1494 2031 1696 2064 poenitentiam
1713 2032 1749 2058 ol)
1765 2032 1956 2066 devotionem,
1969 2043 2052 2068 quain
2070 2036 2173 2062 habent
2190 2036 2224 2062 ad

1218 2077 1331 2103 beatum
1349 2087 1361 2099 (ι
1386 2077 1541 2104 Stanizlaui
1558 2088 1589 2111 ι),
1614 2079 1696 2114 cujus
1717 2088 1823 2113 corpus
1845 2082 1871 2107 in
1897 2082 2080 2109 Cracoviensi
2103 2085 2224 2110 ecelesia

1216 2125 1387 2158 requiescat,
1400 2126 1514 2152 aliunde
1526 2135 1610 2161 (itiam
1628 2128 1662 2154 de
1678 2129 1742 2162 ejus
1759 2129 1874 2155 civitate
1890 2139 1922 2156 ac
1939 2131 2047 2158 diocesi
2066 2132 2221 2165 confluant,

1214 2173 1416 2200 introducendi
1441 2175 1468 2200 in
1491 2172 1613 2202 ecclesia
1638 2185 1747 2202 necnon
1773 2179 1973 2205 reconciliandi
1995 2179 2112 2206 eosdem
2128 2181 2221 2207 cccle-

1214 2222 1284 2249 siae.
1302 2222 1386 2255 (Rea.
1405 2223 1454 2257 ς24,
1473 2224 1491 2250 s.
1515 2224 1587 2256 137¹,
1606 2234 1672 2251 ann.
1690 2225 1729 2256 11,
1748 2234 1774 2252 c.
1797 2227 1847 2261 95;
1871 2227 2017 2255 Ponam
2035 2230 2141 2263 16200.)

1766 1921 1882 1955 Lan-an,
1899 1922 1929 1948 ‘21
1944 1924 2058 1956 janvier
2078 1925 2152 1951 1256.

1255 2330 1267 2343 «
1294 2340 1326 2351 ..,
1348 2319 1481 2356 episcopo
1504 2320 1708 2350 Cracoviensi.
1727 2321 1811 2351 Vota
1829 2331 1892 2360 que
1913 2323 2058 2353 savorem
2079 2342 2126 2353 ——.
2148 2326 2220 2355 Dat.

1213 2370 1379 2405 Laterani,
1398 2371 1464 2401 XII
1481 2371 1640 2403 kalendas
1657 2373 1829 2409 februarii,
1849 2384 1935 2406 anno
1951 2377 2106 2407 secundo.
2127 2390 2139 2404 υ

1286 2522 1409 2551 1114

1246 2583 1344 2610 Electo
1360 2584 1497 2612 Toletano
1514 2587 1637 2619 mandat,
1656 2587 1740 2614 faciat
1757 2592 1786 2614 ut
1803 2589 1928 2623 provisio
1944 2590 1977 2616 ab
1994 2590 2162 2618 Innocentio
2178 2592 2219 2618 IV

1210 2640 1282 2666 papa
1311 2631 1425 2667 [Lupo],
1454 2633 1649 2661 Marochitano
1675 2636 1827 2671 episcopo,
1855 2638 1882 2663 in
1911 2638 2057 2672 provincia
2086 2639 2219 2666 Toletana

1210 2688 1350 2706 concessa
1363 2680 1522 2713 (Por'rnas‘r
1541 2683 1636 2716 14244)
1652 2684 1686 2710 ab
1711 2685 1842 2711 ecclesiis
1862 2690 1890 2711 et
1910 2687 2092 2713 monasteriis
2110 2688 2219 2722 integre

1210 2728 1390 2756 exhibeatur.
1407 2730 1491 2762 (Rau,
1506 2731 1555 2765 24,
1571 2731 1590 2759 f.
1607 2732 1677 2764 137&
1693 2741 1758 2759 ann.
1776 2733 1816 2763 ΙΙ,
1834 2742 1859 2760 c.
1877 2733 1924 2766 96;
1950 2734 2093 2761 Pom-affl
2114 2736 2216 2766 16-2-24.)

1783 2526 1900 2558 Lati-an,
1919 2527 1933 2554 3
1950 2528 2053 2555 fevrier
2070 2530 2148 2557 1256.

1252 2836 1263 2850 α
1285 2847 1317 2858 ..,
1336 2826 1423 2854 electo
1441 2826 1590 2855 Toletano.
1605 2828 1815 2857 Venerabilis
1831 2829 1934 2858 frater
1950 2834 2061 2859 noster
2077 2848 2124 2858 —.
2144 2832 2215 2861 Dat.

1209 2877 1375 2912 Laterani,
1395 2878 1443 2908 III
1461 2887 1564 2909 nonas
1586 2880 1759 2915 februarii,
1779 2890 1865 2911 anno
1882 2882 2036 2912 secundo.
2057 2895 2068 2908 n
