2498 3325
259 231 319 261 456

265 309 277 323 Π

263 361 277 375 ))

263 414 276 427 D

262 466 275 480 D

262 518 277 534 Ἄ)

262 572 275 586 1)

259 623 274 638 5)

260 676 274 691 5>

252 1625 266 1640 ὅ
251 1572 266 1588 ὅ
251 1519 266 1534 U
251 1466 265 1481 5
252 1413 266 1428 ὅ
252 1359 266 1375 ὃ
252 1307 267 1323 :1
253 1255 268 1270 δ
253 1202 267 1217 δ
253 1149 268 1165 θ
254 1097 269 1112 8
255 1044 270 1059 ἕ

251 1677 266 1693 71

251 1781 267 1797 ))

250 1835 266 1851 1)

248 1939 264 1955 1)

246 2151 261 2166 ὅ
246 2098 261 2114 ἕ
247 2045 263 2062 υ
248 1993 263 2008 ὅ

241 2781 256 2797 ὅ
241 2729 257 2745 υ
241 2677 257 2693 ὃ
242 2624 257 2640 δ
242 2571 257 2586 δ
243 2519 259 2534 U
244 2466 259 2482 8
245 2414 260 2429 υ
245 2361 260 2376 Β
245 2309 260 2324 ³
246 2256 260 2271 υ
246 2204 260 2219 ὅ

241 2834 255 2849 Ξ

303 296 381 331 rint,
411 297 632 334 promiserunt
663 298 763 327 iidem
788 298 942 328 monachi
965 303 995 328 et
1024 304 1266 337 procuratores,

303 349 436 378 nomine
455 350 648 379 monasterii
667 351 734 383 sui,
753 351 817 388 ipsi
839 351 981 381 auditori
1005 351 1132 381 solvere
1155 352 1267 382 decem

301 403 690 440 1nar‹·as,nominepene,
706 404 858 441 quotiens
873 404 907 433 in
920 404 1085 434 solutione
1099 410 1268 435 cessarent

300 454 472 492 pen-simiis
500 455 659 492 predicte,
686 456 848 486 rrederulo
874 457 979 495 ipsius
1004 457 1130 487 domini
1156 459 1186 489 J.
1216 457 1267 488 vel

303 507 373 544 ejus
397 507 505 536 nuntii
530 508 599 537 sive
622 509 862 546 prswuratoris,
887 510 1031 548 simplici
1054 511 1168 546 verbo,
1194 512 1266 542 sine

300 559 438 589 alterius
455 570 553 589 out-re
571 561 786 598 probationis.
806 572 904 601 super
921 564 1073 602 dampnis
1090 569 1121 594 et
1146 575 1267 604 expen-

300 612 347 641 sis
370 621 431 650 que
451 612 535 641 idem
555 613 745 651 capellanus
769 614 965 651 incurreret,
984 618 1157 648 occasione
1177 618 1267 648 solu-

301 664 411 694 tionis.
422 665 577 702 predictis
591 666 660 695 loco
672 671 701 696 et
718 668 868 703 termino,
880 677 944 698 non
960 670 1044 699 facte
1057 680 1062 698 :
1075 680 1132 708 pro
1144 672 1266 710 quihus

298 717 453 746 omnibus
476 717 692 749 observandis
715 724 745 749 et
762 720 904 751 fideliter
926 722 1162 761 adimplendis,
1181 724 1266 754 obli-

297 775 457 806 gaverunt
473 771 585 800 onmia
601 771 686 801 bona
701 773 813 802 Sancti
828 775 1008 811 Augustini
1026 777 1180 814 superius
1196 786 1266 808 me-

296 822 426 852 morati.
445 824 676 854 renuntiantes
695 827 927 857 constitutioni
945 828 984 858 de
1006 829 1134 859 duabus
1153 830 1263 866 dietis,

294 874 512 913 prohibitioni
525 877 613 913 regie
626 878 878 918 omniquejuris
888 880 1022 915 auxilio,
1035 885 1099 911 tam
1113 884 1264 913 canonici

296 931 362 957 tam
381 928 499 957 civilis.
526 929 711 959 Prodictam
728 936 837 961 autem
859 933 1064 971 pensionem,
1084 935 1185 965 iidem
1207 936 1265 966 ali-

296 979 355 1010 has
372 985 400 1009 et
416 986 597 1011 conventus
615 982 722 1013 cidem
739 984 910 1022 capellano
927 988 1100 1017 annuatim
1122 989 1262 1025 solvant,

294 1032 396 1062 donec
414 1034 477 1063 sihi
495 1034 528 1062 iu
552 1035 721 1072 provincia
739 1037 975 1069 Cantuariensi
995 1039 1033 1070 de
1055 1041 1195 1071 ecclesia
1213 1043 1265 1072 vel

294 1085 521 1116 ecclesiastico
548 1087 724 1124 beneficio,
758 1099 825 1120 uno
854 1091 906 1121 vel
938 1092 1107 1130 pluribus,
1140 1095 1263 1126 valoris

292 1138 536 1177 quinquaginta
555 1149 742 1171 marcarum
759 1142 798 1172 ad
815 1143 940 1180 minus,
960 1146 1129 1183 provisum
1147 1149 1264 1178 extite-

290 1191 344 1225 rit,
365 1195 395 1221 et
411 1191 511 1221 fuerit
529 1193 562 1221 in
586 1194 723 1231 pacifica
739 1196 951 1233 possessione
968 1199 1169 1236 provisionis
1188 1210 1264 1239 pre-

292 1243 389 1279 dicte,
410 1248 441 1273 et
458 1245 585 1275 fructus
603 1248 787 1286 perceperit
804 1258 841 1278 ex
861 1250 985 1280 eadem.
1006 1252 1044 1281 Et
1058 1261 1128 1286 nos,
1150 1258 1263 1284 aucto-

292 1296 390 1326 ritate
412 1297 507 1327 nohis
531 1308 549 1327 a
573 1299 706 1329 domino
729 1310 810 1339 papa
835 1303 1027 1339 commissa,
1049 1309 1079 1334 et
1103 1306 1201 1336 etiam
1224 1308 1262 1338 de

290 1349 435 1386 partium
466 1350 654 1387 voluntate,
681 1353 864 1390 predictam
891 1356 1086 1393 pensionem
1116 1358 1263 1389 institui-

288 1410 374 1437 mus,
393 1403 606 1434 concedimus
625 1409 655 1434 et
671 1406 866 1437 ordinamus
883 1414 1064 1440 memorato
1080 1411 1213 1442 domino
1229 1414 1258 1444 J.

290 1464 390 1493 super
406 1455 501 1486 honis
519 1458 604 1487 etde
621 1458 718 1489 bonis
734 1459 842 1498 ipsius
856 1464 1052 1492 monasterii
1070 1465 1182 1495 Sancti
1197 1467 1261 1496 Au-

291 1508 417 1545 gustini
437 1510 532 1539 modo
549 1514 579 1539 et
595 1511 701 1541 forma
722 1513 876 1550 superius
892 1514 960 1553 J'am
979 1518 1161 1554 expressis3
1183 1528 1261 1558 sup-

290 1560 430 1599 plentes,
448 1562 486 1591 de
503 1562 629 1592 domini
646 1573 727 1602 pape
745 1566 882 1603 speciali
901 1568 1075 1605 mandato,
1096 1570 1261 1602 defectum

291 1615 535 1651 procurationis
549 1621 799 1653 procuratorum
817 1619 976 1657 ipsorum,
990 1621 1024 1650 in
1040 1631 1077 1652 eo
1094 1624 1180 1662 quod
1196 1625 1261 1663 ipsi

291 1666 332 1696 ad
349 1668 610 1704 componendum
630 1673 659 1698 et
681 1670 877 1707 pensionem
900 1672 1041 1703 dandam
1063 1684 1122 1705 seu
1143 1686 1260 1708 conce-

292 1718 434 1748 dendam
451 1723 479 1749 et
497 1720 714 1751 ordinandam
735 1723 877 1760 speciale
898 1733 963 1755 non
980 1725 1147 1758 habebant
1165 1738 1260 1759 man-

291 1770 416 1805 datum,
435 1772 586 1810 quamvis
604 1773 686 1803 alias
704 1783 761 1812 pro
775 1776 929 1807 omnibus
947 1780 1089 1816 negotiis
1104 1786 1134 1811 et
1148 1783 1259 1813 causis

291 1824 439 1863 ejusdem
450 1827 643 1856 monasterii
657 1828 876 1859 sufficientem
894 1835 925 1860 et
938 1830 1090 1862 idoneam
1107 1843 1258 1872 procura-

290 1876 414 1905 tionem
440 1875 612 1913 haberent,
636 1879 729 1918 cujus
751 1883 844 1910 tenor
869 1881 908 1911 de
934 1883 1034 1914 verbo
1059 1885 1097 1914 ad
1121 1887 1257 1917 verbum

287 1928 433 1958 inferius
452 1934 642 1960 annotatur.
668 1932 839 1970 Expensas
862 1944 937 1964 vero
959 1945 1074 1967 omnes
1096 1938 1198 1970 abbas
1226 1946 1258 1971 et

287 1986 471 2012 conventus
496 1983 635 2020 predicti
656 1984 866 2023 integraliter
888 1989 1012 2019 facient
1037 1991 1072 2020 in
1100 2001 1257 2030 prosecu-

287 2035 377 2065 tione
399 2036 643 2073 prosecutionis
665 2039 822 2076 predicte,
850 2050 1034 2082 quousque,
1064 2049 1099 2074 ut
1132 2046 1256 2077 dietum

286 2092 347 2123 est,
364 2088 512 2126 predicto
532 2089 665 2120 domino
689 2092 719 2122 J.
743 2093 914 2130 provisum
931 2096 1033 2126 fuerit
1056 2102 1086 2127 et
1106 2099 1141 2128 in
1165 2101 1255 2137 paci-

285 2140 348 2170 fica
373 2141 584 2179 possessione
613 2143 760 2174 extiterit
789 2147 991 2183 provisionis
1017 2150 1194 2189 jamdicte,
1225 2159 1256 2184 et

285 2193 414 2223 fructus
426 2195 609 2232 perceperit
626 2204 664 2225 ex
681 2197 807 2234 eadem,
823 2199 888 2230 nisi
902 2202 1032 2239 questio
1049 2204 1161 2243 aliqua
1178 2206 1254 2237 inde

285 2250 479 2283 emergeret,
498 2251 528 2276 et
548 2248 717 2285 negotium
735 2250 775 2280 ad
790 2251 926 2282 Curiam
944 2254 1126 2292 deveniret,
1144 2259 1179 2288 in
1197 2268 1254 2289 cu-

281 2298 338 2337 jus
360 2299 591 2335 prosecutione
622 2303 770 2339 negocii,
798 2304 876 2334 dum
900 2306 935 2335 in
961 2307 1061 2339 Curia
1086 2316 1252 2349 ageretur,

285 2350 365 2380 dicti
404 2351 505 2381 abbas
549 2358 579 2383 et
624 2360 806 2386 conventus
850 2367 1010 2397 expensas
1047 2362 1155 2394 facere
1189 2366 1253 2395 mi-

285 2403 375 2433 nime
415 2408 600 2435 teneantur.
646 2408 846 2439 Pensionem
884 2415 993 2443 tamen
1032 2416 1160 2453 prefato
1198 2427 1252 2448 ca-

282 2455 414 2493 pellano
431 2458 602 2487 annuatim
616 2459 824 2497 integraliter
838 2472 968 2502 semper
980 2466 1119 2504 solvant,
1136 2469 1249 2508 donee,

284 2512 320 2537 ut
337 2509 492 2546 superius
512 2514 559 2539 est
588 2520 790 2549 expressum,
820 2515 854 2544 in
883 2518 1019 2555 pacifica
1040 2523 1251 2558 possessione

281 2560 384 2590 fuerit
400 2562 601 2599 provisionis
620 2564 777 2603 jamdicte
801 2573 832 2597 et
855 2569 982 2602 fructus
1005 2576 1188 2612 perceperit
1213 2586 1251 2607 ex

282 2613 407 2643 eadem.
429 2614 463 2644 Si
483 2619 592 2645 autern
616 2617 780 2654 prefatum
805 2620 974 2652 dominum
999 2625 1187 2658 Johanncm
1211 2630 1252 2659 ad

282 2666 501 2704 episcopalem
527 2668 579 2697 vel
605 2669 919 2711 archiepiscopalem
945 2676 1140 2714 dignitatem
1163 2681 1251 2712 inte-

280 2718 345 2746 rim
374 2719 550 2755 contigerit
576 2723 780 2760 promoveri,
809 2725 871 2761 vel,
899 2727 985 2758 sicut
1018 2732 1171 2768 superius
1201 2738 1250 2763 est

280 2774 463 2805 narratum,
486 2772 587 2801 fuerit
605 2773 635 2802 ei
653 2775 834 2812 provisum,
854 2782 884 2807 et
906 2779 940 2808 in
961 2783 1097 2818 pacifica
1117 2794 1250 2822 posses-

280 2823 374 2853 sione
390 2823 536 2853 extiterit
550 2826 751 2862 provisionis
770 2829 886 2867 ipsius,
907 2837 937 2861 et
954 2834 1082 2865 fructus
1099 2846 1248 2876 percepe-

280 2876 323 2905 rit
336 2885 373 2906 ex
388 2876 513 2912 eadem,
529 2880 701 2909 memorati
719 2881 820 2912 abbas
838 2888 868 2913 et
883 2892 1064 2918 conventus
1077 2890 1117 2918 al>
1135 2891 1247 2921 eadem

1354 313 1366 326 ))

1352 365 1365 379 D

1352 418 1365 432 l)

1353 471 1365 484 1>

1353 524 1365 537 >1

1352 576 1365 589 5)

1352 628 1364 642 ))

1352 681 1364 695 D

1352 734 1365 748 ))

1351 840 1363 854 ))

1351 894 1363 907 D

1351 946 1363 962 Ι)

1350 1000 1362 1014 ))

1350 1052 1363 1067 1)

1350 1106 1362 1121 l)

1349 1212 1361 1227 1)

988 234 1227 264 REGISTRES
1250 234 1556 266 D‘ALEXANDRE
1579 237 1632 266 IV.

1392 301 1552 339 pensione
1571 311 1628 332 seu
1647 303 1836 341 provisione
1853 304 1920 334 sint
1936 305 2033 336 liberi
2051 311 2081 336 et
2098 307 2277 339 immunes.
2297 309 2361 340 Su-

1390 354 1572 393 pra-:eadem
1585 359 1694 385 autem
1707 356 1847 387 ecclesia
1859 357 1898 387 de
1913 358 2071 395 Lenharn,
2085 360 2249 398 predictos
2261 361 2360 392 abba-

1392 410 1439 436 tes
1456 406 1528 445 (sic)
1549 412 1579 437 et
1598 413 1797 438 conventum
1821 409 1997 440 diffinitive
2018 411 2222 444 absolvimus
2239 423 2257 444 a
2275 414 2361 452 peti-

1391 459 1479 489 tione
1497 459 1622 489 domini
1637 460 1803 491 zIohannis
1816 462 1968 500 predicti,
1979 471 2054 492 cum
2066 464 2361 496 nohisconstiterit

1392 511 1562 542 evidenter
1578 522 1634 551 per
1651 513 1877 551 indulgentias
1900 516 2125 546 Romanorum
2147 518 2358 555 Pontificum,

1391 564 1501 593 abbati
1528 569 1558 595 et
1583 567 1760 596 conventui
1786 568 1980 597 monasterii
2002 568 2156 607 prelibati
2179 570 2286 609 ipsam
2306 580 2360 602 ec·-

1389 616 1526 646 clesiam
1548 617 1583 646 in
1607 627 1688 648 usus
1711 620 1860 657 proprios
1883 620 1988 650 fuisse
2011 630 2222 657 concessam,
2251 623 2360 654 eidem

1390 669 1524 699 domino
1541 671 1569 700 J.
1599 679 1698 709 super
1718 671 1790 710 ipsa
1810 672 1950 703 ecclesia
1971 678 2166 712 perpetuum
2186 675 2360 707 silentium

1391 722 1602 760 imponendo.

1392 787 1403 801 »
1430 775 1544 805 Dictus
1573 780 1682 806 autem
1716 776 1870 808 dominus
1907 780 1937 809 J.
1972 779 2007 808 in
2045 784 2157 810 nostra
2191 781 2360 820 presentia

1390 833 1505 866 sponte
1531 829 1735 860 renuntiavit
1761 831 1916 861 omnibus
1940 831 2061 862 litteris
2085 837 2116 863 et
2137 833 2359 872 indulgentiis

1388 881 1575 919 impetratis
1592 887 1621 912 et
1639 882 1868 921 impetrandis.
1889 893 1927 914 ex
1946 885 2068 924 quihus
2085 886 2190 924 possit
2211 887 2276 917 sihi
2294 886 2358 918 ali-

1391 935 1477 973 quod
1504 935 1745 966 adminiculum
1773 937 1944 971 exhiberi,
1971 939 2058 977 quod
2085 939 2165 970 dicti
2195 939 2297 971 abhas
2326 944 2360 972 et

1388 992 1570 1018 conventus
1581 989 1644 1018 sihi
1661 990 1842 1028 predictam
1855 992 2047 1029 pensionem
2066 992 2194 1023 solvere
2208 997 2359 1024 teneren-

1389 1044 1452 1076 tur,
1470 1046 1644 1080 postquam
1661 1051 1735 1072 eum
1755 1043 1795 1072 ad
1812 1043 2032 1082 episcopalem
2053 1044 2104 1075 vel
2133 1045 2358 1085 archiepisco-

1387 1094 1495 1132 palem
1513 1094 1708 1132 dignitatem
1727 1096 1931 1134 contingeret
1949 1098 2147 1135 promoveri.

1390 1159 1403 1174 ι)
1428 1147 1536 1177 Tenor
1552 1151 1662 1177 autem
1678 1149 1923 1186 procurationis
1939 1150 2162 1188 predictorum
2178 1151 2358 1183 monacho-

1387 1209 1460 1229 rum
1477 1200 1553 1230 talis
1570 1205 1636 1230 est:

1855 1294 2043 1330 Cantor-bery,
2064 1295 2094 1322 17
2110 1304 2188 1323 mars
2204 1297 2283 1324 ¹252.

1387 1367 1399 1381 n
1425 1355 1645 1385 Sanctissimo
1672 1355 1758 1393 patri
1779 1365 1816 1386 ac
1839 1356 1972 1386 domino
2001 1358 2214 1394 Innocentio,
2240 1358 2358 1390 divina

1384 1407 1593 1445 providentia
1609 1416 1738 1437 summo
1754 1409 1915 1447 pontifici,
1934 1418 1992 1440 sue
2012 1410 2207 1441 Sanctitatis
2223 1411 2286 1441 filii
2297 1411 2356 1443 de-

1385 1460 1451 1489 voti
1471 1483 1503 1495 ..,
1524 1460 1624 1498 prior,
1650 1464 1681 1490 et
1705 1465 1887 1491 conventus
1910 1461 2130 1500 [monasterii]
2152 1463 2266 1494 Sancti
2284 1464 2355 1495 Au-

1385 1513 1511 1551 gustini
1533 1514 1799 1549 cantuariensis,
1825 1514 1913 1553 quod
1935 1515 1976 1544 ad
1998 1515 2116 1545 Sedem
2140 1516 2356 1554 apostolicam

1384 1566 1476 1597 nullo
1492 1567 1600 1597 medio
1617 1567 1761 1605 pertinet
1778 1567 1955 1603 mediante,
1973 1568 2094 1606 pedum
2110 1569 2225 1600 oscula
2239 1569 2353 1601 beato-

1383 1629 1468 1650 rum.
1487 1621 1525 1650 In
1544 1620 1700 1650 omnibus
1721 1621 1832 1651 causis
1849 1625 1880 1650 et
1896 1621 2045 1659 negociis
2066 1621 2102 1650 in
2119 1621 2221 1652 Curia
2245 1626 2355 1653 vestre

1382 1673 1576 1703 Sanctitatis
1613 1674 1854 1703 monasterium
1890 1674 2173 1712 contingentibus,
2214 1675 2354 1706 dilectos

1382 1726 1502 1756 fratres
1519 1730 1550 1756 et
1566 1726 1820 1756 commonachos
1837 1731 1968 1757 nostros
1989 1728 2204 1766 Roggerium‚
2229 1727 2353 1759 elemo-

1382 1779 1558 1813 sinarium,
1577 1785 1608 1809 et
1623 1779 1728 1809 Adam
1750 1779 1789 1810 de
1810 1780 1931 1810 Sancto
1954 1779 2095 1817 Albano,
2120 1785 2352 1819 procuratores

1382 1837 1524 1867 nostros,
1555 1833 1790 1862 constituimus
1817 1832 1857 1862 ad
1883 1833 2065 1870 agendum,
2092 1833 2349 1876 defendendum,

1380 1886 1637 1923 impetrandum,
1655 1885 1960 1921 contradicendum,
1985 1885 2200 1922 narrandum,
2223 1895 2351 1925 ponen-

1381 1938 1457 1968 dum
1475 1942 1505 1968 et
1515 1938 1549 1967 in
1558 1938 1688 1977 judices
1700 1937 1987 1974 consentiendum,
1999 1942 2030 1968 et
2045 1937 2148 1968 alium
2156 1943 2351 1977 procurato-

1380 2000 1450 2020 rem
1466 1990 1747 2026 constituendum,
1765 1994 1797 2020 et
1818 1990 1859 2020 ad
1875 1990 1988 2020 omnia
2005 1990 2072 2021 alia
2088 1991 2265 2029 agendum,
2283 2000 2348 2032 que

1380 2044 1450 2074 veri
1465 2048 1496 2074 et
1511 2043 1652 2081 legitimi
1665 2048 1895 2082 procuratores
1910 2044 2019 2074 facere
2031 2048 2182 2082 possunt,
2196 2049 2306 2074 ratum
2316 2048 2350 2075 et

1379 2102 1510 2136 gratum
1533 2097 1693 2131 habituri,
1716 2092 1875 2136 quicquid
1895 2106 1953 2135 per
1978 2106 2034 2128 eos
2060 2101 2092 2128 et
2121 2106 2235 2128 eorum
2265 2097 2348 2129 alte-

1378 2160 1463 2184 rum,
1482 2159 1580 2189 quem
1597 2149 1712 2180 adesse
1729 2150 1920 2187 contigerit,
1943 2154 2052 2180 actum
2071 2150 2174 2180 suerit
2197 2159 2257 2181 seu
2271 2160 2349 2190 pro-

1378 2208 1547 2234 curatum:
1561 2212 1618 2241 pro
1632 2203 1680 2232 eis
1693 2202 1793 2232 etiam
1807 2206 1838 2232 et
1850 2211 1907 2240 pro
1921 2211 2035 2232 eorum
2049 2202 2348 2242 alterojudicatum

1378 2256 1461 2286 solvi
1484 2255 1720 2294 promittimus,
1745 2255 1773 2285 si
1797 2264 1933 2285 necesse
1957 2255 2070 2285 fuerit.
2097 2255 2189 2285 Idem
2205 2255 2347 2294 quibus-

1377 2318 1519 2348 cumque
1541 2308 1743 2338 adversariis
1772 2308 1895 2338 nostris
1923 2307 2162 2345 significamus.
2190 2309 2229 2338 In
2249 2308 2347 2348 cujus

1376 2362 1425 2392 rei
1438 2361 1677 2395 testimonium,
1693 2360 1772 2389 huic
1789 2360 1911 2398 scripto
1925 2359 2073 2398 sigillum
2088 2359 2226 2398 capituli
2239 2360 2346 2390 nostri

1377 2414 1603 2453 apposuimus.
1613 2414 1733 2442 Datum
1741 2413 1933 2447 Cantuarie,
1944 2421 2030 2443 anno
2042 2413 2148 2451 gratie
2155 2413 2343 2449 M⁰CC⁰LIL

1374 2469 1453 2498 XVI
1470 2466 1630 2496 kalendas
1651 2465 1778 2504 aprilis.
1799 2465 1981 2496 Conservet
2000 2465 2196 2496 Altissimus
2213 2466 2346 2497 Sancti-

1376 2525 1475 2551 tatem
1492 2524 1635 2550 vestram
1651 2528 1709 2558 per
1725 2523 1873 2557 tempora
1890 2518 2052 2556 longiora.
2072 2531 2087 2546 »

1375 2586 1388 2601 «
1421 2574 1540 2603 Actum
1577 2572 1701 2607 Asisii,
1745 2572 1797 2602 die
1837 2572 1954 2602 martis
1986 2571 2155 2602 tricesimo
2195 2572 2343 2603 intrante

1372 2634 1486 2656 mense
1505 2625 1663 2663 predicto,
1681 2623 1893 2662 presentibus
1910 2624 2069 2662 magistro
2090 2624 2246 2663 Symone,
2263 2633 2341 2664 pro-

1374 2683 1525 2709 curatore
1543 2677 1639 2707 electi
1657 2677 1863 2710 Leodiensis,
1880 2677 2040 2714 magistro
2058 2677 2222 2716 Aymone,
2239 2677 2344 2708 fratre

1372 2731 1531 2766 Corrado,
1564 2735 1593 2760 et
1625 2731 1727 2760 fratre
1758 2729 1936 2765 Rostaino,
1970 2730 2131 2760 fratribus
2161 2729 2339 2769 hospitalis

1332 2797 1346 2812 n
1367 2784 1660 2818 Tlieutoniroriini,
1680 2791 1766 2812 anno
1785 2787 1815 2812 et
1836 2782 2019 2812 indictione
2041 2782 2211 2821 predictis,
2229 2782 2341 2821 ponti-

1333 2851 1346 2866 ²>

1332 2904 1346 2919 Σ)

1371 2840 1488 2868 licatus
1505 2837 1631 2866 domini
1647 2836 1835 2866 Innocentii
1854 2844 1936 2874 pape
1952 2836 2019 2865 1111
2036 2844 2123 2866 anno
2141 2835 2280 2866 decimo.
2298 2836 2337 2866 In

1371 2891 1465 2929 cujus
1488 2890 1534 2919 rei
1559 2889 1798 2923 testimonium,
1825 2897 1963 2926 presens
1980 2888 2239 2918 instrumentum
2260 2887 2341 2918 inde
