2441 3330
975 176 1198 214 PREMIERE
1220 176 1377 214 ANNEE.
2183 184 2220 214 35

169 255 209 285 In
229 252 397 283 territorio
419 251 633 290 Tyberiadis,
658 251 766 281 casale
783 259 888 280 unum
912 249 999 288 quod
1018 249 1139 278 dicitur

130 305 325 338 Casrielme.

171 360 211 389 In
226 361 314 388 terra
332 356 440 391 Sueti,
462 355 570 385 casale
585 364 690 385 unum
712 354 799 393 quod
814 354 935 383 dicitur
949 353 1093 383 Zebezeb
1110 357 1141 382 et

132 411 224 443 aliud
253 410 341 449 quod
365 409 486 438 dicitur
514 409 654 438 Sanctus
681 407 844 444 Georgius
871 406 909 436 de
934 405 1083 436 Chaman
1111 408 1141 434 et

132 463 224 494 aliud
239 462 326 501 quod
341 462 463 491 dicitur
480 461 620 491 Sanctus
636 460 698 490 ι101)
714 468 789 489 cum
806 458 960 488 omnibus
976 457 1141 496 pertinen-

133 516 191 546 tiis
208 524 321 546 eorum
338 518 369 544 et
387 513 495 543 casale
511 513 598 552 quod
613 513 735 542 dicitur
752 513 901 542 Suesme.

173 570 213 599 In
228 567 395 598 territorio
409 567 485 602 Gor,
504 565 611 596 casale
627 565 761 595 nomine
776 566 900 595 Jarraz.

173 622 213 651 In
227 619 335 650 casale
350 619 493 649 Huberti
507 619 545 648 de
561 619 678 653 Paceo,
695 621 835 656 quatuor
852 620 1040 646 carrucatas
1056 619 1142 645 terre

134 678 166 705 et
185 673 359 708 olivetum,
377 677 409 702 et
430 672 520 701 infra
542 670 668 705 casale,
693 670 826 699 domum
845 678 963 699 unam.
989 673 1019 698 et
1040 672 1141 703 extra,

132 729 252 756 ortum.

173 779 213 809 In
229 777 353 808 diocesi
376 777 490 807 Sancti
505 776 655 814 Georgii,
674 774 782 805 casale
798 783 902 804 unum
920 775 1007 812 quod
1022 774 1143 804 dicitur

134 830 306 870 Sephorie.

172 885 212 914 In
228 883 396 914 territorio
412 883 507 921 Tyri,
527 881 635 912 casale
653 889 758 911 unum
774 880 908 910 nomine
928 880 1097 910 Bethsalla
1112 885 1143 910 et

133 936 225 966 aliud
250 936 385 966 nomine
415 935 598 970 Sardanas,
628 938 658 964 et
686 934 775 963 infra
802 933 987 968 civitatem,
1017 933 1140 969 domos,

131 989 331 1019 viridarium
347 992 378 1018 et
393 992 513 1017 ortum.

171 1042 211 1072 In
227 1041 394 1071 territorio
410 1040 595 1075 Ascalonis,
611 1038 719 1069 casale
737 1047 841 1068 unum
857 1038 991 1068 nomine
1010 1039 1144 1069 Maehoz

132 1103 209 1125 cum
234 1094 389 1124 omnibus
418 1093 635 1131 pertinenciis
665 1092 735 1122 suis
767 1096 799 1122 et
824 1092 983 1130 majorem
1009 1092 1143 1121 macho-

132 1147 273 1177 meriam
303 1146 339 1175 in
371 1146 484 1176 eadem
515 1145 648 1175 civitate
680 1148 711 1174 et
744 1153 849 1174 unum
878 1144 917 1174 de
948 1144 1143 1174 melioribus

133 1199 316 1230 viridariis.

174 1252 214 1282 Et
234 1251 357 1281 iterum
379 1255 470 1280 trans
490 1250 614 1280 flumen
635 1249 808 1285 Jordanis,
827 1250 890 1279 duo
911 1250 1034 1280 casalia
1052 1252 1098 1280 La
1114 1256 1146 1281 et

134 1303 301 1334 Bethsura
316 1312 391 1333 cum
406 1303 521 1338 terris,
538 1302 659 1340 pratis,
676 1302 800 1337 vineis,
819 1302 1026 1337 nemoribus,
1043 1312 1145 1333 usua-

135 1356 200 1394 giis
212 1360 243 1385 et
252 1356 387 1394 pascuis
398 1355 433 1384 in
446 1355 544 1385 bosco
556 1359 586 1384 et
597 1354 707 1392 plano,
720 1354 755 1383 in
772 1355 867 1392 aquis
884 1359 915 1384 et
930 1355 1143 1391 molendinis,

133 1408 170 1438 in
199 1408 265 1438 viis
297 1412 328 1438 et
359 1408 488 1438 semitis
518 1412 550 1437 et
580 1407 736 1437 omnibus
765 1407 841 1437 aliis
871 1407 1082 1437 libertatibus
1115 1413 1146 1438 et

133 1461 416 1491 immunitatibus.

174 1515 214 1543 In
229 1513 320 1543 omni
335 1517 432 1551 portu
447 1512 635 1543 Jerusalem
648 1512 721 1542 sine
732 1512 843 1541 navali
857 1513 1025 1543 exactione
1042 1513 1146 1544 libere

133 1566 260 1596 intrare
283 1570 314 1595 et
330 1565 419 1595 exire
435 1574 510 1594 cum
528 1564 669 1594 navibus
688 1569 719 1594 et
740 1565 895 1594 omnibus
910 1565 1010 1595 rebus
1026 1566 1146 1595 vestris

136 1623 168 1649 et
196 1619 322 1648 intrare
351 1618 386 1647 in
416 1618 585 1647 civitatem
621 1617 862 1647 ptolomaidam
889 1622 919 1647 et
953 1618 1043 1648 exire
1072 1628 1147 1647 cum

137 1671 293 1702 omnibus
319 1671 419 1701 rebus
446 1671 566 1700 vestris
595 1670 667 1700 sine
692 1670 805 1709 aliqua
829 1671 979 1701 tributali
1007 1680 1147 1701 consue-

134 1725 262 1755 tudine.

176 1778 263 1808 Sane
285 1777 455 1807 novalium
470 1781 656 1806 vestrarum
675 1786 738 1815 que
760 1777 904 1814 propriis
920 1777 1074 1807 manibus
1091 1781 1147 1807 aut

137 1829 325 1868 sumptibus
341 1829 461 1864 colitis,
480 1829 519 1859 de
535 1829 657 1868 quibus
674 1829 796 1867 aliquis
813 1828 974 1859 hactenus
991 1838 1056 1859 non
1072 1838 1146 1868 per-

136 1882 221 1921 cepit
235 1882 305 1912 sive
321 1882 359 1911 de
376 1886 562 1912 vestrorum
578 1881 775 1911 animalium
792 1882 1018 1917 nutrimentis,
1035 1882 1146 1912 nullus

137 1945 156 1965 a
170 1935 264 1965 vobis
280 1935 425 1965 decimas
442 1935 572 1972 exigere
590 1934 640 1964 vel
657 1939 852 1973 extorquere
870 1940 1052 1973 presumat.

174 1988 286 2018 Liceat
303 1996 433 2026 quoquc
449 1987 542 2017 vohis
559 1987 696 2017 clericos
713 1987 764 2017 vel
782 1987 884 2017 laicos
903 1987 1024 2017 liberos
1042 1991 1073 2017 et
1089 1988 1146 2017 ab—

136 2041 261 2072 solutos
277 2049 294 2070 e
310 2040 421 2070 seculo
441 2041 608 2077 fugientes
630 2040 670 2069 ad
686 2040 937 2070 conversionem
953 2040 1099 2078 recipere
1116 2044 1147 2069 et

136 2102 191 2124 eos
207 2094 332 2132 absque
348 2093 608 2122 contradictione
623 2092 735 2131 aliqua
750 2093 906 2122 retinere.

175 2146 396 2177 Prohibemus
410 2146 546 2183 insuper
558 2149 591 2175 ut
609 2145 694 2174 nulli
709 2146 850 2174 fratrum
863 2149 1059 2177 vestrorum,
1074 2149 1147 2182 post

135 2200 256 2229 factam
271 2199 305 2227 in
322 2198 523 2228 monasterio
540 2202 648 2228 vestro
662 2198 914 2236 professionem,
932 2198 983 2227 fas
1000 2198 1053 2232 sit,
1074 2198 1146 2227 sine

137 2251 266 2281 abbatis
283 2251 335 2281 sui
350 2251 496 2286 licentia,
512 2250 551 2280 de
568 2250 681 2280 eodem
696 2250 766 2279 loco
783 2250 849 2279 nisi
867 2250 1000 2279 artioris
1016 2249 1147 2287 religio-

137 2304 190 2334 nis
212 2303 348 2333 obtentu
369 2303 555 2338 discedere3
580 2303 805 2333 discedentem
822 2312 898 2332 vero
918 2303 1042 2341 absque
1059 2312 1147 2331 com-

136 2357 231 2386 muni
261 2355 449 2386 litterarum
477 2360 663 2385 vestrarum
699 2356 853 2385 cautione
887 2355 999 2385 nullus
1029 2355 1148 2384 audeat

134 2409 291 2439 retinere.

177 2461 261 2491 Cum
277 2464 387 2490 autem
404 2460 557 2497 generale
573 2460 788 2490 interdictum
812 2465 896 2490 terre
914 2460 1012 2489 suerit
1027 2483 1032 2494 ,
1050 2459 1147 2489 liceat

137 2513 242 2548 vobis,
258 2513 380 2543 clausis
394 2513 519 2552 januis,
537 2513 680 2543 exclusis
697 2513 990 2543 excomnumieatis
1004 2517 1034 2541 et
1049 2513 1147 2541 inter-

137 2566 252 2601 dictis,
277 2575 341 2596 non
362 2566 502 2604 pulsatis
525 2566 706 2604 campanis,
725 2575 901 2603 suppressa
924 2575 1017 2599 voce,
1036 2564 1149 2593 divina

139 2618 247 2649 officia
284 2618 468 2653 celebrare,
506 2618 681 2648 dummodo
716 2627 850 2648 eausam
891 2627 956 2647 non
991 2617 1148 2647 dederitis

136 2671 324 2701 interdicto.

176 2723 305 2754 Crisma
319 2732 407 2758 vero,
421 2723 530 2753 oleum
541 2727 704 2759 sanctum,
716 2723 982 2753 conset-rationes
995 2722 1149 2751 altarium

138 2785 197 2807 seu
210 2776 436 2811 basilicarum,
452 2776 678 2806 ordinationes
691 2776 885 2806 clericorum
898 2776 954 2814 (1111
965 2775 1005 2804 ad
1016 2774 1149 2804 ordines

137 2829 266 2860 fuerint
292 2828 507 2867 promovendi
535 2837 553 2857 a
576 2828 752 2859 diocesano
773 2828 962 2866 suscipietis
985 2827 1147 2865 episcopo,

1222 248 1387 286 siquidem
1403 249 1583 279 catholicus
1598 249 1700 279 fuerit
1715 253 1745 279 et
1758 249 1897 286 gratiam
1913 252 1943 278 et
1959 249 2223 279 communionem

1223 305 1429 330 sacrosancte
1442 302 1588 331 Romane
1601 302 1694 332 Sedis
1710 301 1864 331 habuerit
1875 305 1906 331 et
1922 310 1959 331 ea
1974 302 2066 331 vobis
2083 302 2224 332 voluerit.

1223 352 1295 381 sine
1315 352 1475 389 pravitate
1505 353 1615 391 aliqua
1645 353 1810 383 exhibere.
1833 352 1991 391 Alioquin
2014 353 2111 383 liceat
2130 353 2223 383 vobis

1224 413 1463 442 quemeumque
1490 405 1674 435 malueritis
1701 405 1899 434 catholicum
1925 405 2015 435 adire
2041 406 2224 435 antistitem

1224 455 1363 492 gratiam
1386 460 1416 485 et
1437 457 1703 485 communionem
1723 456 1899 494 apostolice
1921 457 2014 487 Sedis
2035 457 2221 492 habentem,

1224 507 1281 544 qui
1311 511 1423 536 nostra
1453 508 1557 537 fretus
1587 509 1780 537 auctoritate
1811 508 1903 537 vobis
1932 509 2017 546 quod
2041 509 2225 546 postulatur

1223 558 1402 596 impendat.

1265 611 1485 641 Prohibemus
1501 612 1637 649 insuper
1653 616 1699 647 ut,
1718 612 1805 640 infra
1821 612 1903 641 fines
1919 612 2090 649 parrochie
2106 616 2223 648 vestre,

1225 663 1355 698 nullus,
1378 664 1450 693 sine
1474 673 1613 693 assensu
1635 664 1802 693 diocesani
1821 663 1964 701 episcopi
1987 667 2016 692 et
2033 668 2155 697 vesti-0,
2173 673 2227 693 ca-

1225 716 1344 754 pellam
1364 726 1422 745 seu
1438 716 1617 745 oratorium
1634 716 1672 745 de
1688 724 1771 744 novo
1789 719 1978 744 construere
1995 715 2111 744 audeat
2128 715 2227 745 salvis

1225 769 1410 807 privilegiis
1428 769 1621 806 pontificum
1636 769 1871 798 Romanorum.

1266 821 1500 851 Inter-dicimus
1526 821 1625 850 etiam
1652 829 1692 849 ne
1721 830 1778 858 per
1808 820 1947 858 alicujus
1975 819 2227 857 sollempnitatis

1226 873 1433 903 occasionem
1455 873 1489 902 in
1512 873 1647 902 cenobio
1668 877 1774 902 vestro
1791 881 1870 901 cena
1886 871 1936 901 vel
1952 872 2126 909 prandium
2143 882 2160 901 a
2172 874 2228 902 Je-

1225 925 1454 955 rosolimitane
1475 924 1613 954 ecclesie
1633 925 1784 962 episeopo
1804 923 1856 953 vel
1876 923 2004 953 clericis
2022 924 2169 961 exigatur
2188 933 2227 954 00

1227 987 1397 1008 servorum
1424 978 1485 1007 Dei
1509 977 1604 1016 quies
1630 976 1820 1015 hujusmodi
1845 976 2073 1006 occasionibus
2100 980 2228 1013 pertur-

1224 1032 1332 1062 betur.

1267 1085 1310 1114 Ut
1328 1087 1438 1113 autem
1454 1084 1488 1112 in
1505 1083 1621 1122 majori
1638 1082 1747 1121 quiete
1764 1082 1899 1119 possitis
1913 1081 1950 1111 de
1967 1086 2074 1111 cetero
2090 1082 2229 1110 Domino

1225 1136 1423 1175 propensius
1442 1136 1637 1170 desservire,
1656 1135 1837 1164 adicientes
1853 1134 1998 1172 presenti
2017 1134 2155 1163 decreto.
2174 1143 2230 1171 pe-

1227 1190 1317 1219 nitus
1336 1189 1549 1227 prohibemus
1570 1193 1606 1217 ut
1627 1188 1661 1216 in
1685 1187 1797 1217 eadem
1817 1187 1954 1216 eeclesia
1974 1187 2034 1216 Dei
2051 1186 2228 1216 Genitrieis

1227 1242 1378 1280 episeopo
1405 1241 1674 1272 Jerosolimitano
1702 1240 1838 1269 ecclesie
1864 1239 2016 1268 cathedra
2040 1239 2228 1268 nullatenus

1227 1294 1387 1331 exigatur.

1268 1347 1360 1377 Nulli
1377 1347 1475 1376 etiam
1493 1355 1552 1375 nec
1567 1345 1835 1376 Jerosolimitano
1851 1343 2000 1381 episcopo
2018 1343 2115 1372 liceat
2130 1342 2228 1372 eccle-

1228 1400 1310 1429 siam
1328 1403 1471 1428 vestram
1489 1398 1664 1428 interdicto
1688 1397 1837 1427 subicere
1860 1395 1910 1425 vel
1927 1396 2038 1424 divina
2058 1395 2103 1424 ibi
2124 1395 2230 1424 officia

1228 1452 1388 1482 celebrari
1405 1451 1570 1481 ullatenus
1587 1450 1772 1488 prohibere.

1267 1505 1318 1534 Ad
1338 1505 1398 1534 hee
1421 1513 1522 1533 novas
1543 1508 1573 1533 et
1595 1503 1760 1532 indebitas
1782 1501 1968 1531 exactiones
1991 1500 2030 1529 ab
2048 1499 2230 1537 archiepis-

1229 1557 1333 1596 copis,
1359 1556 1538 1594 episcopis,
1565 1554 1807 1585 archidiaconis
1833 1563 1891 1583 seu
1913 1552 2062 1586 decanis,
2088 1552 2229 1590 aliisque

1228 1609 1382 1640 omnihus
1405 1608 1640 1639 ecclesiasticis
1663 1607 1908 1637 secularibusve
1928 1605 2077 1643 personis
2099 1614 2117 1633 a
2138 1603 2231 1633 vobis

1229 1663 1363 1693 omnino
1379 1662 1451 1691 lieri
1467 1661 1691 1699 prohibemus.

1270 1715 1480 1754 Sepulturam
1501 1722 1630 1752 quoque
1652 1712 1757 1750 ipsius
1776 1711 1839 1741 loci
1864 1711 2002 1740 liberam
2023 1719 2094 1739 esse
2120 1709 2231 1738 decer-

1230 1770 1352 1803 nimus,
1374 1771 1409 1797 ut
1427 1776 1538 1796 eorum
1556 1765 1721 1795 devotioni
1738 1769 1768 1793 et
1786 1768 1928 1793 extreme
1944 1762 2105 1792 voluntati
2125 1762 2179 1799 qui
2197 1770 2231 1790 se

1229 1822 1299 1851 illic
1318 1820 1451 1858 sepeliri
1476 1818 1749 1849 deliberaverint.
1768 1816 1834 1846 nisi
1856 1816 1939 1845 forte
1961 1813 2231 1844 exemnmunicati

1230 1875 1282 1905 vel
1304 1873 1471 1903 interdicti
1495 1872 1560 1902 sint
1590 1875 1645 1900 aut
1668 1871 1767 1900 etiam
1789 1869 1913 1907 publici
1935 1867 2095 1901 usurarii,
2120 1866 2230 1895 nullus

1230 1927 1386 1961 obsistat,
1412 1925 1502 1955 salva
1524 1929 1633 1954 tamen
1652 1922 1789 1962 justicia.
1817 1921 1948 1950 illarum
1978 1919 2191 1949 ecelesiarum
2213 1927 2231 1947 a

1230 1980 1352 2019 quihus
1369 1983 1572 2008 mortuorum
1588 1985 1723 2014 corpora
1737 1977 1961 2003 assumuntur.

1269 2032 1421 2062 Decilnas
1438 2035 1584 2068 preterea
1608 2033 1638 2058 et
1655 2027 1880 2066 possessiones
1896 2025 2001 2063 adjus
2019 2023 2230 2053 eeclesiarum

1229 2091 1414 2116 vestrarum
1431 2087 1615 2122 slttcetantes
1628 2090 1717 2119 quea
1736 2079 1828 2108 laicis
1843 2078 2032 2107 detinentur
2049 2074 2230 2105 redint-ndi

1231 2144 1261 2169 et
1277 2138 1423 2176 legitime
1441 2135 1602 2165 liberandi
1622 2135 1659 2163 de
1677 2132 1829 2161 manibus
1846 2140 1957 2159 eorum
1974 2134 2004 2159 et
2021 2129 2058 2158 ad
2075 2128 2230 2157 ecelesias

1230 2192 1270 2221 ad
1288 2200 1369 2229 quas
1386 2189 1550 2227 pertinent
1572 2185 1747 2216 revocandi
1770 2184 1873 2212 libera
1893 2182 1935 2211 sit
1958 2181 2049 2210 voletis
2065 2180 2103 2209 de
2121 2184 2231 2208 nostra

1230 2244 1424 2274 auctoritate
1441 2241 1591 2271 facultas.

1270 2296 1431 2326 Redditus
1456 2303 1532 2323 vero
1557 2292 1614 2331 qui
1637 2292 1675 2320 dc
1700 2290 1897 2319 rusticorum
1922 2286 2105 2316 infidelium
2130 2293 2230 2313 ceusu

1230 2354 1338 2379 vestro
1354 2346 1553 2376 monasterio
1572 2343 1739 2374 constituti
1759 2346 1835 2371 sunt
1854 2340 1903 2370 1-01
1920 2340 1954 2368 111
1973 2340 2120 2368 futurum
2141 2346 2230 2374 pres-

1230 2406 1319 2432 tante
1358 2400 1498 2430 Douliuo
1531 2399 1752 2429 conserentur,
1792 2394 1883 2423 vobis
1916 2393 2061 2427 10100105
2098 2398 2229 2419 manere

1230 2462 1415 2485 censemus.

1270 2507 1419 2537 Obeunte
1434 2514 1509 2534 vero
1523 2509 1550 2532 te
1564 2511 1651 2532 nunc
1667 2500 1813 2539 ejusdem
1830 2498 1890 2527 loci
1903 2497 2018 2527 abbate
2035 2495 2084 2524 vel
2102 2499 2229 2523 tuorum

1231 2560 1378 2600 quolibet
1394 2565 1633 2591 suceessorum,
1654 2554 1764 2583 nullus
1783 2553 1827 2581 ibi
1847 2551 1993 2590 qualibet
2009 2546 2230 2584 sula-eptinnis

1232 2613 1357 2644 astucia
1388 2621 1446 2641 5011
1474 2609 1630 2640 violentia
1660 2609 1868 2645 preponatur,
1896 2603 1959 2632 nisi
1989 2610 2085 2639 quem
2113 2600 2230 2627 fratres

1232 2664 1398 2696 communi
1430 2671 1592 2692 consensu
1620 2660 1670 2689 vel
1701 2660 1840 2688 fratrum
1869 2655 1972 2693 major
1998 2662 2072 2691 pars
2100 2649 2228 2679 consilii

1233 2717 1375 2748 sanioris
1395 2715 1574 2745 secundum
1594 2714 1698 2742 Deum
1721 2714 1751 2741 et
1774 2709 1859 2739 beati
1881 2705 2047 2737 l'wrwdieti
2072 2702 2227 2737 regulam,

1231 2769 1435 2809 providerint
1451 2766 1650 2803 eligendum.
2110 2807 2113 2811 .

1273 2822 1350 2852 Paci
1373 2830 1503 2859 quoque
1527 2822 1556 2848 et
1579 2814 1809 2855 tranquillitati
1826 2817 1932 2841 vestre
1953 2814 2086 2848 paterna
2108 2817 2139 2835 111
2156 2815 2230 2843 pos-
