2498 3325
229 248 288 280 438
951 244 1192 276 REGISTRES
1213 243 1521 274 D’ALEXANDRE
1543 244 1600 273 lV.

230 319 404 344 tumacem.
424 314 524 343 Porro
541 313 680 343 dilectus
699 312 788 342 tilius
806 311 964 349 magister
982 312 1114 345 Petrus,
1133 318 1233 340 cano-

230 358 325 396 nicus
341 365 555 404 Nigellensis,
574 368 765 404 procurator
782 364 928 404 ejusdem
946 363 1126 398 comitisse,
1145 372 1234 393 com-

228 428 348 458 parens
365 418 400 447 in
417 418 528 448 eodem
547 417 698 452 termino,
715 426 773 455 pro
790 426 828 447 ea
841 420 955 446 contra
969 415 1110 447 eundern
1122 424 1233 453 regem

228 471 398 510 proposuit
416 480 525 500 coram
544 470 654 505 nobis,
678 470 779 509 quod,
799 478 872 499 cum
889 469 976 499 dicta
994 469 1164 499 comitissa
1181 478 1233 499 es-

230 528 279 554 set
295 523 400 562 ipsius
419 523 508 560 regis
527 532 606 552 uxor
622 522 795 560 legittima,
814 522 901 552 idem
924 531 978 551 rex
1001 530 1076 551 cum
1093 521 1163 551 filia
1179 530 1233 551 ca-

228 576 356 606 rissimi
384 576 418 604 in
449 575 581 606 Christo
612 575 673 604 filii
703 575 809 604 nostri
840 597 872 609 ..,
905 574 993 611 regis
1023 573 1165 604 Castelle
1195 584 1233 604 ac

228 628 384 665 Legionis
401 627 553 663 illustris,
573 627 821 657 matrimonium
837 627 875 657 de
893 627 989 661 sacto,
1006 627 1106 656 immo
1123 627 1232 665 potius

226 681 491 715 contubernium,
510 681 685 710 manifeste
702 680 875 715 contraxit,
893 679 958 714 cui,
976 679 1233 718 dampnabiliter

227 733 385 764 adherere
400 742 609 771 presumens,
630 742 701 762 cum
718 741 755 762 ea
768 737 799 762 et
815 742 888 762 cum
906 731 1057 770 pluribus
1074 732 1149 762 aliis
1166 742 1230 762 non

227 786 441 821 erulmit,nec
460 786 624 815 erubescit
642 785 841 815 adulterium
858 786 1104 823 perpetrare,in
1122 786 1231 816 anime

227 848 285 869 sue
302 838 498 877 periculum,
516 838 733 877 plurimorum
750 838 941 868 scandalum
959 842 989 867 et
1007 838 1231 868 ecclesiastice

227 891 402 930 discipline
415 895 648 929 contemptum.
662 891 769 925 Unde,
789 890 958 921 cumidem
972 900 1025 921 rex
1041 891 1231 928 Portugalie

226 945 406 984 predictam
426 944 530 982 ipsius
548 945 635 981 regis
659 944 801 975 Castelle
826 944 928 973 tiliam
954 943 988 973 in
1014 953 1148 974 uxorem
1171 954 1230 983 pu-

224 997 309 1027 blice
328 997 456 1027 duxerit
481 1001 510 1026 et
535 997 731 1030 traduxerit,
756 1006 894 1035 eamque
916 1006 974 1035 per
992 997 1103 1035 plures
1125 1006 1230 1027 annos

224 1049 332 1088 palam
348 1058 459 1079 secum
478 1049 619 1079 tenuerit
637 1053 666 1079 et
685 1053 804 1083 teneat,
824 1049 955 1088 sibique
971 1049 1068 1088 longo
1086 1055 1230 1089 tempore

224 1102 400 1131 manifeste
424 1101 663 1131 cohabitaret-it
687 1106 715 1131 et
738 1101 919 1136 cohabitet,
943 1103 1028 1131 sicut
1047 1103 1136 1132 soliti
1152 1108 1230 1133 sunt

223 1155 390 1193 principes
414 1159 443 1183 et
467 1164 560 1191 reges
585 1154 720 1191 reginis,
746 1155 904 1184 uxoribus
930 1155 1015 1190 suis,
1039 1156 1228 1187 cohabitare

222 1210 383 1245 patenter,
402 1211 532 1244 propter
551 1207 638 1245 quod
657 1207 763 1245 ipsius·
785 1207 872 1244 regis
893 1209 1082 1245 Portugalie
1103 1210 1228 1240 crimen

223 1264 255 1290 et
271 1259 469 1289 adulterium
487 1259 655 1297 publicum
671 1264 701 1289 et
717 1261 882 1290 notorium
895 1266 1023 1291 constat
1036 1272 1119 1297 esse,
1136 1263 1230 1301 petiit

222 1312 329 1341 dictus
348 1317 539 1350 procurator
556 1312 642 1342 inter
656 1313 859 1342 comitissam
875 1318 903 1343 et
918 1323 1027 1351 regem
1040 1315 1230 1353 Portugalie

221 1365 385 1403 predictos
399 1365 531 1394 divortii
550 1366 628 1395 ferri
646 1366 858 1402 sententiam,
870 1368 977 1406 quoad
995 1372 1141 1398 mutuam
1160 1378 1230 1399 ser-

220 1418 374 1454 vitutem,
397 1418 483 1448 thori
510 1419 753 1457 separationem
779 1424 810 1449 et
834 1420 905 1459 ejus
929 1420 1225 1459 cohabitationem,

221 1480 257 1501 ac
273 1471 377 1509 ipsos,
396 1472 502 1510 quoad
520 1472 680 1510 predicta,
698 1473 824 1511 judicio
849 1473 988 1503 ecclesie
1007 1475 1170 1513 separari,
1192 1485 1228 1506 ac

221 1524 328 1554 dotem
355 1534 447 1554 suam
474 1525 617 1562 predicte
641 1525 809 1555 comitisse
834 1526 986 1562 restitui,
1012 1531 1043 1557 et
1066 1537 1137 1557 eam
1163 1529 1228 1558 sibi

221 1577 343 1606 dimitti
363 1577 481 1612 libere,
500 1587 536 1607 ac
560 1578 668 1616 ipsum
690 1588 799 1615 regem
821 1579 1011 1616 Portugalie
1034 1581 1157 1618 privari
1178 1582 1228 1612 vel

223 1630 371 1659 nuntiari
390 1630 554 1668 privatum
573 1631 663 1660 omni
682 1631 772 1670 jure.
793 1632 879 1670 quod
901 1632 1019 1663 babuit
1041 1634 1110 1664 sive
1130 1634 1229 1665 habet

222 1683 256 1711 in
281 1683 354 1713 dote
378 1684 537 1721 predicta,
557 1688 587 1713 et.
610 1684 706 1714 bonis
729 1694 764 1714 ac
789 1685 887 1715 rebus
913 1686 988 1715 aliis
1008 1696 1071 1725 que
1095 1692 1171 1717 sunt
1197 1693 1229 1718 et

223 1736 357 1765 suerunt
375 1737 542 1766 comitisse
557 1737 694 1775 prefate.

265 1801 277 1814 »
299 1789 362 1818 Sed
385 1793 471 1818 esset
488 1790 570 1819 sorte
588 1790 644 1828 qui
661 1790 785 1820 diceret
802 1791 903 1828 quod,
929 1791 1005 1822 licet
1026 1793 1162 1823 evidens
1186 1795 1228 1824 sit

223 1845 253 1870 et
282 1841 449 1879 publicum
478 1842 617 1871 eundem
643 1852 753 1879 regem
781 1852 853 1872 cum
880 1845 1007 1881 prefata
1033 1845 1111 1875 dicti
1141 1847 1227 1883 regis

223 1893 365 1923 Castellc
381 1893 450 1923 filia
472 1894 534 1923 tale
557 1895 806 1924 matrimonium
829 1897 1032 1927 contraxisse
1050 1908 1227 1938 secumque

221 1955 366 1981 manere,
391 1956 454 1975 non
474 1951 582 1976 tamen
599 1947 725 1986 liquido
747 1958 783 1977 ex
804 1948 865 1978 boc
889 1954 1034 1985 constat,
1057 1960 1117 1981 nec
1140 1957 1227 1983 recte

221 1999 261 2028 ob
277 1999 310 2027 id
327 1999 478 2028 extimari
494 2004 601 2038 potest
617 2004 648 2030 et
665 2000 729 2029 dici
749 2010 821 2031 esse
838 2003 1004 2032 notorium
1027 2003 1136 2042 ipsum
1153 2014 1227 2034 cum

220 2051 278 2081 illa
295 2051 493 2081 adulterium
511 2056 710 2091 perpetrare,
730 2057 760 2083 et
777 2062 851 2083 cum
869 2055 973 2085 seculi
989 2065 1083 2093 reges
1102 2057 1227 2088 honore

221 2113 257 2133 ac
274 2104 434 2141 dignitate
450 2105 670 2142 promineant,
689 2105 780 2136 (lecet
795 2110 825 2136 et
839 2108 979 2145 expedit,
997 2113 1030 2139 ut
1046 2109 1227 2147 benignius

221 2161 251 2187 et
272 2157 450 2195 specialius
472 2162 717 2195 supportentur,
743 2168 779 2189 ac
799 2159 833 2189 in
856 2161 998 2198 negotiis
1020 2171 1075 2192 eos
1096 2164 1227 2193 contin-

220 2210 373 2247 gentibus
390 2211 549 2240 attcntius
563 2215 593 2240 et
606 2212 802 2249 profundius
818 2213 991 2250 cogitetur.
1005 2215 1101 2245 Unde
1113 2221 1227 2247 contra

220 2262 328 2299 ipsum
352 2262 541 2299 PortugaIie
565 2273 675 2301 regem
701 2264 876 2295 deberetur
895 2266 931 2295 in
954 2266 1014 2297 hac
1037 2272 1128 2306 parte
1151 2278 1225 2298 cum

219 2314 408 2344 vehementi
433 2315 640 2346 discussione
667 2326 704 2347 ac
731 2322 862 2348 matura
886 2319 1125 2352 deliberatione
1150 2331 1225 2360 pro-

220 2367 303 2397 cedi.

260 2432 273 2446 >1
289 2420 356 2450 Nos
372 2420 493 2458 itaque,
513 2431 585 2451 cum
605 2423 639 2451 id
654 2424 750 2461 quod,
767 2433 804 2454 ex
823 2429 915 2463 parte
931 2426 1038 2464 ipsius
1056 2429 1224 2460 comitisse

219 2478 333 2502 contra
353 2473 493 2503 eundem
515 2484 627 2511 regem
644 2477 848 2514 Portugalie,
870 2478 909 2508 de
925 2484 1092 2510 contracto
1109 2483 1224 2511 matri-

216 2525 328 2555 monio
345 2534 419 2555 cum
436 2526 522 2556 dicta
536 2527 604 2557 lilia
616 2529 736 2565 prefati
752 2531 840 2567 regis
857 2531 1000 2563 Castelle
1015 2542 1051 2562 ac
1068 2534 1224 2571 Legionis

219 2581 249 2607 et
265 2578 441 2608 commisso
457 2578 619 2609 adulterio
636 2590 709 2610 cum
728 2582 839 2611 cadem
857 2585 1060 2622 proponitur,
1080 2587 1160 2617 adeo
1181 2588 1224 2618 sit

218 2630 404 2667 notorium,
435 2631 521 2669 quod
550 2632 640 2662 nulla
665 2634 769 2671 possit
797 2636 1070 2672 tergiversatione
1101 2639 1222 2676 celari,

219 2682 359 2712 eundem
381 2684 571 2720 Portugalie
591 2694 701 2722 regem
720 2686 754 2715 in
773 2688 942 2719 audientia
958 2690 1091 2727 publica
1107 2701 1143 2722 ex
1164 2693 1223 2723 ha-

217 2734 379 2764 bundanti
403 2736 497 2765 citari
520 2737 677 2774 fecimus,
700 2743 787 2768 certo
811 2740 840 2769 ei
861 2742 983 2778 profixo
1007 2744 1164 2780 termino,
1183 2746 1223 2775 ad

214 2787 338 2825 justam
363 2796 461 2826 super
484 2788 550 2818 biis
577 2791 777 2820 sententiam
800 2792 1008 2824 audiendam.
1036 2796 1120 2832 Quia
1146 2807 1223 2828 vero

217 2839 329 2869 nullus
350 2849 408 2878 pro
431 2850 467 2870 eo
491 2843 674 2880 comparuit
697 2852 806 2873 coram
830 2845 940 2882 nobis,
961 2856 1037 2884 nos,
1058 2849 1222 2880 delibera-

217 2891 306 2922 tione
324 2901 422 2930 super
438 2893 610 2931 premissis
627 2904 701 2925 cum
724 2896 884 2927 fratribus
904 2901 1027 2931 nostris
1047 2902 1222 2940 prehabita

1316 309 1487 347 diligenti,
1505 309 1652 348 ejusdem
1671 309 1760 348 regis
1779 310 1931 340 absentia
1947 310 1987 341 de
2003 310 2127 349 repleta
2143 312 2323 350 presentia,

1315 361 1497 400 predictam
1513 362 1715 392 comitissam
1733 362 1773 392 ab
1785 361 1897 394 eodem
1911 363 2101 401 Portugalie
2115 372 2203 402 rege,
2215 364 2324 403 quoad

1316 413 1449 444 thorum
1469 418 1500 444 et
1524 414 1806 446 cohabitationem
1827 424 1865 446 ac
1887 416 2082 446 servitutem
2105 425 2204 455 quam
2227 417 2325 448 debet

1315 466 1444 497 ratione
1461 467 1666 497 matrimonii
1684 477 1764 498 uxor
1779 468 1862 503 viro,
1877 468 1916 498 de
1932 468 2072 498 fratrum
2088 469 2236 507 ipsorum
2249 478 2323 500 con-

1316 519 1410 556 silio,
1429 520 1625 551 auctoritate
1643 520 1823 559 apostolica
1839 521 2084 552 sententialiter
2102 531 2294 560 separamus
2315 532 2323 552 τ

1317 573 1533 604 decernentes
1550 578 1586 603 ut
1608 583 1663 604 rex
1680 574 1751 612 ipse
1767 575 1894 612 prefate
1911 575 2079 605 comitisse
2101 576 2255 606 restituat
2271 575 2324 607 do-

1317 631 1380 656 tem
1398 635 1508 660 suam.
1532 626 1664 665 sibique
1684 626 1788 657 libere
1805 627 1949 657 dimittat
1966 627 2124 663 eandem,
2147 628 2323 668 ipsumque

1318 679 1409 709 omni
1423 679 1497 718 jure
1515 679 1603 718 quod
1619 679 1718 710 habet
1731 679 1782 710 vel
1798 679 1916 710 habuit
1932 680 1966 710 in
1983 681 2096 711 eadem
2113 681 2198 717 dote,
2215 681 2324 711 omni-

1314 732 1443 771 busque
1462 732 1557 762 bonis
1578 732 1654 762 aliis
1677 742 1740 771 que
1758 737 1836 762 sunt
1861 737 1891 762 et
1915 734 2050 763 fuerunt
2070 734 2197 772 prefate
2219 734 2323 764 comi-

1315 785 1406 820 tisse,
1425 785 1605 823 privantes.
1624 785 1717 815 Nulli
1733 789 1794 816 etc.
1813 785 1898 816 hanc
1916 790 2026 817 nostre
2043 789 2208 818 sententie
2229 787 2324 826 pagi-

1315 847 1391 867 nam
1427 838 1612 875 insringere
1650 842 1710 868 etc.
1749 839 1822 868 Dat.
1859 839 2026 877 Anagnie,
2063 840 2126 870 VII
2162 839 2322 870 kalendas

1314 890 1458 929 augusti,
1475 900 1562 920 anno
1579 891 1735 921 secundo.
1756 904 1768 918 »

1387 1089 1500 1118 1439
1861 1089 1990 1123 Anagni.
2009 1090 2043 1118 ‘29
2056 1091 2152 1125 juillet
2172 1090 2248 1118 1256.

1347 1151 1480 1187 Capitale
1505 1151 1707 1178 Cameracensi
1731 1152 1883 1178 coufirmat
1906 1153 2127 1179 concessionem
2150 1152 2322 1187 judiciariae

1313 1201 1464 1235 potestatis
1484 1201 1512 1226 in
1535 1200 1720 1235 presbyteros
1736 1204 1764 1226 et
1780 1200 1903 1226 clericos
1919 1201 2061 1227 ecclesiae
2082 1210 2097 1227 a
2122 1201 2251 1232 Nicolao,
2269 1200 2323 1228 Ca-

1313 1249 1471 1276 meracensi
1488 1250 1635 1284 episcopo,
1652 1250 1766 1281 factam,
1781 1249 1891 1275 litteras
1902 1249 2033 1283 ejusdem
2046 1249 2157 1277 Nicolai
2172 1249 2259 1277 XVII
2273 1251 2322 1278 ka-

1312 1299 1413 1326 lendas
1438 1298 1538 1333 aprilis
1569 1298 1681 1324 MCCLI
1711 1298 1792 1324 datas
1824 1298 1989 1325 inserendo.
2015 1298 2098 1331 (ileo.
2125 1299 2174 1333 24,
2202 1299 2221 1326 f.
2255 1299 2321 1333 ¹88,

1310 1356 1378 1375 ann.
1395 1347 1433 1380 11,
1446 1356 1472 1375 c.
1490 1347 1564 1380 358.)

1354 1462 1366 1477 «
1388 1451 1528 1488 Capitulo
1545 1450 1765 1478 Cantor-acensi.
1794 1450 1876 1479 Cum
1896 1458 1913 1478 a
1933 1449 2028 1479 nobis
2048 1449 2170 1487 petitur
2186 1453 2248 1480 etc.
2264 1458 2322 1480 us-

1311 1512 1374 1542 que
1389 1513 1394 1532 :
1409 1503 1449 1533 ad
1460 1503 1623 1532 effectum.
1641 1502 1722 1533 Cum
1738 1502 1860 1540 itaque,
1877 1502 1962 1531 sicut
1974 1510 2011 1532 ex
2029 1507 2120 1541 parte
2135 1507 2244 1532 vestra
2257 1502 2323 1533 ruit

1310 1556 1515 1595 propositum
1534 1564 1643 1584 coram
1662 1554 1772 1589 nobis,
1791 1554 1993 1585 venerabilis
2012 1555 2115 1585 frater
2133 1560 2245 1585 noster
2260 1555 2322 1586 Ni-

1311 1609 1439 1643 colaus,
1461 1608 1713 1639 Cameracensis
1737 1607 1921 1646 episcopus,
1940 1616 1998 1637 sue
2011 1607 2189 1646 judiciarie
2211 1612 2322 1646 potes-

1312 1662 1388 1692 tatis
1405 1671 1442 1692 ac
1455 1661 1623 1692 ordinarie
1637 1660 1884 1699 jurisdictionis
1899 1670 2008 1696 usum,
2028 1665 2092 1690 tam
2107 1661 2142 1690 in
2159 1660 2322 1699 presbite-

1311 1725 1363 1745 ros
1383 1715 1417 1744 in
1435 1715 1555 1744 vestris
1572 1714 1723 1744 ecclesiis
1740 1713 1924 1744 servientes
1942 1718 1971 1743 et
1988 1714 2022 1743 in
2040 1713 2177 1744 clericos
2193 1718 2321 1744 vestros

1311 1777 1430 1798 census
1454 1772 1485 1797 et
1506 1767 1656 1797 redditus
1678 1776 1715 1796 ac
1734 1766 1799 1795 alia
1818 1766 1903 1796 bona
1923 1771 2031 1796 vestra
2053 1771 2203 1797 tenentes
2221 1775 2321 1805 quam

1311 1822 1411 1852 etiam
1427 1821 1461 1850 in
1476 1821 1578 1850 laicos
1595 1829 1709 1850 omncs
1727 1830 1785 1849 sue
1802 1820 1946 1849 civitatis
1962 1825 1991 1849 et
2008 1820 2162 1855 diocesis,
2178 1820 2270 1850 vobis
2285 1820 2320 1850 in

1310 1879 1504 1913 perpetuum
1534 1873 1661 1903 duxerit
1693 1872 1954 1907 concedendum,
1982 1877 2077 1911 prout
2105 1873 2140 1902 in
2171 1873 2319 1912 ejusdem

1310 1928 1456 1966 episcopi
1476 1927 1597 1957 litteris
1615 1927 1721 1965 ipsius
1737 1925 1848 1963 sigillo
1866 1926 2008 1963 signatis
2025 1925 2185 1956 confectis
2201 1925 2320 1956 exinde

1309 1981 1441 2019 plenius
1460 1979 1660 2014 continetur,
1678 1988 1748 2013 nos,
1769 1979 1888 2008 vestris
1905 1983 1936 2008 et
1955 1978 2060 2016 ipsius
2077 1978 2224 2017 episcopi
2241 1987 2320 2017 sup-

1309 2033 1546 2073 plicationibus
1563 2032 1727 2067 inclinati,
1743 2032 1829 2071 quod
1846 2032 1886 2061 ab
1900 2031 2014 2061 eodem
2028 2031 2181 2070 episcopo
2195 2032 2320 2062 sactum

1309 2092 1359 2117 est
1379 2087 1414 2116 in
1435 2086 1496 2116 hac
1516 2090 1623 2124 parte,
1642 2089 1749 2115 ratum
1766 2085 1927 2114 habentes
1944 2088 1973 2114 et
1991 2088 2136 2121 gratum,
2155 2084 2190 2114 id
2207 2088 2320 2114 aucto-

1308 2141 1406 2170 ritate
1429 2138 1609 2178 apostolica
1632 2138 1867 2167 contii-inanius
1891 2142 1921 2167 et
1945 2137 2110 2175 presentis
2129 2137 2243 2175 scripti
2262 2145 2320 2175 pa-

1308 2193 1449 2223 trocinio
1466 2191 1721 2222 communimus.
1738 2190 1830 2220 vobis
1845 2189 2085 2220 nichilominus
2101 2189 2319 2220 concedentes

1307 2250 1343 2275 ut
1366 2245 1481 2275 eadem
1503 2244 1698 2274 auctoritate
1721 2243 1912 2281 hujusmodi
1933 2252 2031 2272 usum
2052 2242 2103 2273 vel
2124 2246 2319 2281 potestatem

1309 2304 1340 2329 et
1361 2298 1631 2338 jurisdictionem
1654 2298 1688 2326 in
1713 2298 1857 2335 prefatos
1884 2296 2102 2334 presbiteros,
2127 2295 2266 2326 clericos
2287 2299 2319 2326 et

1308 2351 1410 2381 laicos
1441 2359 1593 2381 exercere
1620 2350 1671 2380 vel
1699 2350 1817 2388 exequi
1843 2348 1993 2379 valeatis.
2021 2349 2183 2378 Tenorem
2207 2352 2319 2378 autem

1308 2404 1532 2443 predictarum
1548 2402 1735 2432 litterarum
1753 2402 1858 2440 ipsius
1876 2401 2021 2440 episcopi
2038 2401 2250 2439 presentibus
2265 2400 2319 2430 in-

1311 2457 1378 2487 seri
1394 2456 1548 2491 fecimus,
1565 2456 1623 2494 qui
1640 2455 1715 2485 talis
1733 2459 1782 2485 est
1799 2465 1805 2484 2

2028 2520 2059 2547 16
2075 2528 2152 2546 mars
2170 2519 2246 2547 ¹251.

1349 2598 1362 2612 (ι
1387 2584 1562 2620 Nicolaus,
1583 2584 1643 2614 Dei
1662 2584 1768 2621 gratia
1786 2582 2038 2613 Cameracensis
2057 2582 2248 2620 episcopus,
2267 2581 2318 2610 di-

1308 2651 1321 2665 »
1346 2638 1441 2669 lectis
1454 2637 1533 2667 filiis
1547 2637 1691 2675 capitulo
1704 2635 1947 2670 Cameracensi,
1961 2635 2103 2666 salutem
2115 2635 2149 2664 in
2162 2633 2315 2664 Domino.

1308 2705 1320 2719 »
1346 2692 1438 2722 Licet
1459 2700 1573 2722 omnes
1595 2690 1753 2720 ecclesias
1773 2699 1791 2719 a
1810 2691 1876 2720 Deo
1900 2688 1996 2719 nobis
2019 2688 2214 2718 commissas
2239 2686 2319 2716 dili-

1307 2757 1320 2771 »
1346 2753 1438 2782 gere,
1457 2745 1567 2774 fovere
1591 2748 1621 2773 et
1644 2743 1821 2773 defendere
1844 2746 2028 2776 teneamur,
2048 2739 2184 2779 speciali
2206 2744 2317 2770 tamen

1308 2810 1320 2824 ι)
1345 2797 1554 2836 prerogativa
1570 2805 1641 2826 eam
1659 2797 1692 2825 in
1708 2805 1771 2834 qua
1786 2795 1885 2825 ossicii
1900 2793 2016 2829 nostri,
2028 2794 2096 2823 Deo
2107 2793 2315 2831 disponente,

1308 2862 1319 2876 n
1346 2849 1469 2880 eminet
1496 2848 1656 2886 dignitas,
1683 2851 1797 2877 contra
1823 2845 2038 2876 insolentiam
2065 2844 2316 2874 malefactorum

1308 2916 1321 2930 ι)
1347 2903 1417 2933 sive
1438 2903 1673 2942 injuriatorum
1692 2900 1885 2935 defendere,
1904 2898 2121 2937 amplioribus
2142 2895 2323 2946 beneficiis*

2471 3021 2495 3325 mmm·
2479 2878 2498 3002 εφη..
2483 2808 2494 2844 ⁶»
2484 2764 2498 2782 ,-
