<?xml version="1.0" encoding="UTF-8"?>
<!DOCTYPE html PUBLIC "-//W3C//DTD XHTML 1.0 Transitional//EN"
    "http://www.w3.org/TR/xhtml1/DTD/xhtml1-transitional.dtd">
<html xmlns="http://www.w3.org/1999/xhtml" xml:lang="en" lang="en">
 <head>
  <title>
</title>
<meta http-equiv="Content-Type" content="text/html;charset=utf-8" />
  <meta name='ocr-system' content='tesseract 3.04.00' />
  <meta name='ocr-capabilities' content='ocr_page ocr_carea ocr_par ocr_line ocrx_word'/>
</head>
<body>
  <div class='ocr_page' id='page_1' title='image "./lesregistresdale01cathuoft_0173.png"; bbox 0 0 2441 3330; ppageno 0'>
   <div class='ocr_carea' id='block_1_1' title="bbox 1007 217 1413 254">
    <p class='ocr_par' dir='ltr' id='par_1_1' title="bbox 1007 217 1413 254">
     <span class='ocr_line' id='line_1_1' title="bbox 1007 217 1413 254; baseline 0 0"><span class='ocrx_word' id='word_1_1' title='bbox 1007 217 1231 254; x_wconf 75' lang='lat' dir='ltr'>PREMIERE</span> <span class='ocrx_word' id='word_1_2' title='bbox 1253 217 1413 254; x_wconf 78' lang='lat' dir='ltr'><strong>ANNEE.</strong></span> 
     </span>
    </p>
   </div>
   <div class='ocr_carea' id='block_1_2' title="bbox 201 288 1179 2914">
    <p class='ocr_par' dir='ltr' id='par_1_2' title="bbox 201 288 1177 2703">
     <span class='ocr_line' id='line_1_2' title="bbox 201 288 1171 330; baseline -0.009 -5"><span class='ocrx_word' id='word_1_3' title='bbox 201 295 367 330; x_wconf 87' lang='grc'><strong>00100515,</strong></span> <span class='ocrx_word' id='word_1_4' title='bbox 386 303 444 324; x_wconf 88' lang='lat' dir='ltr'>nec</span> <span class='ocrx_word' id='word_1_5' title='bbox 468 294 567 324; x_wconf 85' lang='lat' dir='ltr'>etiam</span> <span class='ocrx_word' id='word_1_6' title='bbox 588 294 677 324; x_wconf 85' lang='lat' dir='ltr'>infra</span> <span class='ocrx_word' id='word_1_7' title='bbox 700 294 766 323; x_wconf 82' lang='lat' dir='ltr'>nisi</span> <span class='ocrx_word' id='word_1_8' title='bbox 787 293 825 322; x_wconf 88' lang='lat' dir='ltr'>de</span> <span class='ocrx_word' id='word_1_9' title='bbox 846 291 1000 321; x_wconf 85' lang='lat' dir='ltr'>mandato</span> <span class='ocrx_word' id='word_1_10' title='bbox 1026 288 1171 326; x_wconf 82' lang='lat' dir='ltr'>episcopi</span> 
     </span>
     <span class='ocr_line' id='line_1_3' title="bbox 201 341 1172 385; baseline -0.008 -8"><span class='ocrx_word' id='word_1_11' title='bbox 201 347 439 383; x_wconf 81' lang='lat' dir='ltr'>Nannetensis,</span> <span class='ocrx_word' id='word_1_12' title='bbox 454 356 514 376; x_wconf 86' lang='lat' dir='ltr'>nec</span> <span class='ocrx_word' id='word_1_13' title='bbox 531 347 573 376; x_wconf 88' lang='lat' dir='ltr'>sit</span> <span class='ocrx_word' id='word_1_14' title='bbox 589 347 689 376; x_wconf 87' lang='lat' dir='ltr'>etiam</span> <span class='ocrx_word' id='word_1_15' title='bbox 699 347 754 385; x_wconf 81' lang='lat' dir='ltr'>jus</span> <span class='ocrx_word' id='word_1_16' title='bbox 768 345 875 375; x_wconf 89' lang='lat' dir='ltr'>eidem</span> <span class='ocrx_word' id='word_1_17' title='bbox 887 343 999 373; x_wconf 81' lang='lat' dir='ltr'>comiti</span> <span class='ocrx_word' id='word_1_18' title='bbox 1010 341 1172 371; x_wconf 88' lang='lat' dir='ltr'>violenter</span> 
     </span>
     <span class='ocr_line' id='line_1_4' title="bbox 202 394 1171 433; baseline -0.007 -4"><span class='ocrx_word' id='word_1_19' title='bbox 202 400 351 430; x_wconf 87' lang='lat' dir='ltr'>intrandi</span> <span class='ocrx_word' id='word_1_20' title='bbox 375 404 496 430; x_wconf 89' lang='lat' dir='ltr'>terram</span> <span class='ocrx_word' id='word_1_21' title='bbox 513 399 651 429; x_wconf 85' lang='lat' dir='ltr'>ecclesie</span> <span class='ocrx_word' id='word_1_22' title='bbox 669 397 896 428; x_wconf 90' lang='lat' dir='ltr'>Nannetensis</span> <span class='ocrx_word' id='word_1_23' title='bbox 916 396 956 426; x_wconf 87' lang='lat' dir='ltr'>ad</span> <span class='ocrx_word' id='word_1_24' title='bbox 974 394 1171 433; x_wconf 88' lang='lat' dir='ltr'>capiendum</span> 
     </span>
     <span class='ocr_line' id='line_1_5' title="bbox 204 447 1171 491; baseline -0.007 -9"><span class='ocrx_word' id='word_1_25' title='bbox 204 461 347 491; x_wconf 84' lang='lat' dir='ltr'>nampna</span> <span class='ocrx_word' id='word_1_26' title='bbox 380 461 438 482; x_wconf 90' lang='lat' dir='ltr'>seu</span> <span class='ocrx_word' id='word_1_27' title='bbox 470 451 607 489; x_wconf 81' lang='lat' dir='ltr'>pignora</span> <span class='ocrx_word' id='word_1_28' title='bbox 637 451 800 481; x_wconf 89' lang='lat' dir='ltr'>dictorum</span> <span class='ocrx_word' id='word_1_29' title='bbox 836 449 1009 479; x_wconf 88' lang='lat' dir='ltr'>hominum</span> <span class='ocrx_word' id='word_1_30' title='bbox 1043 447 1171 476; x_wconf 87' lang='lat' dir='ltr'>ratione</span> 
     </span>
     <span class='ocr_line' id='line_1_6' title="bbox 204 500 1171 543; baseline -0.007 -8"><span class='ocrx_word' id='word_1_31' title='bbox 204 505 340 536; x_wconf 86' lang='lat' dir='ltr'>emende</span> <span class='ocrx_word' id='word_1_32' title='bbox 355 513 414 543; x_wconf 90' lang='lat' dir='ltr'>pro</span> <span class='ocrx_word' id='word_1_33' title='bbox 430 505 559 534; x_wconf 84' lang='lat' dir='ltr'>defectu</span> <span class='ocrx_word' id='word_1_34' title='bbox 576 504 739 533; x_wconf 76' lang='lat' dir='ltr'>exercitus</span> <span class='ocrx_word' id='word_1_35' title='bbox 763 503 830 538; x_wconf 72' lang='lat' dir='ltr'>sui3</span> <span class='ocrx_word' id='word_1_36' title='bbox 853 503 953 532; x_wconf 91' lang='lat' dir='ltr'>immo</span> <span class='ocrx_word' id='word_1_37' title='bbox 973 501 1001 531; x_wconf 89' lang='lat' dir='ltr'>si</span> <span class='ocrx_word' id='word_1_38' title='bbox 1017 500 1096 530; x_wconf 88' lang='lat' dir='ltr'>dicti</span> <span class='ocrx_word' id='word_1_39' title='bbox 1111 500 1171 529; x_wconf 87' lang='lat' dir='ltr'>ho-</span> 
     </span>
     <span class='ocr_line' id='line_1_7' title="bbox 203 555 1171 594; baseline -0.005 -8"><span class='ocrx_word' id='word_1_40' title='bbox 203 558 311 587; x_wconf 91' lang='lat' dir='ltr'>mines</span> <span class='ocrx_word' id='word_1_41' title='bbox 331 556 512 586; x_wconf 82' lang='lat' dir='ltr'>submoniti</span> <span class='ocrx_word' id='word_1_42' title='bbox 529 556 568 586; x_wconf 85' lang='lat' dir='ltr'>ab</span> <span class='ocrx_word' id='word_1_43' title='bbox 591 556 743 594; x_wconf 88' lang='lat' dir='ltr'>episcopo</span> <span class='ocrx_word' id='word_1_44' title='bbox 764 564 823 585; x_wconf 86' lang='lat' dir='ltr'>seu</span> <span class='ocrx_word' id='word_1_45' title='bbox 845 555 999 584; x_wconf 83' lang='lat' dir='ltr'>mandato</span> <span class='ocrx_word' id='word_1_46' title='bbox 1024 563 1083 583; x_wconf 87' lang='lat' dir='ltr'>suo</span> <span class='ocrx_word' id='word_1_47' title='bbox 1106 562 1171 582; x_wconf 90' lang='lat' dir='ltr'>non</span> 
     </span>
     <span class='ocr_line' id='line_1_8' title="bbox 204 607 1172 647; baseline -0.005 -8"><span class='ocrx_word' id='word_1_48' title='bbox 204 609 325 639; x_wconf 86' lang='lat' dir='ltr'>iverint</span> <span class='ocrx_word' id='word_1_49' title='bbox 342 609 377 638; x_wconf 88' lang='lat' dir='ltr'>in</span> <span class='ocrx_word' id='word_1_50' title='bbox 393 608 573 639; x_wconf 78' lang='lat' dir='ltr'>exercitum</span> <span class='ocrx_word' id='word_1_51' title='bbox 588 612 618 637; x_wconf 86' lang='lat' dir='ltr'>et</span> <span class='ocrx_word' id='word_1_52' title='bbox 629 607 819 647; x_wconf 71' lang='lat' dir='ltr'>juraverint</span> <span class='ocrx_word' id='word_1_53' title='bbox 837 607 989 637; x_wconf 85' lang='lat' dir='ltr'>comitem</span> <span class='ocrx_word' id='word_1_54' title='bbox 1007 607 1095 635; x_wconf 89' lang='grc'><strong>111110</strong></span> <span class='ocrx_word' id='word_1_55' title='bbox 1111 609 1172 635; x_wconf 88' lang='grc'><strong>101·-</strong></span> 
     </span>
     <span class='ocr_line' id='line_1_9' title="bbox 204 659 1173 697; baseline -0.003 -6"><span class='ocrx_word' id='word_1_56' title='bbox 204 662 312 691; x_wconf 89' lang='lat' dir='ltr'>minos</span> <span class='ocrx_word' id='word_1_57' title='bbox 329 661 470 691; x_wconf 88' lang='lat' dir='ltr'>diocesis</span> <span class='ocrx_word' id='word_1_58' title='bbox 486 661 730 694; x_wconf 74' lang='lat' dir='ltr'>Nannetensis,</span> <span class='ocrx_word' id='word_1_59' title='bbox 750 660 888 689; x_wconf 88' lang='lat' dir='ltr'>emenda</span> <span class='ocrx_word' id='word_1_60' title='bbox 905 663 953 689; x_wconf 89' lang='lat' dir='ltr'>est</span> <span class='ocrx_word' id='word_1_61' title='bbox 965 659 1110 697; x_wconf 83' lang='lat' dir='ltr'>episcopi</span> <span class='ocrx_word' id='word_1_62' title='bbox 1121 659 1173 688; x_wconf 85' lang='lat' dir='ltr'>vel</span> 
     </span>
     <span class='ocr_line' id='line_1_10' title="bbox 205 711 1170 752; baseline -0.004 -8"><span class='ocrx_word' id='word_1_63' title='bbox 205 714 341 752; x_wconf 86' lang='lat' dir='ltr'>capituli</span> <span class='ocrx_word' id='word_1_64' title='bbox 358 713 397 743; x_wconf 84' lang='lat' dir='ltr'>ab</span> <span class='ocrx_word' id='word_1_65' title='bbox 413 713 607 742; x_wconf 85' lang='lat' dir='ltr'>hominibus</span> <span class='ocrx_word' id='word_1_66' title='bbox 624 713 694 742; x_wconf 89' lang='lat' dir='ltr'>suis</span> <span class='ocrx_word' id='word_1_67' title='bbox 716 712 743 742; x_wconf 92' lang='lat' dir='ltr'>si</span> <span class='ocrx_word' id='word_1_68' title='bbox 763 721 835 742; x_wconf 90' lang='lat' dir='ltr'>eam</span> <span class='ocrx_word' id='word_1_69' title='bbox 856 712 966 741; x_wconf 83' lang='lat' dir='ltr'>levare</span> <span class='ocrx_word' id='word_1_70' title='bbox 987 711 1170 746; x_wconf 67' lang='lat' dir='ltr'>voluerint3</span> 
     </span>
     <span class='ocr_line' id='line_1_11' title="bbox 204 764 1173 799; baseline -0.004 -2"><span class='ocrx_word' id='word_1_71' title='bbox 204 766 326 797; x_wconf 85' lang='lat' dir='ltr'>nobilis</span> <span class='ocrx_word' id='word_1_72' title='bbox 342 770 453 795; x_wconf 84' lang='lat' dir='ltr'>tamen</span> <span class='ocrx_word' id='word_1_73' title='bbox 470 766 520 795; x_wconf 88' lang='lat' dir='ltr'>vir</span> <span class='ocrx_word' id='word_1_74' title='bbox 535 765 717 799; x_wconf 62' lang='grc' dir='ltr'>ι101100005,</span> <span class='ocrx_word' id='word_1_75' title='bbox 736 773 845 794; x_wconf 82' lang='grc'><strong>000105</strong></span> <span class='ocrx_word' id='word_1_76' title='bbox 859 764 1020 798; x_wconf 63' lang='grc'><strong>1311100113,</strong></span> <span class='ocrx_word' id='word_1_77' title='bbox 1037 764 1173 793; x_wconf 72' lang='lat' dir='ltr'>extorsit</span> 
     </span>
     <span class='ocr_line' id='line_1_12' title="bbox 204 817 1173 857; baseline -0.004 -8"><span class='ocrx_word' id='word_1_78' title='bbox 204 819 255 850; x_wconf 89' lang='lat' dir='ltr'>vel</span> <span class='ocrx_word' id='word_1_79' title='bbox 271 819 458 857; x_wconf 78' lang='lat' dir='ltr'>extorqueri</span> <span class='ocrx_word' id='word_1_80' title='bbox 472 818 551 848; x_wconf 83' lang='lat' dir='ltr'>fecit</span> <span class='ocrx_word' id='word_1_81' title='bbox 566 827 623 856; x_wconf 90' lang='lat' dir='ltr'>per</span> <span class='ocrx_word' id='word_1_82' title='bbox 640 817 801 847; x_wconf 73' lang='lat' dir='ltr'>satellites</span> <span class='ocrx_word' id='word_1_83' title='bbox 813 826 890 847; x_wconf 88' lang='lat' dir='ltr'>suos</span> <span class='ocrx_word' id='word_1_84' title='bbox 906 817 940 845; x_wconf 92' lang='grc'>111</span> <span class='ocrx_word' id='word_1_85' title='bbox 953 817 1173 855; x_wconf 85' lang='lat' dir='ltr'>prejudicium</span> 
     </span>
     <span class='ocr_line' id='line_1_13' title="bbox 203 869 1172 909; baseline -0.003 -7"><span class='ocrx_word' id='word_1_86' title='bbox 203 876 234 902; x_wconf 90' lang='lat' dir='ltr'>et</span> <span class='ocrx_word' id='word_1_87' title='bbox 251 880 428 909; x_wconf 78' lang='lat' dir='ltr'>gravamen</span> <span class='ocrx_word' id='word_1_88' title='bbox 446 876 476 901; x_wconf 91' lang='lat' dir='ltr'>et</span> <span class='ocrx_word' id='word_1_89' title='bbox 490 871 649 909; x_wconf 82' lang='lat' dir='ltr'>injuriam</span> <span class='ocrx_word' id='word_1_90' title='bbox 666 870 744 900; x_wconf 88' lang='lat' dir='ltr'>dicti</span> <span class='ocrx_word' id='word_1_91' title='bbox 757 870 901 908; x_wconf 76' lang='lat' dir='ltr'>episcopi</span> <span class='ocrx_word' id='word_1_92' title='bbox 914 873 945 899; x_wconf 88' lang='lat' dir='ltr'>et</span> <span class='ocrx_word' id='word_1_93' title='bbox 959 869 1097 899; x_wconf 84' lang='lat' dir='ltr'>ecclesie</span> <span class='ocrx_word' id='word_1_94' title='bbox 1114 878 1172 899; x_wconf 84' lang='lat' dir='ltr'>sue</span> 
     </span>
     <span class='ocr_line' id='line_1_14' title="bbox 202 922 1174 954; baseline -0.002 -1"><span class='ocrx_word' id='word_1_95' title='bbox 202 924 294 954; x_wconf 89' lang='lat' dir='ltr'>mille</span> <span class='ocrx_word' id='word_1_96' title='bbox 310 924 412 953; x_wconf 84' lang='lat' dir='ltr'>libras</span> <span class='ocrx_word' id='word_1_97' title='bbox 429 925 639 953; x_wconf 89' lang='lat' dir='ltr'>Turonenses</span> <span class='ocrx_word' id='word_1_98' title='bbox 658 923 698 952; x_wconf 84' lang='lat' dir='ltr'>ab</span> <span class='ocrx_word' id='word_1_99' title='bbox 716 923 908 952; x_wconf 85' lang='lat' dir='ltr'>hominibus</span> <span class='ocrx_word' id='word_1_100' title='bbox 926 922 1063 952; x_wconf 74' lang='lat' dir='ltr'>ecclesie</span> <span class='ocrx_word' id='word_1_101' title='bbox 1081 923 1174 952; x_wconf 86' lang='lat' dir='ltr'>Nan-</span> 
     </span>
     <span class='ocr_line' id='line_1_15' title="bbox 204 975 1171 1013; baseline -0.004 -6"><span class='ocrx_word' id='word_1_102' title='bbox 204 977 353 1007; x_wconf 87' lang='lat' dir='ltr'>netensis</span> <span class='ocrx_word' id='word_1_103' title='bbox 370 976 543 1006; x_wconf 77' lang='lat' dir='ltr'>occasione</span> <span class='ocrx_word' id='word_1_104' title='bbox 558 975 695 1005; x_wconf 89' lang='lat' dir='ltr'>emende</span> <span class='ocrx_word' id='word_1_105' title='bbox 710 985 769 1013; x_wconf 88' lang='lat' dir='ltr'>pro</span> <span class='ocrx_word' id='word_1_106' title='bbox 785 975 915 1005; x_wconf 85' lang='lat' dir='ltr'>defectu</span> <span class='ocrx_word' id='word_1_107' title='bbox 932 975 1095 1005; x_wconf 76' lang='lat' dir='ltr'>exercitus</span> <span class='ocrx_word' id='word_1_108' title='bbox 1108 975 1171 1010; x_wconf 79' lang='lat' dir='ltr'>sui,</span> 
     </span>
     <span class='ocr_line' id='line_1_16' title="bbox 202 1028 1173 1067; baseline -0.003 -8"><span class='ocrx_word' id='word_1_109' title='bbox 202 1034 238 1059; x_wconf 89' lang='lat' dir='ltr'>ut</span> <span class='ocrx_word' id='word_1_110' title='bbox 269 1029 417 1064; x_wconf 81' lang='lat' dir='ltr'>dicebat,</span> <span class='ocrx_word' id='word_1_111' title='bbox 454 1038 552 1067; x_wconf 89' lang='lat' dir='ltr'>quem</span> <span class='ocrx_word' id='word_1_112' title='bbox 578 1029 657 1058; x_wconf 83' lang='lat' dir='ltr'>fecit</span> <span class='ocrx_word' id='word_1_113' title='bbox 687 1029 774 1058; x_wconf 86' lang='lat' dir='ltr'>circa</span> <span class='ocrx_word' id='word_1_114' title='bbox 802 1029 924 1058; x_wconf 75' lang='lat' dir='ltr'>festum</span> <span class='ocrx_word' id='word_1_115' title='bbox 956 1028 1173 1058; x_wconf 65' lang='lat' dir='ltr'>Nativitatem</span> 
     </span>
     <span class='ocr_line' id='line_1_17' title="bbox 203 1081 1174 1120; baseline -0.003 -8"><span class='ocrx_word' id='word_1_116' title='bbox 203 1082 299 1113; x_wconf 81' lang='lat' dir='ltr'>Beati</span> <span class='ocrx_word' id='word_1_117' title='bbox 316 1082 482 1113; x_wconf 87' lang='lat' dir='ltr'>Johannis</span> <span class='ocrx_word' id='word_1_118' title='bbox 498 1081 647 1120; x_wconf 87' lang='lat' dir='ltr'>Baptiste</span> <span class='ocrx_word' id='word_1_119' title='bbox 665 1081 813 1119; x_wconf 80' lang='lat' dir='ltr'>proxime</span> <span class='ocrx_word' id='word_1_120' title='bbox 827 1081 1033 1119; x_wconf 66' lang='lat' dir='ltr'>preteritum,</span> <span class='ocrx_word' id='word_1_121' title='bbox 1057 1090 1174 1119; x_wconf 89' lang='lat' dir='ltr'>quam-</span> 
     </span>
     <span class='ocr_line' id='line_1_18' title="bbox 203 1133 1174 1172; baseline -0.002 -7"><span class='ocrx_word' id='word_1_122' title='bbox 203 1135 253 1165; x_wconf 86' lang='lat' dir='ltr'>vis</span> <span class='ocrx_word' id='word_1_123' title='bbox 274 1135 354 1165; x_wconf 87' lang='lat' dir='ltr'>dicti</span> <span class='ocrx_word' id='word_1_124' title='bbox 369 1134 523 1164; x_wconf 88' lang='lat' dir='ltr'>homines</span> <span class='ocrx_word' id='word_1_125' title='bbox 541 1134 647 1164; x_wconf 86' lang='lat' dir='ltr'>secuti</span> <span class='ocrx_word' id='word_1_126' title='bbox 665 1133 810 1164; x_wconf 87' lang='lat' dir='ltr'>fuissent</span> <span class='ocrx_word' id='word_1_127' title='bbox 829 1134 1009 1164; x_wconf 86' lang='lat' dir='ltr'>exercitum</span> <span class='ocrx_word' id='word_1_128' title='bbox 1026 1134 1174 1172; x_wconf 86' lang='lat' dir='ltr'>ejusdem</span> 
     </span>
     <span class='ocr_line' id='line_1_19' title="bbox 204 1185 1175 1226; baseline -0.003 -9"><span class='ocrx_word' id='word_1_129' title='bbox 204 1188 335 1217; x_wconf 90' lang='lat' dir='ltr'>comitis</span> <span class='ocrx_word' id='word_1_130' title='bbox 356 1197 462 1226; x_wconf 88' lang='lat' dir='ltr'>usque</span> <span class='ocrx_word' id='word_1_131' title='bbox 485 1187 526 1217; x_wconf 88' lang='lat' dir='ltr'>ad</span> <span class='ocrx_word' id='word_1_132' title='bbox 548 1187 632 1216; x_wconf 85' lang='lat' dir='ltr'>fines</span> <span class='ocrx_word' id='word_1_133' title='bbox 655 1187 797 1216; x_wconf 85' lang='lat' dir='ltr'>diocesis</span> <span class='ocrx_word' id='word_1_134' title='bbox 819 1186 1062 1221; x_wconf 76' lang='grc' dir='ltr'><strong>Νο0001011515,</strong></span> <span class='ocrx_word' id='word_1_135' title='bbox 1087 1185 1175 1215; x_wconf 88' lang='grc'><strong>111110</strong></span> 
     </span>
     <span class='ocr_line' id='line_1_20' title="bbox 205 1239 1174 1279; baseline -0.003 -9"><span class='ocrx_word' id='word_1_136' title='bbox 205 1250 287 1279; x_wconf 89' lang='lat' dir='ltr'>quos</span> <span class='ocrx_word' id='word_1_137' title='bbox 307 1241 356 1270; x_wconf 88' lang='lat' dir='ltr'>ire</span> <span class='ocrx_word' id='word_1_138' title='bbox 374 1240 566 1270; x_wconf 85' lang='lat' dir='ltr'>nullatenus</span> <span class='ocrx_word' id='word_1_139' title='bbox 586 1239 796 1269; x_wconf 84' lang='lat' dir='ltr'>tenebantur.</span> <span class='ocrx_word' id='word_1_140' title='bbox 813 1257 852 1260; x_wconf 97' lang='lat'><strong>—</strong></span> <span class='ocrx_word' id='word_1_141' title='bbox 868 1239 963 1270; x_wconf 89' lang='lat' dir='ltr'>Unde</span> <span class='ocrx_word' id='word_1_142' title='bbox 983 1239 1064 1277; x_wconf 86' lang='lat' dir='ltr'>petit</span> <span class='ocrx_word' id='word_1_143' title='bbox 1086 1239 1174 1268; x_wconf 85' lang='lat' dir='ltr'>idem</span> 
     </span>
     <span class='ocr_line' id='line_1_21' title="bbox 205 1292 1174 1332; baseline -0.003 -9"><span class='ocrx_word' id='word_1_144' title='bbox 205 1293 379 1332; x_wconf 88' lang='lat' dir='ltr'>episcopus</span> <span class='ocrx_word' id='word_1_145' title='bbox 400 1292 645 1327; x_wconf 77' lang='grc' dir='ltr'><strong>Νο0001011515,</strong></span> <span class='ocrx_word' id='word_1_146' title='bbox 668 1292 755 1331; x_wconf 90' lang='lat' dir='ltr'>quod</span> <span class='ocrx_word' id='word_1_147' title='bbox 779 1301 887 1322; x_wconf 89' lang='lat' dir='ltr'>comes</span> <span class='ocrx_word' id='word_1_148' title='bbox 909 1292 1083 1321; x_wconf 85' lang='lat' dir='ltr'>Britannie</span> <span class='ocrx_word' id='word_1_149' title='bbox 1108 1301 1174 1321; x_wconf 91' lang='lat' dir='ltr'>non</span> 
     </span>
     <span class='ocr_line' id='line_1_22' title="bbox 206 1344 1174 1384; baseline -0.003 -8"><span class='ocrx_word' id='word_1_150' title='bbox 206 1346 379 1384; x_wconf 89' lang='lat' dir='ltr'>compellat</span> <span class='ocrx_word' id='word_1_151' title='bbox 394 1345 547 1376; x_wconf 90' lang='lat' dir='ltr'>homines</span> <span class='ocrx_word' id='word_1_152' title='bbox 565 1345 703 1375; x_wconf 82' lang='lat' dir='ltr'>ecclesie</span> <span class='ocrx_word' id='word_1_153' title='bbox 723 1345 950 1375; x_wconf 87' lang='lat' dir='ltr'>Nannetensis</span> <span class='ocrx_word' id='word_1_154' title='bbox 973 1344 1067 1383; x_wconf 85' lang='lat' dir='ltr'>sequi</span> <span class='ocrx_word' id='word_1_155' title='bbox 1087 1353 1174 1374; x_wconf 79' lang='lat' dir='ltr'>exer-</span> 
     </span>
     <span class='ocr_line' id='line_1_23' title="bbox 205 1397 1174 1430; baseline -0.003 -1"><span class='ocrx_word' id='word_1_156' title='bbox 205 1400 308 1430; x_wconf 89' lang='lat' dir='ltr'>eitum</span> <span class='ocrx_word' id='word_1_157' title='bbox 324 1408 422 1429; x_wconf 91' lang='lat' dir='ltr'>suum</span> <span class='ocrx_word' id='word_1_158' title='bbox 437 1399 524 1428; x_wconf 89' lang='lat' dir='ltr'>ultra</span> <span class='ocrx_word' id='word_1_159' title='bbox 540 1398 623 1428; x_wconf 86' lang='lat' dir='ltr'>fines</span> <span class='ocrx_word' id='word_1_160' title='bbox 636 1398 705 1428; x_wconf 86' lang='lat' dir='ltr'>sive</span> <span class='ocrx_word' id='word_1_161' title='bbox 717 1397 876 1427; x_wconf 85' lang='lat' dir='ltr'>terminos</span> <span class='ocrx_word' id='word_1_162' title='bbox 891 1397 1032 1427; x_wconf 82' lang='lat' dir='ltr'>diocesis</span> <span class='ocrx_word' id='word_1_163' title='bbox 1043 1398 1174 1427; x_wconf 85' lang='lat' dir='ltr'>Nanne-</span> 
     </span>
     <span class='ocr_line' id='line_1_24' title="bbox 205 1450 1175 1491; baseline -0.003 -8"><span class='ocrx_word' id='word_1_164' title='bbox 205 1453 309 1483; x_wconf 90' lang='lat' dir='ltr'>tensis</span> <span class='ocrx_word' id='word_1_165' title='bbox 328 1456 359 1482; x_wconf 90' lang='lat' dir='ltr'>et</span> <span class='ocrx_word' id='word_1_166' title='bbox 375 1452 462 1491; x_wconf 85' lang='lat' dir='ltr'>quod</span> <span class='ocrx_word' id='word_1_167' title='bbox 480 1460 545 1481; x_wconf 87' lang='lat' dir='ltr'>non</span> <span class='ocrx_word' id='word_1_168' title='bbox 564 1451 665 1481; x_wconf 83' lang='lat' dir='ltr'>intret</span> <span class='ocrx_word' id='word_1_169' title='bbox 681 1455 803 1480; x_wconf 88' lang='lat' dir='ltr'>terram</span> <span class='ocrx_word' id='word_1_170' title='bbox 822 1450 960 1480; x_wconf 77' lang='lat' dir='ltr'>ecclesie</span> <span class='ocrx_word' id='word_1_171' title='bbox 980 1451 1175 1480; x_wconf 86' lang='lat' dir='ltr'>Nanneten-</span> 
     </span>
     <span class='ocr_line' id='line_1_25' title="bbox 202 1504 1175 1543; baseline -0.003 -8"><span class='ocrx_word' id='word_1_172' title='bbox 202 1506 249 1535; x_wconf 88' lang='grc'>515</span> <span class='ocrx_word' id='word_1_173' title='bbox 279 1506 320 1535; x_wconf 87' lang='lat' dir='ltr'>ad</span> <span class='ocrx_word' id='word_1_174' title='bbox 349 1505 545 1543; x_wconf 88' lang='lat' dir='ltr'>capiendum</span> <span class='ocrx_word' id='word_1_175' title='bbox 578 1513 723 1542; x_wconf 87' lang='lat' dir='ltr'>nampna</span> <span class='ocrx_word' id='word_1_176' title='bbox 751 1513 811 1533; x_wconf 90' lang='lat' dir='ltr'>seu</span> <span class='ocrx_word' id='word_1_177' title='bbox 843 1504 983 1542; x_wconf 79' lang='lat' dir='ltr'>pignora</span> <span class='ocrx_word' id='word_1_178' title='bbox 1012 1504 1175 1533; x_wconf 83' lang='lat' dir='ltr'>dictorum</span> 
     </span>
     <span class='ocr_line' id='line_1_26' title="bbox 204 1557 1175 1595; baseline -0.002 -7"><span class='ocrx_word' id='word_1_179' title='bbox 204 1559 379 1589; x_wconf 87' lang='lat' dir='ltr'>hominum</span> <span class='ocrx_word' id='word_1_180' title='bbox 399 1559 528 1588; x_wconf 85' lang='lat' dir='ltr'>ratione</span> <span class='ocrx_word' id='word_1_181' title='bbox 550 1558 687 1588; x_wconf 89' lang='lat' dir='ltr'>emende</span> <span class='ocrx_word' id='word_1_182' title='bbox 710 1566 768 1595; x_wconf 88' lang='lat' dir='ltr'>pro</span> <span class='ocrx_word' id='word_1_183' title='bbox 787 1557 918 1587; x_wconf 82' lang='lat' dir='ltr'>defectu</span> <span class='ocrx_word' id='word_1_184' title='bbox 943 1557 1122 1592; x_wconf 83' lang='lat' dir='ltr'>exercitus,</span> <span class='ocrx_word' id='word_1_185' title='bbox 1146 1557 1175 1587; x_wconf 88' lang='lat' dir='ltr'>si</span> 
     </span>
     <span class='ocr_line' id='line_1_27' title="bbox 205 1610 1175 1642; baseline -0.003 -1"><span class='ocrx_word' id='word_1_186' title='bbox 205 1612 385 1642; x_wconf 82' lang='lat' dir='ltr'>exercitum</span> <span class='ocrx_word' id='word_1_187' title='bbox 399 1620 496 1641; x_wconf 88' lang='lat' dir='ltr'>suum</span> <span class='ocrx_word' id='word_1_188' title='bbox 509 1610 614 1640; x_wconf 85' lang='lat' dir='ltr'>secuti</span> <span class='ocrx_word' id='word_1_189' title='bbox 625 1619 690 1639; x_wconf 92' lang='lat' dir='ltr'>non</span> <span class='ocrx_word' id='word_1_190' title='bbox 703 1610 839 1640; x_wconf 88' lang='lat' dir='ltr'>fuerint.</span> <span class='ocrx_word' id='word_1_191' title='bbox 858 1610 945 1640; x_wconf 88' lang='lat' dir='ltr'>Petit</span> <span class='ocrx_word' id='word_1_192' title='bbox 957 1610 1055 1639; x_wconf 87' lang='lat' dir='ltr'>etiam</span> <span class='ocrx_word' id='word_1_193' title='bbox 1068 1610 1175 1640; x_wconf 89' lang='lat' dir='ltr'>eidem</span> 
     </span>
     <span class='ocr_line' id='line_1_28' title="bbox 204 1662 1176 1701; baseline -0.002 -8"><span class='ocrx_word' id='word_1_194' title='bbox 204 1664 317 1693; x_wconf 88' lang='lat' dir='ltr'>comiti</span> <span class='ocrx_word' id='word_1_195' title='bbox 337 1663 389 1693; x_wconf 82' lang='lat' dir='ltr'>vel</span> <span class='ocrx_word' id='word_1_196' title='bbox 410 1663 615 1701; x_wconf 76' lang='lat' dir='ltr'>procuratori</span> <span class='ocrx_word' id='word_1_197' title='bbox 638 1671 697 1692; x_wconf 91' lang='lat' dir='ltr'>suo</span> <span class='ocrx_word' id='word_1_198' title='bbox 717 1671 753 1692; x_wconf 87' lang='lat' dir='ltr'>ex</span> <span class='ocrx_word' id='word_1_199' title='bbox 777 1662 883 1692; x_wconf 86' lang='lat' dir='ltr'>officio</span> <span class='ocrx_word' id='word_1_200' title='bbox 901 1666 1010 1692; x_wconf 87' lang='lat' dir='ltr'>vestro</span> <span class='ocrx_word' id='word_1_201' title='bbox 1036 1662 1176 1692; x_wconf 88' lang='lat' dir='ltr'>firmiter</span> 
     </span>
     <span class='ocr_line' id='line_1_29' title="bbox 204 1715 1174 1754; baseline -0.001 -9"><span class='ocrx_word' id='word_1_202' title='bbox 204 1716 368 1751; x_wconf 70' lang='lat' dir='ltr'>inhiberi,</span> <span class='ocrx_word' id='word_1_203' title='bbox 384 1725 425 1746; x_wconf 86' lang='lat' dir='ltr'>ne</span> <span class='ocrx_word' id='word_1_204' title='bbox 439 1715 594 1753; x_wconf 82' lang='lat' dir='ltr'>deinceps</span> <span class='ocrx_word' id='word_1_205' title='bbox 614 1715 691 1744; x_wconf 87' lang='lat' dir='ltr'>talia</span> <span class='ocrx_word' id='word_1_206' title='bbox 705 1715 821 1750; x_wconf 85' lang='grc'><strong>100101,</strong></span> <span class='ocrx_word' id='word_1_207' title='bbox 840 1724 914 1744; x_wconf 90' lang='lat' dir='ltr'>cum</span> <span class='ocrx_word' id='word_1_208' title='bbox 934 1724 998 1744; x_wconf 90' lang='lat' dir='ltr'>non</span> <span class='ocrx_word' id='word_1_209' title='bbox 1016 1715 1059 1745; x_wconf 86' lang='lat' dir='ltr'>sit</span> <span class='ocrx_word' id='word_1_210' title='bbox 1077 1715 1107 1745; x_wconf 89' lang='lat' dir='ltr'>ei</span> <span class='ocrx_word' id='word_1_211' title='bbox 1119 1715 1174 1754; x_wconf 87' lang='lat' dir='ltr'>jus</span> 
     </span>
     <span class='ocr_line' id='line_1_30' title="bbox 204 1768 1175 1807; baseline -0.001 -8"><span class='ocrx_word' id='word_1_212' title='bbox 204 1769 283 1799; x_wconf 82' lang='lat' dir='ltr'>talia</span> <span class='ocrx_word' id='word_1_213' title='bbox 298 1769 455 1798; x_wconf 85' lang='lat' dir='ltr'>faciendi.</span> <span class='ocrx_word' id='word_1_214' title='bbox 474 1769 513 1797; x_wconf 86' lang='lat' dir='ltr'>Et</span> <span class='ocrx_word' id='word_1_215' title='bbox 534 1768 621 1806; x_wconf 88' lang='lat' dir='ltr'>quod</span> <span class='ocrx_word' id='word_1_216' title='bbox 637 1777 702 1797; x_wconf 88' lang='lat' dir='ltr'>non</span> <span class='ocrx_word' id='word_1_217' title='bbox 719 1768 762 1797; x_wconf 87' lang='lat' dir='ltr'>sit</span> <span class='ocrx_word' id='word_1_218' title='bbox 781 1768 836 1807; x_wconf 87' lang='lat' dir='ltr'>jus</span> <span class='ocrx_word' id='word_1_219' title='bbox 859 1768 989 1798; x_wconf 87' lang='lat' dir='ltr'>comitis</span> <span class='ocrx_word' id='word_1_220' title='bbox 1010 1768 1175 1798; x_wconf 84' lang='lat' dir='ltr'>Brittanie</span> 
     </span>
     <span class='ocr_line' id='line_1_31' title="bbox 204 1820 1176 1859; baseline -0.002 -8"><span class='ocrx_word' id='word_1_221' title='bbox 204 1821 283 1851; x_wconf 82' lang='lat' dir='ltr'>talia</span> <span class='ocrx_word' id='word_1_222' title='bbox 302 1820 465 1855; x_wconf 74' lang='lat' dir='ltr'>faciendi,</span> <span class='ocrx_word' id='word_1_223' title='bbox 491 1825 521 1850; x_wconf 87' lang='lat' dir='ltr'>et</span> <span class='ocrx_word' id='word_1_224' title='bbox 540 1820 627 1859; x_wconf 86' lang='lat' dir='ltr'>quod</span> <span class='ocrx_word' id='word_1_225' title='bbox 643 1820 683 1849; x_wconf 88' lang='lat' dir='ltr'>ad</span> <span class='ocrx_word' id='word_1_226' title='bbox 700 1820 811 1858; x_wconf 85' lang='lat' dir='ltr'>ipsum</span> <span class='ocrx_word' id='word_1_227' title='bbox 829 1820 975 1858; x_wconf 87' lang='lat' dir='ltr'>predicta</span> <span class='ocrx_word' id='word_1_228' title='bbox 992 1830 1056 1849; x_wconf 87' lang='lat' dir='ltr'>non</span> <span class='ocrx_word' id='word_1_229' title='bbox 1074 1821 1176 1858; x_wconf 86' lang='lat' dir='ltr'>perti-</span> 
     </span>
     <span class='ocr_line' id='line_1_32' title="bbox 203 1873 1176 1912; baseline -0.002 -8"><span class='ocrx_word' id='word_1_230' title='bbox 203 1878 318 1909; x_wconf 68' lang='lat' dir='ltr'>neant,</span> <span class='ocrx_word' id='word_1_231' title='bbox 346 1874 428 1912; x_wconf 89' lang='lat' dir='ltr'>petit</span> <span class='ocrx_word' id='word_1_232' title='bbox 452 1883 510 1911; x_wconf 88' lang='lat' dir='ltr'>per</span> <span class='ocrx_word' id='word_1_233' title='bbox 535 1873 736 1903; x_wconf 85' lang='lat' dir='ltr'>sententiam</span> <span class='ocrx_word' id='word_1_234' title='bbox 764 1873 938 1902; x_wconf 87' lang='lat' dir='ltr'>declarari.</span> <span class='ocrx_word' id='word_1_235' title='bbox 966 1874 1051 1902; x_wconf 86' lang='lat' dir='ltr'>Petit</span> <span class='ocrx_word' id='word_1_236' title='bbox 1076 1873 1176 1903; x_wconf 84' lang='lat' dir='ltr'>etiam</span> 
     </span>
     <span class='ocr_line' id='line_1_33' title="bbox 202 1926 1176 1965; baseline -0.002 -8"><span class='ocrx_word' id='word_1_237' title='bbox 202 1928 290 1957; x_wconf 89' lang='lat' dir='ltr'>idem</span> <span class='ocrx_word' id='word_1_238' title='bbox 307 1927 481 1965; x_wconf 89' lang='lat' dir='ltr'>episcopus</span> <span class='ocrx_word' id='word_1_239' title='bbox 499 1926 563 1956; x_wconf 86' lang='lat' dir='ltr'>sibi</span> <span class='ocrx_word' id='word_1_240' title='bbox 581 1926 738 1956; x_wconf 85' lang='lat' dir='ltr'>satisfieri</span> <span class='ocrx_word' id='word_1_241' title='bbox 753 1926 790 1955; x_wconf 82' lang='lat' dir='ltr'>de</span> <span class='ocrx_word' id='word_1_242' title='bbox 808 1926 932 1964; x_wconf 80' lang='lat' dir='ltr'>injuria</span> <span class='ocrx_word' id='word_1_243' title='bbox 947 1926 1011 1955; x_wconf 85' lang='lat' dir='ltr'>sibi</span> <span class='ocrx_word' id='word_1_244' title='bbox 1029 1930 1058 1955; x_wconf 82' lang='lat' dir='ltr'>et</span> <span class='ocrx_word' id='word_1_245' title='bbox 1076 1926 1176 1955; x_wconf 86' lang='lat' dir='ltr'>eccle-</span> 
     </span>
     <span class='ocr_line' id='line_1_34' title="bbox 202 1979 1175 2018; baseline -0.001 -8"><span class='ocrx_word' id='word_1_246' title='bbox 202 1981 251 2011; x_wconf 92' lang='lat' dir='ltr'>sie</span> <span class='ocrx_word' id='word_1_247' title='bbox 268 1989 327 2010; x_wconf 86' lang='lat' dir='ltr'>sue</span> <span class='ocrx_word' id='word_1_248' title='bbox 343 1979 450 2014; x_wconf 76' lang='lat' dir='ltr'>illata,</span> <span class='ocrx_word' id='word_1_249' title='bbox 471 1988 507 2009; x_wconf 92' lang='lat' dir='ltr'>eo</span> <span class='ocrx_word' id='word_1_250' title='bbox 524 1979 611 2018; x_wconf 90' lang='lat' dir='ltr'>quod</span> <span class='ocrx_word' id='word_1_251' title='bbox 628 1979 791 2009; x_wconf 82' lang='lat' dir='ltr'>satellites</span> <span class='ocrx_word' id='word_1_252' title='bbox 809 1979 956 2017; x_wconf 81' lang='lat' dir='ltr'>ejusdem</span> <span class='ocrx_word' id='word_1_253' title='bbox 974 1979 1115 2014; x_wconf 70' lang='lat' dir='ltr'>comitis,</span> <span class='ocrx_word' id='word_1_254' title='bbox 1137 1979 1175 2009; x_wconf 87' lang='lat' dir='ltr'>de</span> 
     </span>
     <span class='ocr_line' id='line_1_35' title="bbox 201 2031 1175 2070; baseline 0 -9"><span class='ocrx_word' id='word_1_255' title='bbox 201 2032 356 2062; x_wconf 85' lang='lat' dir='ltr'>mandato</span> <span class='ocrx_word' id='word_1_256' title='bbox 374 2032 481 2070; x_wconf 87' lang='lat' dir='ltr'>ipsius</span> <span class='ocrx_word' id='word_1_257' title='bbox 497 2031 549 2061; x_wconf 83' lang='lat' dir='ltr'>vel</span> <span class='ocrx_word' id='word_1_258' title='bbox 570 2040 607 2061; x_wconf 90' lang='lat' dir='ltr'>eo</span> <span class='ocrx_word' id='word_1_259' title='bbox 625 2035 735 2061; x_wconf 83' lang='lat' dir='ltr'>ratum</span> <span class='ocrx_word' id='word_1_260' title='bbox 758 2031 917 2066; x_wconf 70' lang='lat' dir='ltr'>habente,</span> <span class='ocrx_word' id='word_1_261' title='bbox 940 2036 1063 2061; x_wconf 87' lang='lat' dir='ltr'>terram</span> <span class='ocrx_word' id='word_1_262' title='bbox 1087 2032 1175 2070; x_wconf 86' lang='lat' dir='ltr'>epis-</span> 
     </span>
     <span class='ocr_line' id='line_1_36' title="bbox 202 2084 1175 2124; baseline -0.001 -9"><span class='ocrx_word' id='word_1_263' title='bbox 202 2086 274 2124; x_wconf 87' lang='lat' dir='ltr'>copi</span> <span class='ocrx_word' id='word_1_264' title='bbox 299 2089 330 2115; x_wconf 89' lang='lat' dir='ltr'>et</span> <span class='ocrx_word' id='word_1_265' title='bbox 356 2084 495 2114; x_wconf 80' lang='lat' dir='ltr'>ecclesie</span> <span class='ocrx_word' id='word_1_266' title='bbox 522 2084 749 2114; x_wconf 81' lang='lat' dir='ltr'>Nannetensis</span> <span class='ocrx_word' id='word_1_267' title='bbox 778 2084 940 2114; x_wconf 88' lang='lat' dir='ltr'>violenter</span> <span class='ocrx_word' id='word_1_268' title='bbox 966 2085 1175 2114; x_wconf 83' lang='lat' dir='ltr'>intraverunt</span> 
     </span>
     <span class='ocr_line' id='line_1_37' title="bbox 202 2124 1173 2176; baseline 0 -9"><span class='ocrx_word' id='word_1_269' title='bbox 202 2137 410 2176; x_wconf 89' lang='lat' dir='ltr'>depredando</span> <span class='ocrx_word' id='word_1_270' title='bbox 422 2124 575 2166; x_wconf 60' lang='lat' dir='ltr'>homines</span> <span class='ocrx_word' id='word_1_271' title='bbox 590 2141 619 2166; x_wconf 91' lang='lat' dir='ltr'>et</span> <span class='ocrx_word' id='word_1_272' title='bbox 632 2137 791 2175; x_wconf 84' lang='lat' dir='ltr'>quosdam</span> <span class='ocrx_word' id='word_1_273' title='bbox 804 2137 929 2167; x_wconf 83' lang='lat' dir='ltr'>carceri</span> <span class='ocrx_word' id='word_1_274' title='bbox 943 2137 1173 2175; x_wconf 81' lang='lat' dir='ltr'>mancipando,</span> 
     </span>
     <span class='ocr_line' id='line_1_38' title="bbox 204 2189 1175 2229; baseline -0.001 -9"><span class='ocrx_word' id='word_1_275' title='bbox 204 2199 303 2229; x_wconf 89' lang='lat' dir='ltr'>quam</span> <span class='ocrx_word' id='word_1_276' title='bbox 332 2190 491 2229; x_wconf 86' lang='lat' dir='ltr'>injuriam</span> <span class='ocrx_word' id='word_1_277' title='bbox 521 2189 622 2219; x_wconf 88' lang='lat' dir='ltr'>nollet</span> <span class='ocrx_word' id='word_1_278' title='bbox 650 2190 853 2219; x_wconf 83' lang='lat' dir='ltr'>sustinuisse</span> <span class='ocrx_word' id='word_1_279' title='bbox 876 2199 933 2228; x_wconf 91' lang='lat' dir='ltr'>pro</span> <span class='ocrx_word' id='word_1_280' title='bbox 961 2190 1052 2220; x_wconf 82' lang='lat' dir='ltr'>mille</span> <span class='ocrx_word' id='word_1_281' title='bbox 1079 2190 1175 2220; x_wconf 89' lang='lat' dir='ltr'>libris</span> 
     </span>
     <span class='ocr_line' id='line_1_39' title="bbox 204 2242 1175 2281; baseline -0.001 -8"><span class='ocrx_word' id='word_1_282' title='bbox 204 2243 436 2273; x_wconf 82' lang='lat' dir='ltr'>turonensium</span> <span class='ocrx_word' id='word_1_283' title='bbox 456 2246 487 2272; x_wconf 87' lang='lat' dir='ltr'>et</span> <span class='ocrx_word' id='word_1_284' title='bbox 505 2242 593 2272; x_wconf 87' lang='lat' dir='ltr'>ultra</span> <span class='ocrx_word' id='word_1_285' title='bbox 611 2252 617 2271; x_wconf 92' lang='lat'>:</span> <span class='ocrx_word' id='word_1_286' title='bbox 636 2242 671 2271; x_wconf 91' lang='grc'>10</span> <span class='ocrx_word' id='word_1_287' title='bbox 693 2242 815 2281; x_wconf 84' lang='lat' dir='ltr'>quibus</span> <span class='ocrx_word' id='word_1_288' title='bbox 833 2243 915 2281; x_wconf 87' lang='lat' dir='ltr'>petit</span> <span class='ocrx_word' id='word_1_289' title='bbox 932 2243 1055 2272; x_wconf 87' lang='lat' dir='ltr'>dictum</span> <span class='ocrx_word' id='word_1_290' title='bbox 1073 2243 1175 2272; x_wconf 87' lang='lat' dir='ltr'>comi-</span> 
     </span>
     <span class='ocr_line' id='line_1_40' title="bbox 204 2295 1175 2334; baseline -0.001 -9"><span class='ocrx_word' id='word_1_291' title='bbox 204 2301 267 2326; x_wconf 89' lang='lat' dir='ltr'>tem</span> <span class='ocrx_word' id='word_1_292' title='bbox 284 2304 342 2334; x_wconf 87' lang='lat' dir='ltr'>per</span> <span class='ocrx_word' id='word_1_293' title='bbox 357 2304 415 2325; x_wconf 81' lang='lat' dir='ltr'>vos</span> <span class='ocrx_word' id='word_1_294' title='bbox 432 2295 540 2325; x_wconf 87' lang='lat' dir='ltr'>eidem</span> <span class='ocrx_word' id='word_1_295' title='bbox 556 2295 709 2333; x_wconf 89' lang='lat' dir='ltr'>episcopo</span> <span class='ocrx_word' id='word_1_296' title='bbox 732 2295 977 2325; x_wconf 77' lang='lat' dir='ltr'>sententialiter</span> <span class='ocrx_word' id='word_1_297' title='bbox 999 2296 1175 2334; x_wconf 85' lang='lat' dir='ltr'>condemp-</span> 
     </span>
     <span class='ocr_line' id='line_1_41' title="bbox 205 2347 1175 2386; baseline -0.001 -8"><span class='ocrx_word' id='word_1_298' title='bbox 205 2348 288 2378; x_wconf 85' lang='lat' dir='ltr'>nari.</span> <span class='ocrx_word' id='word_1_299' title='bbox 308 2348 395 2378; x_wconf 88' lang='lat' dir='ltr'>Petit</span> <span class='ocrx_word' id='word_1_300' title='bbox 412 2348 511 2377; x_wconf 88' lang='lat' dir='ltr'>etiam</span> <span class='ocrx_word' id='word_1_301' title='bbox 529 2348 632 2377; x_wconf 89' lang='lat' dir='ltr'>dictas</span> <span class='ocrx_word' id='word_1_302' title='bbox 644 2347 735 2377; x_wconf 90' lang='lat' dir='ltr'>mille</span> <span class='ocrx_word' id='word_1_303' title='bbox 749 2347 852 2377; x_wconf 88' lang='lat' dir='ltr'>libras</span> <span class='ocrx_word' id='word_1_304' title='bbox 866 2358 924 2386; x_wconf 88' lang='lat' dir='ltr'>per</span> <span class='ocrx_word' id='word_1_305' title='bbox 937 2348 1061 2378; x_wconf 83' lang='lat' dir='ltr'>dictum</span> <span class='ocrx_word' id='word_1_306' title='bbox 1078 2349 1175 2378; x_wconf 87' lang='lat' dir='ltr'>comi-</span> 
     </span>
     <span class='ocr_line' id='line_1_42' title="bbox 204 2401 1175 2433; baseline 0.002 -2"><span class='ocrx_word' id='word_1_307' title='bbox 204 2406 269 2432; x_wconf 88' lang='lat' dir='ltr'>tem</span> <span class='ocrx_word' id='word_1_308' title='bbox 279 2401 330 2431; x_wconf 91' lang='lat' dir='ltr'>vel</span> <span class='ocrx_word' id='word_1_309' title='bbox 342 2401 503 2431; x_wconf 83' lang='lat' dir='ltr'>satellites</span> <span class='ocrx_word' id='word_1_310' title='bbox 518 2410 594 2430; x_wconf 91' lang='lat' dir='ltr'>suos</span> <span class='ocrx_word' id='word_1_311' title='bbox 607 2410 625 2430; x_wconf 88' lang='grc'>0</span> <span class='ocrx_word' id='word_1_312' title='bbox 636 2401 733 2431; x_wconf 83' lang='grc'><strong>(110115</strong></span> <span class='ocrx_word' id='word_1_313' title='bbox 745 2401 938 2431; x_wconf 84' lang='lat' dir='ltr'>hominibus</span> <span class='ocrx_word' id='word_1_314' title='bbox 950 2402 1020 2432; x_wconf 85' lang='lat' dir='ltr'>suis</span> <span class='ocrx_word' id='word_1_315' title='bbox 1033 2407 1175 2433; x_wconf 83' lang='lat' dir='ltr'>extortas</span> 
     </span>
     <span class='ocr_line' id='line_1_43' title="bbox 205 2454 1175 2492; baseline 0 -8"><span class='ocrx_word' id='word_1_316' title='bbox 205 2455 269 2485; x_wconf 84' lang='lat' dir='ltr'>sihi</span> <span class='ocrx_word' id='word_1_317' title='bbox 301 2458 468 2492; x_wconf 76' lang='lat' dir='ltr'>tamquam</span> <span class='ocrx_word' id='word_1_318' title='bbox 497 2454 703 2492; x_wconf 75' lang='lat' dir='ltr'>procuratori</span> <span class='ocrx_word' id='word_1_319' title='bbox 731 2454 893 2484; x_wconf 89' lang='lat' dir='ltr'>dictorum</span> <span class='ocrx_word' id='word_1_320' title='bbox 922 2454 1094 2484; x_wconf 82' lang='lat' dir='ltr'>hominum</span> <span class='ocrx_word' id='word_1_321' title='bbox 1124 2456 1175 2485; x_wconf 84' lang='lat' dir='ltr'>vel</span> 
     </span>
     <span class='ocr_line' id='line_1_44' title="bbox 205 2506 1174 2543; baseline 0 -7"><span class='ocrx_word' id='word_1_322' title='bbox 205 2507 302 2537; x_wconf 88' lang='lat' dir='ltr'>dictis</span> <span class='ocrx_word' id='word_1_323' title='bbox 318 2506 511 2537; x_wconf 86' lang='lat' dir='ltr'>hominihus</span> <span class='ocrx_word' id='word_1_324' title='bbox 531 2516 548 2536; x_wconf 92' lang='lat' dir='ltr'>a</span> <span class='ocrx_word' id='word_1_325' title='bbox 565 2507 651 2536; x_wconf 87' lang='lat' dir='ltr'>dicto</span> <span class='ocrx_word' id='word_1_326' title='bbox 668 2507 785 2537; x_wconf 84' lang='lat' dir='ltr'>comite</span> <span class='ocrx_word' id='word_1_327' title='bbox 802 2508 952 2543; x_wconf 79' lang='lat' dir='ltr'>restitui,</span> <span class='ocrx_word' id='word_1_328' title='bbox 978 2508 1047 2537; x_wconf 84' lang='lat' dir='ltr'>sive</span> <span class='ocrx_word' id='word_1_329' title='bbox 1070 2508 1174 2543; x_wconf 67' lang='lat' dir='ltr'>reddi,</span> 
     </span>
     <span class='ocr_line' id='line_1_45' title="bbox 206 2559 1177 2598; baseline -0.001 -8"><span class='ocrx_word' id='word_1_330' title='bbox 206 2564 237 2590; x_wconf 89' lang='lat' dir='ltr'>et</span> <span class='ocrx_word' id='word_1_331' title='bbox 253 2560 292 2589; x_wconf 89' lang='lat' dir='ltr'>de</span> <span class='ocrx_word' id='word_1_332' title='bbox 308 2559 461 2598; x_wconf 82' lang='lat' dir='ltr'>dampnis</span> <span class='ocrx_word' id='word_1_333' title='bbox 478 2560 650 2595; x_wconf 78' lang='lat' dir='ltr'>satisfieri,</span> <span class='ocrx_word' id='word_1_334' title='bbox 669 2568 732 2598; x_wconf 87' lang='lat' dir='ltr'>que</span> <span class='ocrx_word' id='word_1_335' title='bbox 749 2564 881 2598; x_wconf 86' lang='lat' dir='ltr'>propter</span> <span class='ocrx_word' id='word_1_336' title='bbox 897 2560 958 2589; x_wconf 90' lang='grc'><strong>1100</strong></span> <span class='ocrx_word' id='word_1_337' title='bbox 974 2560 1051 2589; x_wconf 86' lang='lat' dir='ltr'>dicti</span> <span class='ocrx_word' id='word_1_338' title='bbox 1069 2560 1177 2590; x_wconf 89' lang='lat' dir='ltr'>homi-</span> 
     </span>
     <span class='ocr_line' id='line_1_46' title="bbox 206 2612 1176 2651; baseline 0 -9"><span class='ocrx_word' id='word_1_339' title='bbox 206 2622 264 2643; x_wconf 91' lang='lat' dir='ltr'>nes</span> <span class='ocrx_word' id='word_1_340' title='bbox 288 2613 517 2647; x_wconf 85' lang='lat' dir='ltr'>incurrerunt,</span> <span class='ocrx_word' id='word_1_341' title='bbox 545 2622 608 2651; x_wconf 89' lang='lat' dir='ltr'>que</span> <span class='ocrx_word' id='word_1_342' title='bbox 634 2612 769 2642; x_wconf 79' lang='lat' dir='ltr'>extimat</span> <span class='ocrx_word' id='word_1_343' title='bbox 792 2613 832 2642; x_wconf 85' lang='lat' dir='ltr'>ad</span> <span class='ocrx_word' id='word_1_344' title='bbox 855 2622 1018 2642; x_wconf 85' lang='lat' dir='ltr'>summam</span> <span class='ocrx_word' id='word_1_345' title='bbox 1044 2618 1176 2643; x_wconf 84' lang='lat' dir='ltr'>centum</span> 
     </span>
     <span class='ocr_line' id='line_1_47' title="bbox 202 2665 547 2703; baseline -0.003 -8"><span class='ocrx_word' id='word_1_346' title='bbox 202 2674 390 2695; x_wconf 84' lang='lat' dir='ltr'>marcarum</span> <span class='ocrx_word' id='word_1_347' title='bbox 406 2665 547 2703; x_wconf 79' lang='lat' dir='ltr'>argenti.</span> 
     </span>
    </p>

    <p class='ocr_par' dir='ltr' id='par_1_3' title="bbox 205 2718 1179 2914">
     <span class='ocr_line' id='line_1_48' title="bbox 206 2718 1178 2757; baseline 0.002 -10"><span class='ocrx_word' id='word_1_348' title='bbox 206 2731 219 2745; x_wconf 74' lang='lat' dir='ltr'>n</span> <span class='ocrx_word' id='word_1_349' title='bbox 239 2718 396 2757; x_wconf 87' lang='lat' dir='ltr'>Proponit</span> <span class='ocrx_word' id='word_1_350' title='bbox 413 2719 511 2748; x_wconf 85' lang='lat' dir='ltr'>etiam</span> <span class='ocrx_word' id='word_1_351' title='bbox 528 2719 614 2748; x_wconf 85' lang='lat' dir='ltr'>idem</span> <span class='ocrx_word' id='word_1_352' title='bbox 629 2718 803 2757; x_wconf 87' lang='lat' dir='ltr'>episcopus</span> <span class='ocrx_word' id='word_1_353' title='bbox 820 2720 1046 2749; x_wconf 74' lang='lat' dir='ltr'>Nannetensis</span> <span class='ocrx_word' id='word_1_354' title='bbox 1064 2724 1178 2749; x_wconf 85' lang='lat' dir='ltr'>contra</span> 
     </span>
     <span class='ocr_line' id='line_1_49' title="bbox 205 2771 1177 2810; baseline 0 -8"><span class='ocrx_word' id='word_1_355' title='bbox 205 2771 346 2802; x_wconf 85' lang='lat' dir='ltr'>eundem</span> <span class='ocrx_word' id='word_1_356' title='bbox 374 2771 547 2806; x_wconf 84' lang='grc'><strong>0001110111,</strong></span> <span class='ocrx_word' id='word_1_357' title='bbox 573 2771 659 2810; x_wconf 90' lang='lat' dir='ltr'>quod</span> <span class='ocrx_word' id='word_1_358' title='bbox 684 2779 757 2801; x_wconf 90' lang='lat' dir='ltr'>cum</span> <span class='ocrx_word' id='word_1_359' title='bbox 786 2771 926 2801; x_wconf 85' lang='lat' dir='ltr'>ecclesia</span> <span class='ocrx_word' id='word_1_360' title='bbox 950 2772 1177 2802; x_wconf 88' lang='lat' dir='ltr'>Nannetensis</span> 
     </span>
     <span class='ocr_line' id='line_1_50' title="bbox 205 2823 1179 2862; baseline 0.001 -9"><span class='ocrx_word' id='word_1_361' title='bbox 205 2827 293 2854; x_wconf 83' lang='lat' dir='ltr'>esset</span> <span class='ocrx_word' id='word_1_362' title='bbox 317 2823 352 2852; x_wconf 90' lang='lat' dir='ltr'>in</span> <span class='ocrx_word' id='word_1_363' title='bbox 373 2823 585 2862; x_wconf 82' lang='lat' dir='ltr'>possessione</span> <span class='ocrx_word' id='word_1_364' title='bbox 610 2823 662 2853; x_wconf 88' lang='lat' dir='ltr'>vel</span> <span class='ocrx_word' id='word_1_365' title='bbox 683 2824 778 2862; x_wconf 86' lang='lat' dir='ltr'>quasi</span> <span class='ocrx_word' id='word_1_366' title='bbox 799 2823 945 2862; x_wconf 76' lang='lat' dir='ltr'>homagii</span> <span class='ocrx_word' id='word_1_367' title='bbox 968 2825 1047 2854; x_wconf 83' lang='grc'><strong>10011</strong></span> <span class='ocrx_word' id='word_1_368' title='bbox 1070 2825 1132 2853; x_wconf 82' lang='lat' dir='ltr'>sibi</span> <span class='ocrx_word' id='word_1_369' title='bbox 1161 2834 1179 2854; x_wconf 90' lang='grc'>0</span> 
     </span>
     <span class='ocr_line' id='line_1_51' title="bbox 207 2875 1179 2914; baseline 0.001 -9"><span class='ocrx_word' id='word_1_370' title='bbox 207 2876 350 2906; x_wconf 88' lang='lat' dir='ltr'>dominis</span> <span class='ocrx_word' id='word_1_371' title='bbox 367 2875 467 2906; x_wconf 81' lang='lat' dir='ltr'>castri</span> <span class='ocrx_word' id='word_1_372' title='bbox 483 2875 581 2907; x_wconf 88' lang='lat' dir='ltr'>Clicii</span> <span class='ocrx_word' id='word_1_373' title='bbox 594 2885 652 2914; x_wconf 90' lang='lat' dir='ltr'>pro</span> <span class='ocrx_word' id='word_1_374' title='bbox 670 2875 741 2914; x_wconf 91' lang='lat' dir='ltr'>ipso</span> <span class='ocrx_word' id='word_1_375' title='bbox 758 2880 876 2913; x_wconf 87' lang='lat' dir='ltr'>castro,</span> <span class='ocrx_word' id='word_1_376' title='bbox 894 2876 1001 2907; x_wconf 85' lang='lat' dir='ltr'>dictus</span> <span class='ocrx_word' id='word_1_377' title='bbox 1018 2886 1126 2907; x_wconf 78' lang='lat' dir='ltr'>coines</span> <span class='ocrx_word' id='word_1_378' title='bbox 1141 2886 1179 2907; x_wconf 86' lang='lat' dir='ltr'>ex</span> 
     </span>
    </p>
   </div>
   <div class='ocr_carea' id='block_1_3' title="bbox 1293 228 2272 2913">
    <p class='ocr_par' dir='ltr' id='par_1_4' title="bbox 1293 228 2272 2913">
     <span class='ocr_line' id='line_1_52' title="bbox 2207 228 2259 257; baseline 0.019 -1"><span class='ocrx_word' id='word_1_379' title='bbox 2207 228 2259 257; x_wconf 66' lang='lat'>103</span> 
     </span>
     <span class='ocr_line' id='line_1_53' title="bbox 1293 289 2258 328; baseline 0.005 -12"><span class='ocrx_word' id='word_1_380' title='bbox 1293 289 1460 326; x_wconf 85' lang='lat' dir='ltr'>insperato</span> <span class='ocrx_word' id='word_1_381' title='bbox 1486 290 1641 320; x_wconf 81' lang='lat' dir='ltr'>obsidens</span> <span class='ocrx_word' id='word_1_382' title='bbox 1663 295 1807 319; x_wconf 74' lang='lat' dir='ltr'>castrum</span> <span class='ocrx_word' id='word_1_383' title='bbox 1834 291 1940 328; x_wconf 82' lang='lat' dir='ltr'>ipsum</span> <span class='ocrx_word' id='word_1_384' title='bbox 1966 291 2119 328; x_wconf 83' lang='lat' dir='ltr'>compulit</span> <span class='ocrx_word' id='word_1_385' title='bbox 2148 292 2258 321; x_wconf 79' lang='lat' dir='ltr'>Olive-</span> 
     </span>
     <span class='ocr_line' id='line_1_54' title="bbox 1294 340 2259 380; baseline 0.005 -12"><span class='ocrx_word' id='word_1_386' title='bbox 1294 340 1381 369; x_wconf 91' lang='lat' dir='ltr'>rium</span> <span class='ocrx_word' id='word_1_387' title='bbox 1403 341 1573 370; x_wconf 85' lang='lat' dir='ltr'>dominum</span> <span class='ocrx_word' id='word_1_388' title='bbox 1597 342 1674 371; x_wconf 87' lang='lat' dir='ltr'>dicti</span> <span class='ocrx_word' id='word_1_389' title='bbox 1697 343 1795 371; x_wconf 74' lang='lat' dir='ltr'>castri</span> <span class='ocrx_word' id='word_1_390' title='bbox 1815 343 1900 380; x_wconf 86' lang='lat' dir='ltr'>quod</span> <span class='ocrx_word' id='word_1_391' title='bbox 1922 344 2041 372; x_wconf 79' lang='lat' dir='ltr'>faceret</span> <span class='ocrx_word' id='word_1_392' title='bbox 2062 344 2124 372; x_wconf 84' lang='lat' dir='ltr'>sibi</span> <span class='ocrx_word' id='word_1_393' title='bbox 2146 344 2259 373; x_wconf 83' lang='lat' dir='ltr'>homa-</span> 
     </span>
     <span class='ocr_line' id='line_1_55' title="bbox 1294 393 2258 431; baseline 0.004 -10"><span class='ocrx_word' id='word_1_394' title='bbox 1294 393 1384 429; x_wconf 73' lang='lat' dir='ltr'>gium</span> <span class='ocrx_word' id='word_1_395' title='bbox 1407 397 1437 422; x_wconf 83' lang='grc'>01</span> <span class='ocrx_word' id='word_1_396' title='bbox 1455 394 1581 431; x_wconf 81' lang='lat' dir='ltr'>juraret</span> <span class='ocrx_word' id='word_1_397' title='bbox 1604 394 1668 423; x_wconf 90' lang='lat' dir='ltr'>sibi</span> <span class='ocrx_word' id='word_1_398' title='bbox 1696 394 1887 423; x_wconf 59' lang='lat' dir='ltr'>l‘itilelitaten‘t</span> <span class='ocrx_word' id='word_1_399' title='bbox 1915 395 1952 424; x_wconf 90' lang='lat' dir='ltr'>de</span> <span class='ocrx_word' id='word_1_400' title='bbox 1974 396 2059 424; x_wconf 64' lang='lat' dir='ltr'>:licto</span> <span class='ocrx_word' id='word_1_401' title='bbox 2084 401 2201 427; x_wconf 68' lang='lat' dir='ltr'>‹fas-tro,</span> <span class='ocrx_word' id='word_1_402' title='bbox 2225 397 2258 425; x_wconf 90' lang='lat' dir='ltr'>in</span> 
     </span>
     <span class='ocr_line' id='line_1_56' title="bbox 1295 445 2260 486; baseline -0.005 -12"><span class='ocrx_word' id='word_1_403' title='bbox 1295 445 1441 482; x_wconf 79' lang='lat' dir='ltr'>ejusdem</span> <span class='ocrx_word' id='word_1_404' title='bbox 1463 445 1600 474; x_wconf 81' lang='lat' dir='ltr'>ecclesie</span> <span class='ocrx_word' id='word_1_405' title='bbox 1623 446 1848 475; x_wconf 82' lang='lat' dir='ltr'>Nannetensis</span> <span class='ocrx_word' id='word_1_406' title='bbox 1872 455 1936 475; x_wconf 90' lang='lat' dir='ltr'>non</span> <span class='ocrx_word' id='word_1_407' title='bbox 1960 447 2123 476; x_wconf 83' lang='lat' dir='ltr'>modicum</span> <span class='ocrx_word' id='word_1_408' title='bbox 2150 448 2260 486; x_wconf 49' lang='grc' dir='ltr'><strong>111-Θμ-</strong></span> 
     </span>
     <span class='ocr_line' id='line_1_57' title="bbox 1294 497 2260 535; baseline 0.003 -10"><span class='ocrx_word' id='word_1_409' title='bbox 1294 497 1418 525; x_wconf 80' lang='lat' dir='ltr'>dicium</span> <span class='ocrx_word' id='word_1_410' title='bbox 1442 501 1472 526; x_wconf 86' lang='lat' dir='ltr'>et</span> <span class='ocrx_word' id='word_1_411' title='bbox 1494 506 1682 534; x_wconf 73' lang='lat' dir='ltr'>gravamen.</span> <span class='ocrx_word' id='word_1_412' title='bbox 1702 498 1810 533; x_wconf 76' lang='lat' dir='ltr'>Quare</span> <span class='ocrx_word' id='word_1_413' title='bbox 1829 499 1906 535; x_wconf 82' lang='lat' dir='ltr'>petit</span> <span class='ocrx_word' id='word_1_414' title='bbox 1930 499 2101 527; x_wconf 71' lang='lat' dir='ltr'>ecclesiam</span> <span class='ocrx_word' id='word_1_415' title='bbox 2126 501 2260 529; x_wconf 78' lang='lat' dir='ltr'>Nanne-</span> 
     </span>
     <span class='ocr_line' id='line_1_58' title="bbox 1295 550 2261 590; baseline 0.001 -12"><span class='ocrx_word' id='word_1_416' title='bbox 1295 553 1420 579; x_wconf 86' lang='lat' dir='ltr'>tensem</span> <span class='ocrx_word' id='word_1_417' title='bbox 1440 550 1553 587; x_wconf 89' lang='lat' dir='ltr'>reponi</span> <span class='ocrx_word' id='word_1_418' title='bbox 1575 553 1603 578; x_wconf 90' lang='lat' dir='ltr'>et</span> <span class='ocrx_word' id='word_1_419' title='bbox 1627 550 1740 578; x_wconf 83' lang='lat' dir='ltr'>reduci</span> <span class='ocrx_word' id='word_1_420' title='bbox 1757 550 1791 578; x_wconf 90' lang='grc'>111</span> <span class='ocrx_word' id='word_1_421' title='bbox 1813 554 1933 579; x_wconf 81' lang='lat' dir='ltr'>statum</span> <span class='ocrx_word' id='word_1_422' title='bbox 1951 551 2127 587; x_wconf 79' lang='lat' dir='ltr'>pristinum</span> <span class='ocrx_word' id='word_1_423' title='bbox 2145 552 2177 580; x_wconf 90' lang='lat' dir='ltr'>iu</span> <span class='ocrx_word' id='word_1_424' title='bbox 2198 562 2261 590; x_wconf 82' lang='lat' dir='ltr'>quo</span> 
     </span>
     <span class='ocr_line' id='line_1_59' title="bbox 1295 602 2260 640; baseline 0.001 -9"><span class='ocrx_word' id='word_1_425' title='bbox 1295 606 1362 631; x_wconf 85' lang='lat' dir='ltr'>erat</span> <span class='ocrx_word' id='word_1_426' title='bbox 1383 602 1513 640; x_wconf 88' lang='lat' dir='ltr'>quando</span> <span class='ocrx_word' id='word_1_427' title='bbox 1530 602 1636 631; x_wconf 81' lang='lat' dir='ltr'>dietus</span> <span class='ocrx_word' id='word_1_428' title='bbox 1654 611 1761 631; x_wconf 78' lang='lat' dir='ltr'>comes</span> <span class='ocrx_word' id='word_1_429' title='bbox 1778 602 1899 631; x_wconf 83' lang='lat' dir='ltr'>dictum</span> <span class='ocrx_word' id='word_1_430' title='bbox 1918 608 2060 631; x_wconf 68' lang='lat' dir='ltr'>castrum</span> <span class='ocrx_word' id='word_1_431' title='bbox 2076 604 2213 638; x_wconf 79' lang='lat' dir='ltr'>obsedit,</span> <span class='ocrx_word' id='word_1_432' title='bbox 2232 610 2260 633; x_wconf 85' lang='lat' dir='ltr'>et</span> 
     </span>
     <span class='ocr_line' id='line_1_60' title="bbox 1296 655 2262 694; baseline 0.002 -10"><span class='ocrx_word' id='word_1_433' title='bbox 1296 655 1382 694; x_wconf 84' lang='lat' dir='ltr'>quod</span> <span class='ocrx_word' id='word_1_434' title='bbox 1398 656 1521 684; x_wconf 82' lang='lat' dir='ltr'>sactum</span> <span class='ocrx_word' id='word_1_435' title='bbox 1536 659 1584 684; x_wconf 89' lang='lat' dir='ltr'>est</span> <span class='ocrx_word' id='word_1_436' title='bbox 1598 655 1636 684; x_wconf 85' lang='lat' dir='ltr'>de</span> <span class='ocrx_word' id='word_1_437' title='bbox 1653 655 1749 683; x_wconf 82' lang='lat' dir='ltr'>dictis</span> <span class='ocrx_word' id='word_1_438' title='bbox 1762 655 1914 692; x_wconf 65' lang='lat' dir='ltr'>homagio</span> <span class='ocrx_word' id='word_1_439' title='bbox 1928 656 2157 693; x_wconf 79' lang='lat' dir='ltr'>etjura1n‹=nto</span> <span class='ocrx_word' id='word_1_440' title='bbox 2174 666 2262 686; x_wconf 75' lang='lat' dir='ltr'>revo-</span> 
     </span>
     <span class='ocr_line' id='line_1_61' title="bbox 1296 707 2262 746; baseline 0.003 -11"><span class='ocrx_word' id='word_1_441' title='bbox 1296 707 1364 736; x_wconf 86' lang='lat' dir='ltr'>cari</span> <span class='ocrx_word' id='word_1_442' title='bbox 1388 712 1418 736; x_wconf 90' lang='lat' dir='ltr'>et</span> <span class='ocrx_word' id='word_1_443' title='bbox 1440 707 1573 736; x_wconf 90' lang='lat' dir='ltr'>irritum</span> <span class='ocrx_word' id='word_1_444' title='bbox 1597 707 1761 736; x_wconf 84' lang='lat' dir='ltr'>nunciari.</span> <span class='ocrx_word' id='word_1_445' title='bbox 1784 708 1867 736; x_wconf 87' lang='lat' dir='ltr'>Item</span> <span class='ocrx_word' id='word_1_446' title='bbox 1886 707 1965 736; x_wconf 84' lang='lat' dir='ltr'>dicit</span> <span class='ocrx_word' id='word_1_447' title='bbox 1984 708 2069 736; x_wconf 84' lang='lat' dir='ltr'>idem</span> <span class='ocrx_word' id='word_1_448' title='bbox 2091 709 2262 746; x_wconf 61' lang='lat' dir='ltr'>episeopus</span> 
     </span>
     <span class='ocr_line' id='line_1_62' title="bbox 1296 759 2264 799; baseline 0 -9"><span class='ocrx_word' id='word_1_449' title='bbox 1296 764 1409 790; x_wconf 81' lang='lat' dir='ltr'>contra</span> <span class='ocrx_word' id='word_1_450' title='bbox 1428 760 1551 789; x_wconf 87' lang='lat' dir='ltr'>dictum</span> <span class='ocrx_word' id='word_1_451' title='bbox 1571 760 1739 793; x_wconf 82' lang='lat' dir='ltr'>comitem,</span> <span class='ocrx_word' id='word_1_452' title='bbox 1760 759 1847 797; x_wconf 88' lang='lat' dir='ltr'>quod</span> <span class='ocrx_word' id='word_1_453' title='bbox 1866 768 1938 788; x_wconf 84' lang='lat' dir='ltr'>eum</span> <span class='ocrx_word' id='word_1_454' title='bbox 1955 759 2042 788; x_wconf 76' lang='lat' dir='ltr'>idem</span> <span class='ocrx_word' id='word_1_455' title='bbox 2059 769 2165 789; x_wconf 78' lang='lat' dir='ltr'>comes</span> <span class='ocrx_word' id='word_1_456' title='bbox 2183 771 2264 799; x_wconf 82' lang='lat' dir='ltr'>qua-</span> 
     </span>
     <span class='ocr_line' id='line_1_63' title="bbox 1296 811 2264 842; baseline 0.001 -1"><span class='ocrx_word' id='word_1_457' title='bbox 1296 813 1371 841; x_wconf 88' lang='lat' dir='ltr'>dam</span> <span class='ocrx_word' id='word_1_458' title='bbox 1401 812 1452 841; x_wconf 86' lang='lat' dir='ltr'>die.</span> <span class='ocrx_word' id='word_1_459' title='bbox 1483 811 1648 841; x_wconf 84' lang='lat' dir='ltr'>dominica</span> <span class='ocrx_word' id='word_1_460' title='bbox 1681 811 1768 840; x_wconf 87' lang='lat' dir='ltr'>eirca</span> <span class='ocrx_word' id='word_1_461' title='bbox 1798 811 2014 840; x_wconf 80' lang='lat' dir='ltr'>Nativitatem</span> <span class='ocrx_word' id='word_1_462' title='bbox 2040 812 2132 841; x_wconf 83' lang='lat' dir='ltr'>beate</span> <span class='ocrx_word' id='word_1_463' title='bbox 2162 814 2264 842; x_wconf 81' lang='lat' dir='ltr'>Marie</span> 
     </span>
     <span class='ocr_line' id='line_1_64' title="bbox 1295 864 2265 903; baseline 0 -8"><span class='ocrx_word' id='word_1_464' title='bbox 1295 866 1447 903; x_wconf 70' lang='lat' dir='ltr'>Virginis</span> <span class='ocrx_word' id='word_1_465' title='bbox 1464 865 1586 895; x_wconf 90' lang='lat' dir='ltr'>dictum</span> <span class='ocrx_word' id='word_1_466' title='bbox 1602 869 1747 894; x_wconf 86' lang='lat' dir='ltr'>castrum</span> <span class='ocrx_word' id='word_1_467' title='bbox 1764 864 1861 894; x_wconf 86' lang='lat' dir='ltr'>Clicii</span> <span class='ocrx_word' id='word_1_468' title='bbox 1877 864 2072 895; x_wconf 78' lang='lat' dir='ltr'>obsedisset.</span> <span class='ocrx_word' id='word_1_469' title='bbox 2088 865 2200 894; x_wconf 79' lang='lat' dir='ltr'>eadem</span> <span class='ocrx_word' id='word_1_470' title='bbox 2213 866 2265 895; x_wconf 82' lang='grc'><strong>(110</strong></span> 
     </span>
     <span class='ocr_line' id='line_1_65' title="bbox 1296 916 2265 956; baseline -0.001 -9"><span class='ocrx_word' id='word_1_471' title='bbox 1296 919 1461 948; x_wconf 85' lang='lat' dir='ltr'>dominica</span> <span class='ocrx_word' id='word_1_472' title='bbox 1480 918 1615 956; x_wconf 84' lang='lat' dir='ltr'>quidam</span> <span class='ocrx_word' id='word_1_473' title='bbox 1631 917 1780 947; x_wconf 83' lang='lat' dir='ltr'>serviens</span> <span class='ocrx_word' id='word_1_474' title='bbox 1801 917 1947 955; x_wconf 78' lang='lat' dir='ltr'>ejusdem</span> <span class='ocrx_word' id='word_1_475' title='bbox 1969 916 2116 951; x_wconf 72' lang='lat' dir='ltr'>comitis,</span> <span class='ocrx_word' id='word_1_476' title='bbox 2138 917 2193 955; x_wconf 88' lang='lat' dir='ltr'>qui</span> <span class='ocrx_word' id='word_1_477' title='bbox 2210 927 2265 947; x_wconf 86' lang='lat' dir='ltr'>vo-</span> 
     </span>
     <span class='ocr_line' id='line_1_66' title="bbox 1297 969 2263 1008; baseline -0.002 -7"><span class='ocrx_word' id='word_1_478' title='bbox 1297 975 1389 1001; x_wconf 87' lang='lat' dir='ltr'>catur</span> <span class='ocrx_word' id='word_1_479' title='bbox 1412 972 1562 1000; x_wconf 84' lang='lat' dir='ltr'>Herveus</span> <span class='ocrx_word' id='word_1_480' title='bbox 1585 970 1769 1003; x_wconf 69' lang='lat' dir='ltr'>Gratemet,</span> <span class='ocrx_word' id='word_1_481' title='bbox 1790 969 1934 1008; x_wconf 75' lang='lat' dir='ltr'>injunxit</span> <span class='ocrx_word' id='word_1_482' title='bbox 1956 978 1993 998; x_wconf 79' lang='lat' dir='ltr'>ex</span> <span class='ocrx_word' id='word_1_483' title='bbox 2014 973 2104 1006; x_wconf 85' lang='lat' dir='ltr'>parte</span> <span class='ocrx_word' id='word_1_484' title='bbox 2122 970 2263 1004; x_wconf 79' lang='lat' dir='ltr'>comitis,</span> 
     </span>
     <span class='ocr_line' id='line_1_67' title="bbox 1296 1022 2266 1060; baseline -0.002 -6"><span class='ocrx_word' id='word_1_485' title='bbox 1296 1029 1331 1054; x_wconf 88' lang='lat' dir='ltr'>ut</span> <span class='ocrx_word' id='word_1_486' title='bbox 1348 1023 1528 1058; x_wconf 72' lang='lat' dir='ltr'>asserebat,</span> <span class='ocrx_word' id='word_1_487' title='bbox 1546 1023 1677 1052; x_wconf 84' lang='lat' dir='ltr'>cuidam</span> <span class='ocrx_word' id='word_1_488' title='bbox 1695 1022 1814 1052; x_wconf 87' lang='lat' dir='ltr'>clerico</span> <span class='ocrx_word' id='word_1_489' title='bbox 1830 1022 2031 1051; x_wconf 81' lang='lat' dir='ltr'>custodienti</span> <span class='ocrx_word' id='word_1_490' title='bbox 2047 1022 2159 1051; x_wconf 90' lang='lat' dir='ltr'>domos</span> <span class='ocrx_word' id='word_1_491' title='bbox 2179 1023 2266 1060; x_wconf 84' lang='lat' dir='ltr'>epis-</span> 
     </span>
     <span class='ocr_line' id='line_1_68' title="bbox 1298 1075 2267 1115; baseline -0.003 -8"><span class='ocrx_word' id='word_1_492' title='bbox 1298 1077 1427 1115; x_wconf 86' lang='lat' dir='ltr'>copales</span> <span class='ocrx_word' id='word_1_493' title='bbox 1444 1077 1525 1106; x_wconf 89' lang='lat' dir='ltr'>sitas</span> <span class='ocrx_word' id='word_1_494' title='bbox 1547 1076 1582 1105; x_wconf 90' lang='lat' dir='ltr'>in</span> <span class='ocrx_word' id='word_1_495' title='bbox 1606 1075 1739 1105; x_wconf 85' lang='lat' dir='ltr'>civitate</span> <span class='ocrx_word' id='word_1_496' title='bbox 1760 1075 1984 1110; x_wconf 71' lang='lat' dir='ltr'>Nannetensi,</span> <span class='ocrx_word' id='word_1_497' title='bbox 2004 1079 2039 1103; x_wconf 91' lang='lat' dir='ltr'>ut</span> <span class='ocrx_word' id='word_1_498' title='bbox 2055 1075 2267 1105; x_wconf 87' lang='lat' dir='ltr'>submoneret</span> 
     </span>
     <span class='ocr_line' id='line_1_69' title="bbox 1298 1127 2267 1159; baseline -0.002 0"><span class='ocrx_word' id='word_1_499' title='bbox 1298 1130 1450 1159; x_wconf 90' lang='lat' dir='ltr'>homines</span> <span class='ocrx_word' id='word_1_500' title='bbox 1476 1129 1615 1159; x_wconf 82' lang='lat' dir='ltr'>ecclesie</span> <span class='ocrx_word' id='word_1_501' title='bbox 1638 1128 1864 1158; x_wconf 87' lang='lat' dir='ltr'>Nannetensis</span> <span class='ocrx_word' id='word_1_502' title='bbox 1890 1131 1925 1157; x_wconf 90' lang='lat' dir='ltr'>ut</span> <span class='ocrx_word' id='word_1_503' title='bbox 1952 1127 2038 1156; x_wconf 84' lang='lat' dir='ltr'>irent</span> <span class='ocrx_word' id='word_1_504' title='bbox 2061 1127 2095 1156; x_wconf 86' lang='lat' dir='ltr'>in</span> <span class='ocrx_word' id='word_1_505' title='bbox 2122 1128 2267 1158; x_wconf 79' lang='lat' dir='ltr'>exercitu</span> 
     </span>
     <span class='ocr_line' id='line_1_70' title="bbox 1298 1180 2267 1220; baseline -0.004 -7"><span class='ocrx_word' id='word_1_506' title='bbox 1298 1183 1429 1213; x_wconf 85' lang='lat' dir='ltr'>comitis</span> <span class='ocrx_word' id='word_1_507' title='bbox 1453 1182 1538 1220; x_wconf 83' lang='lat' dir='ltr'>apud</span> <span class='ocrx_word' id='word_1_508' title='bbox 1562 1182 1687 1211; x_wconf 87' lang='lat' dir='ltr'>dictum</span> <span class='ocrx_word' id='word_1_509' title='bbox 1706 1185 1850 1210; x_wconf 87' lang='lat' dir='ltr'>castrum</span> <span class='ocrx_word' id='word_1_510' title='bbox 1876 1180 1984 1211; x_wconf 88' lang='lat' dir='ltr'>Clicii.</span> <span class='ocrx_word' id='word_1_511' title='bbox 2009 1180 2137 1210; x_wconf 77' lang='lat' dir='ltr'>Clerieo</span> <span class='ocrx_word' id='word_1_512' title='bbox 2159 1186 2267 1210; x_wconf 76' lang='lat' dir='ltr'>autem</span> 
     </span>
     <span class='ocr_line' id='line_1_71' title="bbox 1297 1233 2268 1274; baseline -0.002 -9"><span class='ocrx_word' id='word_1_513' title='bbox 1297 1235 1516 1274; x_wconf 87' lang='lat' dir='ltr'>respondente</span> <span class='ocrx_word' id='word_1_514' title='bbox 1532 1234 1618 1272; x_wconf 84' lang='lat' dir='ltr'>quod</span> <span class='ocrx_word' id='word_1_515' title='bbox 1634 1242 1699 1263; x_wconf 90' lang='lat' dir='ltr'>non</span> <span class='ocrx_word' id='word_1_516' title='bbox 1717 1233 1757 1263; x_wconf 85' lang='lat' dir='ltr'>ad</span> <span class='ocrx_word' id='word_1_517' title='bbox 1767 1233 1877 1271; x_wconf 89' lang='lat' dir='ltr'>ipsum</span> <span class='ocrx_word' id='word_1_518' title='bbox 1891 1233 1939 1262; x_wconf 85' lang='lat' dir='ltr'>vel</span> <span class='ocrx_word' id='word_1_519' title='bbox 1956 1233 2026 1272; x_wconf 84' lang='lat' dir='ltr'>ejus</span> <span class='ocrx_word' id='word_1_520' title='bbox 2042 1233 2197 1268; x_wconf 80' lang='lat' dir='ltr'>officium,</span> <span class='ocrx_word' id='word_1_521' title='bbox 2212 1234 2268 1263; x_wconf 85' lang='lat' dir='ltr'>sed</span> 
     </span>
     <span class='ocr_line' id='line_1_72' title="bbox 1297 1286 2268 1327; baseline -0.003 -8"><span class='ocrx_word' id='word_1_522' title='bbox 1297 1290 1407 1327; x_wconf 86' lang='lat' dir='ltr'>potius</span> <span class='ocrx_word' id='word_1_523' title='bbox 1434 1288 1473 1317; x_wconf 88' lang='lat' dir='ltr'>ad</span> <span class='ocrx_word' id='word_1_524' title='bbox 1496 1288 1685 1326; x_wconf 88' lang='lat' dir='ltr'>episcopum</span> <span class='ocrx_word' id='word_1_525' title='bbox 1708 1286 1760 1316; x_wconf 87' lang='lat' dir='ltr'>vel</span> <span class='ocrx_word' id='word_1_526' title='bbox 1783 1286 2009 1316; x_wconf 81' lang='lat' dir='ltr'>senescalcum</span> <span class='ocrx_word' id='word_1_527' title='bbox 2033 1296 2129 1316; x_wconf 89' lang='lat' dir='ltr'>suum</span> <span class='ocrx_word' id='word_1_528' title='bbox 2152 1287 2268 1325; x_wconf 82' lang='lat' dir='ltr'>hujus-</span> 
     </span>
     <span class='ocr_line' id='line_1_73' title="bbox 1298 1339 2266 1379; baseline -0.002 -8"><span class='ocrx_word' id='word_1_529' title='bbox 1298 1342 1386 1372; x_wconf 86' lang='lat' dir='ltr'>modi</span> <span class='ocrx_word' id='word_1_530' title='bbox 1409 1341 1521 1371; x_wconf 86' lang='lat' dir='ltr'>citatio</span> <span class='ocrx_word' id='word_1_531' title='bbox 1544 1340 1746 1379; x_wconf 75' lang='lat' dir='ltr'>pertinebat,</span> <span class='ocrx_word' id='word_1_532' title='bbox 1773 1340 1859 1369; x_wconf 89' lang='lat' dir='ltr'>idem</span> <span class='ocrx_word' id='word_1_533' title='bbox 1885 1340 2034 1369; x_wconf 83' lang='lat' dir='ltr'>serviens</span> <span class='ocrx_word' id='word_1_534' title='bbox 2059 1339 2211 1369; x_wconf 78' lang='lat' dir='ltr'>bannivit</span> <span class='ocrx_word' id='word_1_535' title='bbox 2232 1340 2266 1369; x_wconf 91' lang='lat' dir='ltr'>in</span> 
     </span>
     <span class='ocr_line' id='line_1_74' title="bbox 1298 1391 2267 1432; baseline -0.003 -8"><span class='ocrx_word' id='word_1_536' title='bbox 1298 1404 1454 1432; x_wconf 75' lang='lat' dir='ltr'>magnum</span> <span class='ocrx_word' id='word_1_537' title='bbox 1466 1393 1686 1432; x_wconf 79' lang='lat' dir='ltr'>prejudicium</span> <span class='ocrx_word' id='word_1_538' title='bbox 1703 1397 1733 1422; x_wconf 85' lang='lat' dir='ltr'>et</span> <span class='ocrx_word' id='word_1_539' title='bbox 1750 1392 1907 1431; x_wconf 85' lang='lat' dir='ltr'>injuriam</span> <span class='ocrx_word' id='word_1_540' title='bbox 1924 1391 2061 1422; x_wconf 82' lang='lat' dir='ltr'>ecclesie</span> <span class='ocrx_word' id='word_1_541' title='bbox 2076 1396 2104 1421; x_wconf 86' lang='lat' dir='ltr'>et</span> <span class='ocrx_word' id='word_1_542' title='bbox 2123 1392 2267 1430; x_wconf 78' lang='lat' dir='ltr'>episcopi</span> 
     </span>
     <span class='ocr_line' id='line_1_75' title="bbox 1298 1445 2268 1478; baseline -0.004 -1"><span class='ocrx_word' id='word_1_543' title='bbox 1298 1447 1566 1478; x_wconf 88' lang='lat' dir='ltr'>Nannetensium</span> <span class='ocrx_word' id='word_1_544' title='bbox 1585 1446 1619 1475; x_wconf 90' lang='lat' dir='ltr'>in</span> <span class='ocrx_word' id='word_1_545' title='bbox 1636 1451 1724 1476; x_wconf 85' lang='lat' dir='ltr'>terra</span> <span class='ocrx_word' id='word_1_546' title='bbox 1741 1445 1878 1475; x_wconf 83' lang='lat' dir='ltr'>ecclesie</span> <span class='ocrx_word' id='word_1_547' title='bbox 1893 1445 1958 1474; x_wconf 86' lang='lat' dir='ltr'>sita</span> <span class='ocrx_word' id='word_1_548' title='bbox 1973 1445 2007 1473; x_wconf 92' lang='lat' dir='ltr'>in</span> <span class='ocrx_word' id='word_1_549' title='bbox 2027 1445 2159 1474; x_wconf 82' lang='lat' dir='ltr'>civitate</span> <span class='ocrx_word' id='word_1_550' title='bbox 2176 1445 2268 1474; x_wconf 90' lang='lat' dir='ltr'>Nan-</span> 
     </span>
     <span class='ocr_line' id='line_1_76' title="bbox 1299 1497 2267 1538; baseline -0.005 -8"><span class='ocrx_word' id='word_1_551' title='bbox 1299 1500 1430 1530; x_wconf 88' lang='lat' dir='ltr'>netensi</span> <span class='ocrx_word' id='word_1_552' title='bbox 1454 1499 1539 1538; x_wconf 89' lang='lat' dir='ltr'>quod</span> <span class='ocrx_word' id='word_1_553' title='bbox 1562 1507 1676 1528; x_wconf 91' lang='lat' dir='ltr'>omnes</span> <span class='ocrx_word' id='word_1_554' title='bbox 1699 1498 1786 1528; x_wconf 86' lang='lat' dir='ltr'>irent</span> <span class='ocrx_word' id='word_1_555' title='bbox 1808 1498 1843 1527; x_wconf 90' lang='lat' dir='ltr'>in</span> <span class='ocrx_word' id='word_1_556' title='bbox 1867 1497 2047 1527; x_wconf 71' lang='lat' dir='ltr'>exercitum</span> <span class='ocrx_word' id='word_1_557' title='bbox 2070 1497 2200 1526; x_wconf 85' lang='lat' dir='ltr'>comitis</span> <span class='ocrx_word' id='word_1_558' title='bbox 2229 1497 2267 1526; x_wconf 88' lang='lat' dir='ltr'>ad</span> 
     </span>
     <span class='ocr_line' id='line_1_77' title="bbox 1299 1550 2268 1589; baseline -0.003 -7"><span class='ocrx_word' id='word_1_559' title='bbox 1299 1557 1444 1583; x_wconf 84' lang='lat' dir='ltr'>castrum</span> <span class='ocrx_word' id='word_1_560' title='bbox 1460 1551 1557 1582; x_wconf 85' lang='lat' dir='ltr'>Clicii</span> <span class='ocrx_word' id='word_1_561' title='bbox 1574 1561 1579 1580; x_wconf 90' lang='lat'>:</span> <span class='ocrx_word' id='word_1_562' title='bbox 1595 1551 1744 1589; x_wconf 91' lang='lat' dir='ltr'>alioquin</span> <span class='ocrx_word' id='word_1_563' title='bbox 1761 1550 1961 1589; x_wconf 82' lang='lat' dir='ltr'>quicumque</span> <span class='ocrx_word' id='word_1_564' title='bbox 1978 1554 2175 1584; x_wconf 68' lang='lat' dir='ltr'>remaneret,</span> <span class='ocrx_word' id='word_1_565' title='bbox 2194 1559 2268 1579; x_wconf 85' lang='lat' dir='ltr'>sus-</span> 
     </span>
     <span class='ocr_line' id='line_1_78' title="bbox 1297 1602 2268 1644; baseline -0.004 -9"><span class='ocrx_word' id='word_1_566' title='bbox 1297 1606 1506 1644; x_wconf 83' lang='lat' dir='ltr'>penderetur,</span> <span class='ocrx_word' id='word_1_567' title='bbox 1532 1604 1608 1634; x_wconf 86' lang='lat' dir='ltr'>licet</span> <span class='ocrx_word' id='word_1_568' title='bbox 1631 1604 1717 1633; x_wconf 87' lang='lat' dir='ltr'>dicto</span> <span class='ocrx_word' id='word_1_569' title='bbox 1740 1603 1852 1632; x_wconf 89' lang='lat' dir='ltr'>comiti</span> <span class='ocrx_word' id='word_1_570' title='bbox 1876 1602 1927 1632; x_wconf 87' lang='lat' dir='ltr'>vel</span> <span class='ocrx_word' id='word_1_571' title='bbox 1950 1602 2173 1632; x_wconf 83' lang='lat' dir='ltr'>servientibus</span> <span class='ocrx_word' id='word_1_572' title='bbox 2198 1603 2268 1631; x_wconf 89' lang='lat' dir='ltr'>suis</span> 
     </span>
     <span class='ocr_line' id='line_1_79' title="bbox 1299 1655 2269 1695; baseline -0.004 -8"><span class='ocrx_word' id='word_1_573' title='bbox 1299 1658 1433 1688; x_wconf 90' lang='lat' dir='ltr'>nomine</span> <span class='ocrx_word' id='word_1_574' title='bbox 1456 1657 1562 1695; x_wconf 89' lang='lat' dir='ltr'>ipsius</span> <span class='ocrx_word' id='word_1_575' title='bbox 1584 1666 1649 1686; x_wconf 88' lang='grc'><strong>0011</strong></span> <span class='ocrx_word' id='word_1_576' title='bbox 1672 1656 1714 1686; x_wconf 87' lang='grc'>511</span> <span class='ocrx_word' id='word_1_577' title='bbox 1732 1656 1786 1694; x_wconf 87' lang='grc'><strong>]’115</strong></span> <span class='ocrx_word' id='word_1_578' title='bbox 1809 1655 1953 1685; x_wconf 84' lang='lat' dir='ltr'>faciendi</span> <span class='ocrx_word' id='word_1_579' title='bbox 1973 1655 2107 1693; x_wconf 82' lang='lat' dir='ltr'>aliquod</span> <span class='ocrx_word' id='word_1_580' title='bbox 2122 1655 2269 1684; x_wconf 89' lang='lat' dir='ltr'>bannum</span> 
     </span>
     <span class='ocr_line' id='line_1_80' title="bbox 1299 1708 2269 1741; baseline -0.005 0"><span class='ocrx_word' id='word_1_581' title='bbox 1299 1711 1350 1741; x_wconf 85' lang='lat' dir='ltr'>vel</span> <span class='ocrx_word' id='word_1_582' title='bbox 1372 1714 1533 1740; x_wconf 85' lang='lat' dir='ltr'>statutum</span> <span class='ocrx_word' id='word_1_583' title='bbox 1555 1710 1590 1738; x_wconf 88' lang='lat' dir='ltr'>in</span> <span class='ocrx_word' id='word_1_584' title='bbox 1616 1709 1750 1738; x_wconf 85' lang='lat' dir='ltr'>civitate</span> <span class='ocrx_word' id='word_1_585' title='bbox 1773 1708 1981 1738; x_wconf 87' lang='lat' dir='ltr'>Nannetensi</span> <span class='ocrx_word' id='word_1_586' title='bbox 2007 1708 2078 1737; x_wconf 90' lang='grc'><strong>51110</strong></span> <span class='ocrx_word' id='word_1_587' title='bbox 2105 1716 2269 1736; x_wconf 82' lang='lat' dir='ltr'>consensu</span> 
     </span>
     <span class='ocr_line' id='line_1_81' title="bbox 1299 1760 2269 1802; baseline -0.005 -9"><span class='ocrx_word' id='word_1_588' title='bbox 1299 1763 1446 1802; x_wconf 85' lang='lat' dir='ltr'>episcopi</span> <span class='ocrx_word' id='word_1_589' title='bbox 1471 1762 1714 1797; x_wconf 79' lang='lat' dir='ltr'>Nannetensis;</span> <span class='ocrx_word' id='word_1_590' title='bbox 1742 1761 1820 1790; x_wconf 88' lang='lat' dir='ltr'>dicti</span> <span class='ocrx_word' id='word_1_591' title='bbox 1849 1765 1957 1790; x_wconf 87' lang='lat' dir='ltr'>autem</span> <span class='ocrx_word' id='word_1_592' title='bbox 1985 1760 2136 1790; x_wconf 85' lang='lat' dir='ltr'>homines</span> <span class='ocrx_word' id='word_1_593' title='bbox 2163 1760 2269 1789; x_wconf 82' lang='lat' dir='ltr'>territi</span> 
     </span>
     <span class='ocr_line' id='line_1_82' title="bbox 1299 1813 2271 1847; baseline -0.004 -1"><span class='ocrx_word' id='word_1_594' title='bbox 1299 1817 1431 1847; x_wconf 87' lang='lat' dir='ltr'>iverunt</span> <span class='ocrx_word' id='word_1_595' title='bbox 1452 1816 1486 1845; x_wconf 91' lang='grc'>111</span> <span class='ocrx_word' id='word_1_596' title='bbox 1508 1816 1688 1845; x_wconf 80' lang='lat' dir='ltr'>exercitum</span> <span class='ocrx_word' id='word_1_597' title='bbox 1708 1815 1748 1844; x_wconf 84' lang='lat' dir='ltr'>ad</span> <span class='ocrx_word' id='word_1_598' title='bbox 1764 1815 1888 1844; x_wconf 91' lang='lat' dir='ltr'>dictum</span> <span class='ocrx_word' id='word_1_599' title='bbox 1907 1818 2051 1843; x_wconf 82' lang='lat' dir='ltr'>castrum</span> <span class='ocrx_word' id='word_1_600' title='bbox 2070 1813 2186 1847; x_wconf 86' lang='grc'><strong>(311(-11,</strong></span> <span class='ocrx_word' id='word_1_601' title='bbox 2208 1813 2271 1842; x_wconf 88' lang='grc'><strong>11111</strong></span> 
     </span>
     <span class='ocr_line' id='line_1_83' title="bbox 1299 1866 2271 1900; baseline -0.005 -1"><span class='ocrx_word' id='word_1_602' title='bbox 1299 1875 1410 1900; x_wconf 85' lang='lat' dir='ltr'>autem</span> <span class='ocrx_word' id='word_1_603' title='bbox 1424 1870 1547 1899; x_wconf 83' lang='lat' dir='ltr'>ibidem</span> <span class='ocrx_word' id='word_1_604' title='bbox 1560 1869 1723 1898; x_wconf 81' lang='lat' dir='ltr'>exercitus</span> <span class='ocrx_word' id='word_1_605' title='bbox 1735 1868 1769 1896; x_wconf 91' lang='lat' dir='ltr'>in</span> <span class='ocrx_word' id='word_1_606' title='bbox 1786 1867 1958 1897; x_wconf 87' lang='lat' dir='ltr'>obsidione</span> <span class='ocrx_word' id='word_1_607' title='bbox 1973 1867 2051 1896; x_wconf 88' lang='grc'><strong>(11011</strong></span> <span class='ocrx_word' id='word_1_608' title='bbox 2066 1866 2165 1895; x_wconf 87' lang='lat' dir='ltr'>castri</span> <span class='ocrx_word' id='word_1_609' title='bbox 2184 1866 2271 1895; x_wconf 84' lang='lat' dir='ltr'>dicta</span> 
     </span>
     <span class='ocr_line' id='line_1_84' title="bbox 1298 1918 2270 1955; baseline -0.006 -3"><span class='ocrx_word' id='word_1_610' title='bbox 1298 1923 1350 1953; x_wconf 86' lang='lat' dir='ltr'>die</span> <span class='ocrx_word' id='word_1_611' title='bbox 1368 1922 1545 1953; x_wconf 75' lang='lat' dir='ltr'>dominica.</span> <span class='ocrx_word' id='word_1_612' title='bbox 1565 1925 1596 1951; x_wconf 88' lang='lat' dir='ltr'>et</span> <span class='ocrx_word' id='word_1_613' title='bbox 1612 1921 1664 1950; x_wconf 83' lang='lat' dir='ltr'>die</span> <span class='ocrx_word' id='word_1_614' title='bbox 1681 1921 1784 1955; x_wconf 73' lang='lat' dir='ltr'>Lune7</span> <span class='ocrx_word' id='word_1_615' title='bbox 1800 1924 1830 1949; x_wconf 88' lang='lat' dir='ltr'>et</span> <span class='ocrx_word' id='word_1_616' title='bbox 1846 1919 1898 1949; x_wconf 83' lang='lat' dir='ltr'>die</span> <span class='ocrx_word' id='word_1_617' title='bbox 1916 1919 2032 1948; x_wconf 85' lang='lat' dir='ltr'>Martis</span> <span class='ocrx_word' id='word_1_618' title='bbox 2051 1919 2139 1947; x_wconf 82' lang='lat' dir='ltr'>infra</span> <span class='ocrx_word' id='word_1_619' title='bbox 2155 1918 2270 1947; x_wconf 86' lang='lat' dir='ltr'>horam</span> 
     </span>
     <span class='ocr_line' id='line_1_85' title="bbox 1298 1970 2268 2014; baseline -0.006 -10"><span class='ocrx_word' id='word_1_620' title='bbox 1298 1976 1440 2014; x_wconf 85' lang='lat' dir='ltr'>primam</span> <span class='ocrx_word' id='word_1_621' title='bbox 1472 1978 1728 2012; x_wconf 85' lang='lat' dir='ltr'>composuerunt</span> <span class='ocrx_word' id='word_1_622' title='bbox 1762 1982 1870 2002; x_wconf 87' lang='lat' dir='ltr'>comes</span> <span class='ocrx_word' id='word_1_623' title='bbox 1906 1976 1935 2001; x_wconf 87' lang='lat' dir='ltr'>et</span> <span class='ocrx_word' id='word_1_624' title='bbox 1969 1971 2122 2000; x_wconf 86' lang='lat' dir='ltr'>dominus</span> <span class='ocrx_word' id='word_1_625' title='bbox 2152 1970 2247 2001; x_wconf 87' lang='lat' dir='ltr'>Clicii</span> <span class='ocrx_word' id='word_1_626' title='bbox 2263 1981 2268 2005; x_wconf 85' lang='grc'>;</span> 
     </span>
     <span class='ocr_line' id='line_1_86' title="bbox 1298 2025 2270 2065; baseline -0.006 -7"><span class='ocrx_word' id='word_1_627' title='bbox 1298 2030 1381 2058; x_wconf 84' lang='lat' dir='ltr'>sacta</span> <span class='ocrx_word' id='word_1_628' title='bbox 1414 2032 1524 2058; x_wconf 85' lang='lat' dir='ltr'>autem</span> <span class='ocrx_word' id='word_1_629' title='bbox 1547 2026 1737 2065; x_wconf 89' lang='lat' dir='ltr'>hujusmodi</span> <span class='ocrx_word' id='word_1_630' title='bbox 1766 2025 2014 2063; x_wconf 79' lang='lat' dir='ltr'>compositione,</span> <span class='ocrx_word' id='word_1_631' title='bbox 2042 2033 2195 2053; x_wconf 84' lang='lat' dir='ltr'>reversus</span> <span class='ocrx_word' id='word_1_632' title='bbox 2221 2028 2270 2053; x_wconf 84' lang='lat' dir='ltr'>est</span> 
     </span>
     <span class='ocr_line' id='line_1_87' title="bbox 1299 2076 2268 2115; baseline -0.004 -4"><span class='ocrx_word' id='word_1_633' title='bbox 1299 2091 1419 2115; x_wconf 79' lang='lat' dir='ltr'>comes,</span> <span class='ocrx_word' id='word_1_634' title='bbox 1438 2080 1563 2110; x_wconf 84' lang='lat' dir='ltr'>relictis</span> <span class='ocrx_word' id='word_1_635' title='bbox 1578 2079 1770 2109; x_wconf 83' lang='lat' dir='ltr'>custodibus</span> <span class='ocrx_word' id='word_1_636' title='bbox 1788 2078 1857 2108; x_wconf 90' lang='lat' dir='ltr'>suis</span> <span class='ocrx_word' id='word_1_637' title='bbox 1875 2078 1907 2106; x_wconf 91' lang='lat' dir='ltr'>in</span> <span class='ocrx_word' id='word_1_638' title='bbox 1928 2077 2013 2106; x_wconf 81' lang='grc'><strong>(11(-10</strong></span> <span class='ocrx_word' id='word_1_639' title='bbox 2036 2081 2142 2106; x_wconf 84' lang='lat' dir='ltr'>castro</span> <span class='ocrx_word' id='word_1_640' title='bbox 2159 2076 2268 2107; x_wconf 68' lang='lat' dir='ltr'>elicii,</span> 
     </span>
     <span class='ocr_line' id='line_1_88' title="bbox 1299 2129 2271 2168; baseline -0.006 -5"><span class='ocrx_word' id='word_1_641' title='bbox 1299 2139 1327 2164; x_wconf 87' lang='lat' dir='ltr'>et</span> <span class='ocrx_word' id='word_1_642' title='bbox 1347 2134 1459 2163; x_wconf 84' lang='lat' dir='ltr'>statim</span> <span class='ocrx_word' id='word_1_643' title='bbox 1476 2133 1568 2162; x_wconf 90' lang='lat' dir='ltr'>misit</span> <span class='ocrx_word' id='word_1_644' title='bbox 1586 2131 1746 2161; x_wconf 84' lang='lat' dir='ltr'>satellites</span> <span class='ocrx_word' id='word_1_645' title='bbox 1764 2139 1840 2160; x_wconf 86' lang='lat' dir='ltr'>suos</span> <span class='ocrx_word' id='word_1_646' title='bbox 1862 2130 1895 2159; x_wconf 92' lang='lat' dir='ltr'>in</span> <span class='ocrx_word' id='word_1_647' title='bbox 1912 2129 2132 2168; x_wconf 85' lang='lat' dir='ltr'>prejudicium</span> <span class='ocrx_word' id='word_1_648' title='bbox 2150 2134 2179 2158; x_wconf 88' lang='lat' dir='ltr'>et</span> <span class='ocrx_word' id='word_1_649' title='bbox 2197 2138 2271 2166; x_wconf 78' lang='lat' dir='ltr'>gra-</span> 
     </span>
     <span class='ocr_line' id='line_1_89' title="bbox 1300 2182 2270 2224; baseline -0.006 -8"><span class='ocrx_word' id='word_1_650' title='bbox 1300 2195 1417 2216; x_wconf 84' lang='lat' dir='ltr'>vamen</span> <span class='ocrx_word' id='word_1_651' title='bbox 1439 2190 1469 2215; x_wconf 90' lang='lat' dir='ltr'>et</span> <span class='ocrx_word' id='word_1_652' title='bbox 1487 2185 1645 2224; x_wconf 85' lang='lat' dir='ltr'>injuriam</span> <span class='ocrx_word' id='word_1_653' title='bbox 1663 2183 1808 2222; x_wconf 86' lang='lat' dir='ltr'>episcopi</span> <span class='ocrx_word' id='word_1_654' title='bbox 1826 2182 2053 2212; x_wconf 88' lang='lat' dir='ltr'>Nannetensis</span> <span class='ocrx_word' id='word_1_655' title='bbox 2075 2191 2133 2219; x_wconf 87' lang='lat' dir='ltr'>per</span> <span class='ocrx_word' id='word_1_656' title='bbox 2150 2186 2270 2211; x_wconf 83' lang='lat' dir='ltr'>terram</span> 
     </span>
     <span class='ocr_line' id='line_1_90' title="bbox 1301 2235 2270 2272; baseline -0.006 -3"><span class='ocrx_word' id='word_1_657' title='bbox 1301 2238 1439 2269; x_wconf 79' lang='lat' dir='ltr'>ecclesie</span> <span class='ocrx_word' id='word_1_658' title='bbox 1457 2237 1682 2268; x_wconf 80' lang='lat' dir='ltr'>Nannetensis</span> <span class='ocrx_word' id='word_1_659' title='bbox 1700 2236 1798 2265; x_wconf 84' lang='lat' dir='ltr'>sitam</span> <span class='ocrx_word' id='word_1_660' title='bbox 1815 2239 1905 2265; x_wconf 86' lang='lat' dir='ltr'>extra</span> <span class='ocrx_word' id='word_1_661' title='bbox 1919 2235 2098 2264; x_wconf 82' lang='lat' dir='ltr'>civitatem.</span> <span class='ocrx_word' id='word_1_662' title='bbox 2116 2244 2172 2272; x_wconf 88' lang='lat' dir='ltr'>per</span> <span class='ocrx_word' id='word_1_663' title='bbox 2188 2243 2270 2272; x_wconf 87' lang='lat' dir='ltr'>quos</span> 
     </span>
     <span class='ocr_line' id='line_1_91' title="bbox 1299 2287 2270 2329; baseline -0.006 -8"><span class='ocrx_word' id='word_1_664' title='bbox 1299 2292 1435 2322; x_wconf 80' lang='lat' dir='ltr'>extorsit</span> <span class='ocrx_word' id='word_1_665' title='bbox 1450 2291 1499 2321; x_wconf 90' lang='lat' dir='ltr'>vel</span> <span class='ocrx_word' id='word_1_666' title='bbox 1517 2290 1704 2329; x_wconf 76' lang='lat' dir='ltr'>extorqueri</span> <span class='ocrx_word' id='word_1_667' title='bbox 1720 2290 1798 2319; x_wconf 78' lang='lat' dir='ltr'>fecit</span> <span class='ocrx_word' id='word_1_668' title='bbox 1814 2288 1905 2318; x_wconf 91' lang='lat' dir='ltr'>mille</span> <span class='ocrx_word' id='word_1_669' title='bbox 1919 2288 2021 2317; x_wconf 85' lang='lat' dir='ltr'>libras</span> <span class='ocrx_word' id='word_1_670' title='bbox 2038 2287 2270 2317; x_wconf 77' lang='lat' dir='ltr'>turonensium</span> 
     </span>
     <span class='ocr_line' id='line_1_92' title="bbox 1300 2341 2268 2382; baseline -0.007 -7"><span class='ocrx_word' id='word_1_671' title='bbox 1300 2350 1329 2375; x_wconf 86' lang='lat' dir='ltr'>et</span> <span class='ocrx_word' id='word_1_672' title='bbox 1354 2345 1449 2380; x_wconf 86' lang='lat' dir='ltr'>ultra,</span> <span class='ocrx_word' id='word_1_673' title='bbox 1470 2343 1678 2382; x_wconf 84' lang='lat' dir='ltr'>depredando</span> <span class='ocrx_word' id='word_1_674' title='bbox 1697 2346 1817 2372; x_wconf 85' lang='lat' dir='ltr'>terram</span> <span class='ocrx_word' id='word_1_675' title='bbox 1837 2341 1987 2376; x_wconf 82' lang='lat' dir='ltr'>ecclesie,</span> <span class='ocrx_word' id='word_1_676' title='bbox 2005 2341 2115 2375; x_wconf 65' lang='lat' dir='ltr'>boves,</span> <span class='ocrx_word' id='word_1_677' title='bbox 2136 2343 2166 2369; x_wconf 87' lang='lat' dir='ltr'>et</span> <span class='ocrx_word' id='word_1_678' title='bbox 2180 2348 2268 2374; x_wconf 87' lang='lat' dir='ltr'>oves,</span> 
     </span>
     <span class='ocr_line' id='line_1_93' title="bbox 1299 2394 2271 2435; baseline -0.007 -8"><span class='ocrx_word' id='word_1_679' title='bbox 1299 2403 1329 2428; x_wconf 85' lang='lat' dir='ltr'>et</span> <span class='ocrx_word' id='word_1_680' title='bbox 1344 2406 1470 2431; x_wconf 83' lang='lat' dir='ltr'>vaccas,</span> <span class='ocrx_word' id='word_1_681' title='bbox 1486 2397 1523 2426; x_wconf 88' lang='lat' dir='ltr'>de</span> <span class='ocrx_word' id='word_1_682' title='bbox 1539 2396 1660 2435; x_wconf 63' lang='lat' dir='ltr'>quilius</span> <span class='ocrx_word' id='word_1_683' title='bbox 1672 2404 1833 2433; x_wconf 87' lang='lat' dir='ltr'>pauperes</span> <span class='ocrx_word' id='word_1_684' title='bbox 1847 2394 2005 2424; x_wconf 82' lang='lat' dir='ltr'>mulieres</span> <span class='ocrx_word' id='word_1_685' title='bbox 2020 2397 2050 2423; x_wconf 84' lang='lat' dir='ltr'>et</span> <span class='ocrx_word' id='word_1_686' title='bbox 2067 2402 2178 2422; x_wconf 89' lang='lat' dir='ltr'>earum</span> <span class='ocrx_word' id='word_1_687' title='bbox 2196 2401 2271 2430; x_wconf 86' lang='lat' dir='ltr'>par-</span> 
     </span>
     <span class='ocr_line' id='line_1_94' title="bbox 1299 2446 2271 2483; baseline -0.007 -3"><span class='ocrx_word' id='word_1_688' title='bbox 1299 2451 1366 2481; x_wconf 85' lang='lat' dir='ltr'>vuli</span> <span class='ocrx_word' id='word_1_689' title='bbox 1384 2449 1565 2480; x_wconf 85' lang='lat' dir='ltr'>sustentari</span> <span class='ocrx_word' id='word_1_690' title='bbox 1583 2452 1839 2483; x_wconf 81' lang='lat' dir='ltr'>consueverant,</span> <span class='ocrx_word' id='word_1_691' title='bbox 1858 2446 2072 2476; x_wconf 85' lang='lat' dir='ltr'>distrahendo</span> <span class='ocrx_word' id='word_1_692' title='bbox 2087 2456 2092 2478; x_wconf 84' lang='lat'>;</span> <span class='ocrx_word' id='word_1_693' title='bbox 2110 2453 2271 2483; x_wconf 85' lang='lat' dir='ltr'>pauperes</span> 
     </span>
     <span class='ocr_line' id='line_1_95' title="bbox 1299 2499 2271 2541; baseline -0.007 -8"><span class='ocrx_word' id='word_1_694' title='bbox 1299 2504 1398 2533; x_wconf 87' lang='lat' dir='ltr'>etiam</span> <span class='ocrx_word' id='word_1_695' title='bbox 1421 2503 1619 2541; x_wconf 79' lang='lat' dir='ltr'>impotentes</span> <span class='ocrx_word' id='word_1_696' title='bbox 1645 2501 1772 2531; x_wconf 81' lang='lat' dir='ltr'>solvere</span> <span class='ocrx_word' id='word_1_697' title='bbox 1795 2501 1922 2530; x_wconf 82' lang='lat' dir='ltr'>talliam</span> <span class='ocrx_word' id='word_1_698' title='bbox 1947 2509 1965 2529; x_wconf 86' lang='lat' dir='ltr'>a</span> <span class='ocrx_word' id='word_1_699' title='bbox 1993 2499 2194 2528; x_wconf 81' lang='lat' dir='ltr'>satellitibus</span> <span class='ocrx_word' id='word_1_700' title='bbox 2218 2506 2271 2527; x_wconf 89' lang='lat' dir='ltr'>co-</span> 
     </span>
     <span class='ocr_line' id='line_1_96' title="bbox 1300 2550 2271 2592; baseline -0.007 -7"><span class='ocrx_word' id='word_1_701' title='bbox 1300 2556 1390 2585; x_wconf 87' lang='lat' dir='ltr'>mitis</span> <span class='ocrx_word' id='word_1_702' title='bbox 1408 2555 1473 2585; x_wconf 86' lang='lat' dir='ltr'>sibi</span> <span class='ocrx_word' id='word_1_703' title='bbox 1494 2555 1683 2592; x_wconf 86' lang='lat' dir='ltr'>impositam</span> <span class='ocrx_word' id='word_1_704' title='bbox 1706 2553 1829 2583; x_wconf 83' lang='lat' dir='ltr'>carceri</span> <span class='ocrx_word' id='word_1_705' title='bbox 1851 2551 2080 2590; x_wconf 84' lang='lat' dir='ltr'>mancipando.</span> <span class='ocrx_word' id='word_1_706' title='bbox 2105 2550 2271 2587; x_wconf 81' lang='lat' dir='ltr'>Quosdam</span> 
     </span>
     <span class='ocr_line' id='line_1_97' title="bbox 1300 2602 2271 2645; baseline -0.008 -7"><span class='ocrx_word' id='word_1_707' title='bbox 1300 2609 1399 2639; x_wconf 84' lang='lat' dir='ltr'>etiam</span> <span class='ocrx_word' id='word_1_708' title='bbox 1416 2608 1568 2637; x_wconf 82' lang='lat' dir='ltr'>homines</span> <span class='ocrx_word' id='word_1_709' title='bbox 1588 2607 1733 2645; x_wconf 86' lang='lat' dir='ltr'>episcopi</span> <span class='ocrx_word' id='word_1_710' title='bbox 1750 2610 1781 2635; x_wconf 86' lang='grc'>01</span> <span class='ocrx_word' id='word_1_711' title='bbox 1800 2605 2017 2635; x_wconf 77' lang='lat' dir='ltr'>vassallorum</span> <span class='ocrx_word' id='word_1_712' title='bbox 2037 2603 2195 2643; x_wconf 83' lang='lat' dir='ltr'>ejusdem,</span> <span class='ocrx_word' id='word_1_713' title='bbox 2214 2602 2271 2640; x_wconf 87' lang='lat' dir='ltr'>qui</span> 
     </span>
     <span class='ocr_line' id='line_1_98' title="bbox 1301 2655 2271 2699; baseline -0.007 -9"><span class='ocrx_word' id='word_1_714' title='bbox 1301 2670 1472 2699; x_wconf 85' lang='lat' dir='ltr'>nunquam</span> <span class='ocrx_word' id='word_1_715' title='bbox 1502 2660 1634 2689; x_wconf 89' lang='lat' dir='ltr'>iverunt</span> <span class='ocrx_word' id='word_1_716' title='bbox 1663 2660 1697 2688; x_wconf 88' lang='grc'>111</span> <span class='ocrx_word' id='word_1_717' title='bbox 1728 2659 1908 2688; x_wconf 83' lang='lat' dir='ltr'>exercitum</span> <span class='ocrx_word' id='word_1_718' title='bbox 1948 2656 2095 2691; x_wconf 82' lang='lat' dir='ltr'>comitis,</span> <span class='ocrx_word' id='word_1_719' title='bbox 2134 2665 2193 2685; x_wconf 86' lang='lat' dir='ltr'>nec</span> <span class='ocrx_word' id='word_1_720' title='bbox 2222 2655 2271 2684; x_wconf 90' lang='lat' dir='ltr'>ire</span> 
     </span>
     <span class='ocr_line' id='line_1_99' title="bbox 1302 2707 2272 2749; baseline -0.008 -5"><span class='ocrx_word' id='word_1_721' title='bbox 1302 2719 1467 2749; x_wconf 81' lang='lat' dir='ltr'>tenentur,</span> <span class='ocrx_word' id='word_1_722' title='bbox 1486 2713 1627 2743; x_wconf 86' lang='lat' dir='ltr'>talliavit</span> <span class='ocrx_word' id='word_1_723' title='bbox 1643 2712 1693 2741; x_wconf 82' lang='grc' dir='ltr'>1·οΙ</span> <span class='ocrx_word' id='word_1_724' title='bbox 1711 2711 1833 2741; x_wconf 85' lang='lat' dir='ltr'>talliari</span> <span class='ocrx_word' id='word_1_725' title='bbox 1850 2711 1939 2745; x_wconf 72' lang='lat' dir='ltr'>lecit,</span> <span class='ocrx_word' id='word_1_726' title='bbox 1961 2710 2035 2739; x_wconf 87' lang='grc'><strong>11001</strong></span> <span class='ocrx_word' id='word_1_727' title='bbox 2054 2718 2118 2738; x_wconf 89' lang='grc'><strong>11011</strong></span> <span class='ocrx_word' id='word_1_728' title='bbox 2136 2707 2272 2737; x_wconf 78' lang='lat' dir='ltr'>liaberet</span> 
     </span>
     <span class='ocr_line' id='line_1_100' title="bbox 1297 2760 2269 2807; baseline -0.007 -10"><span class='ocrx_word' id='word_1_729' title='bbox 1297 2769 1351 2807; x_wconf 87' lang='lat' dir='ltr'>jus</span> <span class='ocrx_word' id='word_1_730' title='bbox 1367 2767 1427 2797; x_wconf 86' lang='lat' dir='ltr'>hoc</span> <span class='ocrx_word' id='word_1_731' title='bbox 1441 2766 1597 2796; x_wconf 82' lang='lat' dir='ltr'>faciendi.</span> <span class='ocrx_word' id='word_1_732' title='bbox 1610 2765 1706 2795; x_wconf 80' lang='lat' dir='ltr'>Unde</span> <span class='ocrx_word' id='word_1_733' title='bbox 1721 2764 1840 2794; x_wconf 84' lang='lat' dir='ltr'>accidit</span> <span class='ocrx_word' id='word_1_734' title='bbox 1854 2764 1939 2802; x_wconf 88' lang='lat' dir='ltr'>quod</span> <span class='ocrx_word' id='word_1_735' title='bbox 1954 2762 2105 2792; x_wconf 88' lang='lat' dir='ltr'>homines</span> <span class='ocrx_word' id='word_1_736' title='bbox 2120 2760 2269 2790; x_wconf 74' lang='lat' dir='ltr'>ecclesie,</span> 
     </span>
     <span class='ocr_line' id='line_1_101' title="bbox 1302 2815 2271 2858; baseline -0.01 -6"><span class='ocrx_word' id='word_1_737' title='bbox 1302 2828 1423 2853; x_wconf 86' lang='lat' dir='ltr'>terram</span> <span class='ocrx_word' id='word_1_738' title='bbox 1442 2821 1580 2851; x_wconf 82' lang='lat' dir='ltr'>ecclesie</span> <span class='ocrx_word' id='word_1_739' title='bbox 1597 2820 1836 2858; x_wconf 81' lang='lat' dir='ltr'>relinquentes,</span> <span class='ocrx_word' id='word_1_740' title='bbox 1852 2818 1891 2848; x_wconf 87' lang='lat' dir='ltr'>ad</span> <span class='ocrx_word' id='word_1_741' title='bbox 1906 2817 2015 2847; x_wconf 83' lang='lat' dir='ltr'>aliena</span> <span class='ocrx_word' id='word_1_742' title='bbox 2031 2815 2177 2846; x_wconf 90' lang='lat' dir='ltr'>dominia</span> <span class='ocrx_word' id='word_1_743' title='bbox 2194 2822 2271 2843; x_wconf 83' lang='grc'><strong>000-</strong></span> 
     </span>
     <span class='ocr_line' id='line_1_102' title="bbox 1303 2866 2272 2913; baseline -0.009 -8"><span class='ocrx_word' id='word_1_744' title='bbox 1303 2876 1479 2913; x_wconf 77' lang='lat' dir='ltr'>fugerunt,</span> <span class='ocrx_word' id='word_1_745' title='bbox 1499 2878 1529 2903; x_wconf 90' lang='lat' dir='ltr'>et</span> <span class='ocrx_word' id='word_1_746' title='bbox 1546 2877 1633 2903; x_wconf 86' lang='lat' dir='ltr'>terra</span> <span class='ocrx_word' id='word_1_747' title='bbox 1652 2881 1669 2901; x_wconf 89' lang='lat' dir='ltr'>a</span> <span class='ocrx_word' id='word_1_748' title='bbox 1685 2871 1838 2910; x_wconf 87' lang='lat' dir='ltr'>pristinis</span> <span class='ocrx_word' id='word_1_749' title='bbox 1856 2869 2099 2900; x_wconf 83' lang='lat' dir='ltr'>habitatoribus</span> <span class='ocrx_word' id='word_1_750' title='bbox 2116 2866 2272 2897; x_wconf 85' lang='lat' dir='ltr'>derelicta</span> 
     </span>
    </p>
   </div>
  </div>
 </body>
</html>
