2498 3325
0 3235 13 3325 quw-2
0 3210 1 3213 „
0 3168 9 3190 „
3 3126 7 3128 .

1003 174 1226 214 PREMIERE
1249 173 1408 211 ANNEE.
2197 178 2254 207 257

227 254 314 283 854

192 316 272 342 Idem
294 315 425 350 indulget
449 315 587 349 magistro
611 315 755 341 scolarum
780 314 985 340 Salamantino.
1014 312 1096 345 (Rae.
1118 311 1168 344 24,

157 373 184 393 o.
203 365 265 397 683,
281 365 301 391 f.
320 364 390 398 101.)

644 253 770 287 Anagni,
791 252 823 279 ⁴2⁵2
839 250 1002 286 septembre
1021 249 1097 276 1255.

203 492 216 506 (1
235 502 270 514 ..,
285 479 433 516 mayistro
448 479 601 508 scolarum
617 478 845 508 Salamarzttno.
863 476 1090 508 Consideratis
1106 475 1171 504 cir—

159 532 373 562 cumstantiis
396 536 582 570 temporum
604 535 635 561 et
649 531 807 565 locorum,
830 530 919 568 rigor
932 529 1061 568 justitie
1076 527 1171 558 debet

161 585 340 624 aliquando
357 584 613 614 mansuetudine
630 583 818 622 temporari,
836 586 871 612 ut
887 582 957 611 vini
973 580 1170 611 mordacitas

161 637 298 668 lenitate
313 637 377 667 olei
393 637 575 674 mitigetur,
590 640 621 666 et
636 640 787 674 peccator
802 635 837 664 in
853 634 1054 673 profundum
1068 633 1172 663 malo-

162 687 237 720 rum
258 699 324 719 non
339 689 451 719 veniat
471 693 503 719 et
523 689 715 722 contendat,
733 688 908 726 presertim
925 696 999 717 cum
1015 687 1087 716 sine
1104 686 1172 715 dis-

163 741 283 780 pendio
309 740 525 771 ecclesiarum
550 749 655 778 usque
677 748 807 778 quaque
829 739 955 768 servari
978 747 1043 768 non
1068 737 1172 775 possit

162 794 252 831 rigor
269 792 493 823 ecclesiastice
504 792 691 829 discipline.
704 792 801 825 Sane,
815 800 888 820 cum
902 800 978 828 sepe
990 790 1170 827 contingat,

163 850 199 876 ut
215 846 348 880 dicitur,
362 845 449 884 quod
460 845 495 874 in
510 845 642 874 civitate
660 844 889 874 Salamantina
900 843 1012 881 plures
1024 843 1172 873 doctores

163 901 194 927 et
219 897 374 932 scolares,
402 900 534 934 propter
559 896 722 926 violentas
744 904 902 924 manuum
924 895 1122 933 injectiones
1138 895 1172 924 in

163 949 300 980 clericos
320 949 608 981 excommunicati,
623 949 793 983 decedant,
813 957 848 978 ac
866 947 923 977 alii
939 948 1116 977 redeuntes
1133 948 1173 977 ad

162 1003 296 1041 propria
315 1006 572 1040 promoveantur
596 1001 636 1031 ad
656 1001 806 1036 ordines,
832 1000 1051 1030 absolutionis
1072 1000 1173 1031 bene-

164 1055 239 1084 ficio
255 1063 321 1084 non
344 1055 488 1084 obtento.
508 1054 604 1085 Unde
627 1057 759 1092 propter
775 1053 1055 1091 irregularitatem
1074 1063 1173 1092 quam

164 1107 341 1137 incurrunt
353 1107 536 1145 improvide
550 1107 585 1136 in
600 1106 791 1145 hujusmodi
806 1106 901 1136 multi
914 1106 1064 1136 nolentes
1076 1116 1173 1136 suum

167 1160 318 1190 confiteri
342 1159 510 1195 delictum,
527 1163 720 1197 paupertate
743 1158 795 1189 vel
810 1159 1006 1189 infirmitate
1030 1159 1172 1196 gravati,

150 1213 216 1243 'vel
233 1213 315 1243 alias
329 1213 558 1243 imbecillitate
570 1213 673 1242 animi
690 1212 903 1247 dormientes,
917 1222 957 1242 ne
974 1213 1118 1242 confessi
1135 1213 1174 1242 ad

168 1266 283 1296 Sedem
303 1265 516 1304 apostolicam
528 1266 808 1300 111105101111111101,
821 1265 855 1294 111
867 1266 1011 1303 peccatis
1028 1266 1098 1295 suis
1117 1266 1174 1295 mi-

168 1319 356 1349 serabiliter
372 1319 571 1348 moriuntur.
590 1319 658 1348 Nos
674 1318 788 1355 igitur,
803 1327 900 1356 super
914 1317 1104 1356 hujusmodi
1118 1328 1175 1357 pe-

166 1372 282 1402 riculis
296 1372 443 1402 volentes
457 1372 582 1402 eisdem
596 1371 784 1401 doctoribus
797 1376 828 1401 et
844 1371 1027 1401 scolaribus
1038 1376 1176 1409 paterna

169 1424 394 1455 sollicitudine
411 1425 594 1462 providere,
609 1433 749 1462 quorum
764 1424 929 1459 nolumus,
948 1425 1033 1454 sicut
1049 1434 1109 1454 000
1126 1434 1176 1455 ex-

167 1477 269 1516 pedit,
289 1477 434 1507 studium
450 1487 508 1515 per
522 1477 708 1507 absentiam
723 1477 890 1515 impediri,
905 1477 1099 1508 auctoritate
1116 1477 1176 1507 tibi

168 1530 374 1568 presentium
388 1530 612 1568 indulgemus,
632 1534 668 1559 ut
683 1530 777 1568 ipsis,
797 1530 853 1568 qui
871 1530 910 1559 ad
928 1530 1071 1560 invicem
1090 1531 1123 1560 in
1142 1539 1176 1561 se

167 1583 219 1614 vel
236 1583 319 1613 alias
335 1592 494 1621 personas
511 1583 754 1613 ecclesiasticas
772 1592 891 1613 manus
913 1583 1090 1622 injecerint
1107 1584 1177 1614 vio-

167 1636 293 1672 lentas,
312 1636 378 1666 nisi
400 1640 465 1666 tam
486 1636 596 1673 gravis
619 1645 656 1666 ac
679 1636 824 1665 enormis
846 1636 948 1666 fuerit
968 1645 1122 1666 excessus
1142 1641 1177 1666 ut

169 1689 287 1719 merito
299 1689 366 1719 sint
378 1689 418 1718 ad
431 1689 548 1719 Sedem
564 1688 779 1727 apostolicam
795 1689 996 1723 destinandi,
1011 1689 1178 1727 10110101-

169 1750 258 1771 mam
274 1741 420 1771 Ecclesie
436 1741 635 1771 beneficium
651 1741 871 1771 absolutionis
887 1741 1071 1779 impendas,
1089 1750 1178 1771 man-

171 1795 253 1824 dans
268 1795 316 1824 eis
328 1794 389 1824 sub
399 1795 508 1824 debito
521 1795 652 1833 prestiti
660 1795 842 1834 juramenti
851 1798 887 1824 ut
899 1795 1008 1833 passis
1019 1795 1177 1834 injuriam

170 1847 379 1877 satisfaciant
400 1851 623 1886 competenter
643 1852 674 1878 et
693 1848 728 1877 in
747 1847 915 1878 similibus
932 1848 971 1878 de
987 1852 1095 1878 cetero
1112 1857 1177 1878 non

170 1900 339 1930 excedant.
362 1901 454 1937 Quod
474 1900 502 1930 si
519 1900 712 1931 satisfacere
733 1901 817 1931 forte
839 1900 1018 1937 noluerint,
1038 1901 1128 1939 ipsos
1144 1902 1177 1931 in

169 1953 522 1983 excommunicationis
548 1953 718 1983 vinculum
747 1954 934 1984 reinducas.
961 1954 1179 1984 Presentibus

167 2010 240 2045 post
259 2006 442 2036 triennium
462 2010 522 2036 etc.
546 2005 640 2036 Nulli
657 2011 718 2036 etc.
741 2011 852 2037 nostre
871 2007 1096 2037 concessionis
1117 2012 1178 2037 etc.

167 2059 239 2088 Dat.
260 2059 422 2096 Anagnie,
443 2059 473 2088 X
489 2058 648 2089 kalendas
667 2059 822 2094 octobris,
843 2068 928 2089 anno
948 2060 1064 2098 primo.
1086 2072 1098 2086 »

241 2250 333 2279 855

212 2312 362 2338 Civitatem
387 2311 618 2346 Brundusinam,
639 2312 671 2338 ad
692 2313 782 2338 instar
798 2313 956 2339 Innocentii
983 2322 1071 2348 papae
1089 2312 1141 2347 IV,
1166 2322 1180 2339 a

168 2361 321 2388 Tarentini
338 2362 516 2396 principatus
534 2361 660 2387 dominio
676 2362 786 2393 eximit,
803 2365 897 2388 castra
915 2361 1034 2396 Horiae,
1050 2362 1179 2397 Gallipoli

170 2419 204 2437 ac
221 2410 366 2437 Nericone
377 2418 410 2437 ae
421 2414 524 2436 terram
540 2410 679 2437 Austunii
691 2410 716 2436 01
729 2411 914 2439 conserendo.
929 2411 1010 2442 (Rau.
1022 2412 1066 2443 24,
1080 2421 1106 2438 c.
1119 2412 1180 2442 (3811,

170 2460 191 2486 f.
210 2460 256 2486 101
273 2461 280 2494 )

654 2249 781 2284 Anagni,
798 2250 831 2277 30
848 2251 1011 2285 septembre
1030 2251 1107 2277 1255.

214 2587 227 2601 «
246 2598 278 2611 ..,
297 2576 447 2613 potestati,
465 2576 591 2604 consilio
606 2580 631 2604 e!
647 2577 806 2604 0111111111ιηί
819 2577 955 2605 civitatis
974 2577 1180 2610 Brutulusz'ne,

170 2628 310 2666 fidelibus
326 2630 450 2657 nostris.
468 2629 554 2664 Quia
570 2633 677 2659 vestre
694 2629 868 2665 integritas
886 2629 973 2664 fidei,
998 2630 1181 2659 devotionis

172 2681 348 2711 sinceritas
373 2685 402 2711 ct
422 2681 626 2711 inviolabilis
645 2682 830 2711 constantie
857 2682 996 2711 firmitas
1020 2682 1107 2712 clare
1126 2692 1182 2721 pa-

172 2739 250 2769 tent,
272 2734 455 2764 omittimus
481 2734 539 2764 hec
563 2734 742 2772 adprcscns
764 2735 1054 2765 comnwndatoriis
1080 2735 1182 2774 expli-

174 2796 247 2818 care
274 2789 494 2823 sermonibus,
521 2788 622 2817 verba
642 2788 750 2817 laudis
774 2789 1014 2827 postponimus,
1033 2798 1121 2819 nunc
1144 2789 1182 2819 de

168 2839 254 2878 ipsis
271 2850 330 2870 000
348 2840 387 2870 ad
408 2849 520 2870 eorum
541 2841 732 2879 preconium
754 2841 865 2871 stilum
884 2841 1108 2879 producimus,
1127 2841 1183 2871 scd

296 2905 518 2930 ALEXANDRE
538 2906 588 2936 iv,
608 2910 626 2930 t.
646 2907 666 2930 1.

1250 246 1359 284 potius
1372 246 1408 275 in
1424 245 1491 275 hiis
1506 245 1668 276 calamum
1683 243 1921 283 quodammodo
1935 243 2157 273 cohartamus.
2171 244 2256 280 Quo-

1251 299 1351 334 niam,
1370 299 1432 329 etsi
1446 299 1544 336 digne
1558 298 1692 328 laudare
1709 297 1879 331 vellemus,
1898 296 1951 325 vix
1965 296 2105 325 forsitan
2121 300 2255 334 possent

1250 352 1337 381 sacta
1366 351 1505 389 exprimi
1532 351 1627 389 plene
1653 350 1761 384 dictis,
1786 358 1845 378 nec
1873 349 1912 378 ad
1937 348 2256 378 commendationem

1251 404 1404 434 idoneam
1421 404 1520 434 verba
1536 406 1758 441 suppeterent,
1778 401 1854 440 quia
1870 410 1903 430 re
1920 410 1997 430 vera
2012 400 2085 438 plus
2099 410 2151 430 res
2166 405 2257 438 gesta

1252 457 1399 487 continet
1415 465 1513 495 quam
1530 464 1637 485 sermo
1654 458 1763 493 posset
1788 453 1945 491 prolixior
1968 462 2134 483 enarrare.
2160 453 2257 482 Tanti

1253 518 1395 548 namque
1407 509 1518 538 meriti
1528 507 1720 545 magnitudo
1731 506 1906 537 verborum
1920 510 2031 535 tenore
2043 514 2107 535 non
2117 506 2255 543 capitur,

1253 572 1313 593 000
1329 566 1435 592 0011115
1459 561 1595 599 suscipit
1614 559 1747 589 laudum
1764 562 1879 592 metas,
1898 567 1961 596 (1110
1980 557 2077 587 velud
2094 558 2257 588 immensa

1254 615 1350 654 quasi
1370 623 1468 653 super
1485 613 1652 651 egreditur
1668 611 1870 641 facultatem.
1895 612 2009 640 Restat
2026 611 2128 648 igitur
2150 615 2185 640 ut
2202 620 2257 641 vos

1254 668 1311 706 qui
1327 667 1413 697 sicut
1431 667 1533 696 sortes
1556 670 1586 695 et
1609 668 1798 694 constantes
1814 663 1956 692 viriliter
1971 664 2185 701 propag-natis
2202 674 2260 702 pro

1254 720 1401 751 Ecclesie
1416 719 1533 749 matris
1550 718 1673 747 honore
1691 726 1726 746 ac
1742 720 1852 746 vestra
1868 720 1898 745 et
1916 716 2081 745 communi
2098 717 2202 753 patrie
2218 716 2259 745 li—

1254 774 1391 807 bertate,
1405 772 1439 801 in
1453 771 1599 810 ejusdcm
1612 770 1759 800 Ecclesie
1771 769 1929 798 fidelitate
1942 768 2168 806 persistentes,
2182 778 2260 799 con-

1254 826 1345 864 gruis
1364 826 1532 854 lirmemus
1548 823 1717 852 favoribus
1739 826 1769 851 ct
1792 821 1960 851 civitatem
1985 826 2127 850 vestram
2148 822 2261 850 condi-

1255 878 1328 916 gnis
1345 877 1527 915 gratiarum
1545 875 1652 905 titulis
1669 874 1860 904 exaltemus.
1880 874 1963 903 Cum
1979 873 2102 911 itaque,
2122 873 2206 902 sicut
2224 883 2259 903 ex

1254 935 1345 969 parte
1363 933 1472 959 vestra
1487 929 1552 958 fuit
1567 927 1769 966 propositum
1785 935 1894 956 coram
1911 925 2017 960 nobis,
2034 925 2142 955 felicis
2158 935 2262 955 recor-

1255 983 1400 1013 dationis
1426 983 1452 1012 I.
1480 990 1563 1020 papa
1585 981 1798 1017 predecessor
1823 983 1934 1008 noster
1956 987 2012 1008 vos
2038 983 2068 1007 et
2094 978 2261 1008 civitatem

1254 1037 1361 1075 ipsam
1380 1036 1415 1064 in
1436 1034 1625 1065 demanium
1643 1032 1789 1062 Ecclesie
1806 1033 1954 1061 Romane
1970 1031 2145 1068 receperit,
2168 1036 2261 1069 prout

1256 1090 1291 1118 10
1318 1089 1424 1127 ipsius
1453 1087 1696 1126 predecessoris
1722 1085 1895 1123 privilegio
1922 1093 2021 1122 super
2045 1084 2106 1114 1100
2131 1084 2264 1113 obtento

1255 1142 1387 1181 plenius
1404 1141 1603 1174 continetur,
1618 1149 1688 1174 nos,
1706 1138 1826 1168 vestris
1845 1137 2143 1176 supplicationibus
2166 1138 2264 1167 incli-

1258 1195 1338 1229 nati,
1357 1194 1443 1233 quod
1460 1194 1499 1223 ab
1524 1193 1636 1223 eodem
1657 1192 1889 1230 predecessore
1911 1191 2035 1220 factum
2059 1195 2122 1223 051,
2147 1191 2182 1220 111
2203 1191 2263 1220 hac.

1257 1252 1348 1286 parte
1371 1251 1479 1277 ratum
1496 1246 1656 1276 habentes
1678 1249 1708 1275 et
1725 1250 1852 1283 gratum
1870 1253 1906 1273 ac
1923 1244 2116 1273 auctoritate
2134 1249 2264 1281 aposto-

1257 1301 1321 1330 lica
1344 1300 1589 1330 confirmantes.
1607 1299 1774 1327 civitatem
1792 1298 1909 1335 ipsam,
1932 1306 2005 1326 cum
2024 1297 2093 1335 ejus
2111 1297 2263 1326 districtu

1259 1364 1295 1385 ac
1312 1353 1499 1393 principatu
1516 1352 1706 1385 Tarentino,
1726 1354 1753 1380 et
1777 1354 1842 1379 tam
1869 1350 1907 1378 ab
1933 1349 2038 1387 ipsius
2059 1349 2264 1387 principatus

1259 1417 1358 1446 quam
1381 1405 1545 1436 Manfredi
1564 1404 1728 1443 quondam
1746 1403 1906 1441 principis
1922 1402 2093 1431 Tarentini
2112 1402 2265 1431 demanio

1260 1465 1290 1491 et
1306 1459 1463 1494 dominio,
1483 1467 1682 1497 quamquam
1700 1457 1785 1486 sicut
1799 1456 1949 1485 asseritis
1964 1464 2133 1494 nunquam
2148 1455 2265 1485 civitas

1260 1513 1373 1543 eadem
1391 1513 1429 1541 de
1445 1511 1583 1550 prefatis
1600 1510 1787 1548 principatu
1804 1513 1834 1538 et
1850 1508 1995 1538 dominio
2012 1507 2124 1542 fucrit,
2143 1508 2182 1537 ad
2196 1517 2266 1536 ma-

1257 1567 1362 1606 jorem
1386 1570 1494 1595 tamen
1519 1563 1750 1593 certitudinem
1769 1561 1935 1600 perpetuis
1953 1560 2155 1598 temporibus
2172 1560 2266 1589 duxi-

1260 1627 1334 1648 mus
1354 1617 1572 1648 eximendam.
1591 1615 1743 1645 Habendi
1763 1622 1892 1652 (10011110
1913 1622 2085 1642 commune
2110 1617 2266 1650 perpetuo

1261 1680 1298 1701 ac
1316 1670 1508 1701 assumendi
1524 1672 1703 1707 potestates
1726 1676 1783 1706 pro
1807 1666 1913 1704 ipsius
1930 1665 2092 1703 regimine
2109 1665 2265 1695 civitatis.

1261 1724 1436 1754 dummodo
1448 1722 1561 1752 fideles
1577 1726 1607 1751 et
1620 1722 1752 1751 devotos
1766 1719 1912 1749 Ecclesie
1926 1718 2116 1750 assumatis,
2128 1717 2267 1747 liberam

1261 1778 1354 1808 vobis
1371 1776 1582 1806 concedimus
1600 1779 1711 1804 tenore
1728 1772 1932 1812 presentium
1948 1771 2150 1801 facultatem.
2169 1772 2267 1801 Sanc.

1262 1835 1297 1860 ut
1316 1840 1352 1860 ex
1369 1829 1538 1859 affluentia
1553 1827 1790 1857 beneficiorum
1811 1825 1958 1864 ejusdcm
1980 1824 2125 1854 Ecclesic
2147 1823 2267 1853 exultet

1262 1884 1334 1922 ipsa
1350 1883 1467 1913 civitas
1487 1881 1606 1919 gaudio
1626 1880 1778 1919 pleniori,
1797 1879 1913 1913 Horie,
1930 1877 2086 1915 Gallipoli
2111 1886 2146 1906 ac
2170 1877 2269 1906 Neri-

1262 1946 1342 1967 cone
1360 1940 1467 1965 castra
1484 1944 1519 1964 ac.
1541 1939 1662 1964 terram
1684 1932 1842 1962 Austunii
1868 1940 1941 1960 cum
1965 1930 2118 1959 0010111115
2137 1929 2270 1968 juribus

1262 1995 1293 2020 et
1310 1988 1522 2028 pertinentiis
1538 1986 1718 2018 eorundem
1737 1985 1830 2014 vobis
1849 1988 1879 2014 et
1901 1983 2046 2022 predicte
2067 1982 2193 2012 civitati
2211 1982 2271 2011 sul»

1263 2043 1383 2074 debitis
1401 2046 1431 2072 et
1447 2040 1616 2071 consuetis
1634 2038 1781 2069 servitiis
1798 2036 2000 2067 conserimus
2018 2036 2055 2065 de
2073 2035 2177 2073 gratia
2197 2044 2269 2072 spc—

1263 2096 1356 2131 011111,
1382 2094 1557 2125 dummodo
1580 2092 1674 2126 nulli,
1699 2094 1831 2128 excepto
1856 2089 2001 2127 predicto
2023 2087 2210 2117 Manfredo.
2232 2096 2268 2116 ex

1263 2149 1477 2180 concessione
1506 2145 1697 2186 hujusmodi
1728 2143 1947 2182 prejudicium
1978 2145 2162 2179 generetur.
2197 2140 2270 2169 Sta-

1264 2207 1394 2233 tuentes
1410 2206 1445 2231 ut.
1461 2204 1567 2230 castra
1588 2203 1618 2229 et
1635 2202 1722 2227 terra
1738 2197 1850 2227 eadem
1874 2195 1909 2224 in
1930 2198 2124 2232 perpetuum
2142 2193 2179 2222 de
2202 2192 2271 2221 dis-

1264 2256 1361 2285 trictu
1379 2258 1487 2284 vestro
1504 2253 1646 2283 existant
1660 2255 1688 2281 et
1704 2251 1742 2280 de
1760 2250 1830 2287 ipso
1846 2248 1999 2277 districtu
2017 2247 2054 2276 de
2069 2250 2177 2275 cetero
2192 2254 2271 2275 cen-

1264 2312 1410 2339 seantur.
1436 2305 1656 2337 Concedimus
1683 2303 1820 2340 insuper
1843 2300 1929 2339 quod
1953 2300 2041 2329 cives
2063 2297 2270 2328 Brundusini

1264 2372 1337 2392 cum
1357 2369 1469 2391 corum
1489 2357 1715 2389 mercimoniis
1734 2362 1960 2394 quascumque
1977 2352 2128 2382 civitates
2146 2355 2176 2380 ct
2193 2359 2272 2388 1100-

1265 2423 1404 2453 cumque
1421 2416 1529 2443 castra
1545 2415 1575 2441 et
1593 2410 1657 2440 alia.
1678 2410 1750 2439 loca
1771 2407 1864 2445 regui
1883 2405 1997 2437 Sicilie
2022 2409 2087 2435 tam
2108 2413 2165 2442 per
2181 2412 2271 2432 mare

1265 2476 1363 2507 (101110
1379 2476 1436 2504 per
1455 2469 1574 2495 terram
1593 2464 1717 2492 intrare
1739 2465 1769 2491 et
1786 2461 1874 2491 exire
1894 2468 1931 2489 ac
1946 2458 2087 2489 vendere
2109 2460 2139 2487 01
2162 2466 2270 2486 emere

1264 2521 1387 2550 ibidem
1418 2516 1633 2548 mercimonia
1656 2524 1718 2554 (1110
1739 2513 1904 2544 voluerint
1928 2512 2031 2541 libere
2057 2510 2199 2544 valcant,
2228 2509 2270 2537 ita

1266 2574 1351 2612 quod
1369 2573 1408 2602 ad
1432 2571 1572 2609 alicujus
1593 2568 1768 2608 portuatici
1792 2566 1843 2596 vel
1864 2564 2048 2604 plateatici,
2072 2562 2190 2600 rivagii
2214 2572 2271 2591 scu

1267 2626 1395 2665 pedagii
1412 2625 1481 2654 sive
1501 2622 1678 2662 cujuslibet.
1695 2620 1831 2651 alterius
1847 2618 1934 2658 juris
1951 2627 2009 2647 seu
2029 2616 2139 2645 11111011
2158 2615 2197 2644 1111
2215 2624 2273 2643 nos

1266 2684 1296 2709 ct
1309 2678 1488 2717 predictam
1500 2675 1679 2714 sp‹;»t·t:1ntis
1690 2673 1870 2703 Ecclesiam
1884 2671 2073 2700 nullatcnus
2088 2672 2272 2697 1000110101.

1266 2732 1359 2762 Nulli
1383 2736 1443 2759 1·11·.
1462 2734 1572 2759 nostre
1593 2725 1866 2759 confirmationis,
1887 2722 2115 2761 exemptionis,
2139 2730 2273 2749 conces-

1267 2786 1383 2820 sionis,
1402 2783 1588 2813 collationis
1606 2786 1636 2811 ct
1653 2778 1901 2810 constitutionis
1923 2781 1983 2806 etc..
2008 2777 2078 2804 Dat.
2104 2773 2272 2810 Auagnic,

1268 2841 1299 2870 II
1316 2838 1474 2868 kalendas
1493 2835 1648 2867 octobris,
1670 2842 1755 2863 anno
1775 2832 1890 2870 primo.
1913 2842 1925 2856 ))

2121 2892 2150 2916 33
