2498 3325
272 246 328 275 4.-,11

276 326 287 337 »ι
313 312 398 350 quod
416 311 550 340 balwnt.
574 310 646 338 sint*
671 310 784 338 fraud«¹
810 310 841 337 in
866 308 1009 346 capitulo
1027 318 1085 337 suo
1104 309 1275 345 resignant

275 378 281 392 )

276 431 287 445 7>

275 483 287 497 ))

274 536 287 550 )1

275 589 288 603 ²)

275 698 288 711 ))

276 750 288 764 ))

276 803 289 817 ))

276 960 290 974 ))

278 1013 290 1027 ))

277 1066 290 1080 ))

277 1118 290 1132 ))

276 1170 290 1184 >>

276 1223 290 1237 ))

275 1276 289 1290 ὶ)

275 1329 288 1343 ))

275 1382 289 1396 ))

276 1434 289 1448 ))

277 1540 290 1555 ))

276 1593 290 1607 ))

278 1698 291 1713 ))

278 1752 292 1766 ))

279 1804 293 1818 1)

279 1857 293 1871 ))

280 1909 293 1924 ))

280 1962 293 1976 ))

280 2014 293 2029 >>

281 2119 294 2134 ))

281 2171 294 2186 ))

282 2276 295 2292 ))

283 2329 296 2344 )>

283 2382 296 2396 ))

283 2435 296 2449 ))

284 2488 297 2502 ))

283 2539 296 2554 ))

285 2592 298 2607 ))

286 2750 299 2764 ))

286 2802 299 2816 3)

286 2854 299 2868 ))

287 2906 300 2920 ))

313 366 345 394 111
367 374 464 394 manu
480 363 679 392 venerabilis
697 363 798 401 patris
820 362 1076 397 13111wlefzalensis
1093 362 1275 400 archiepis-

313 418 394 455 copi.
415 418 447 445 in
469 417 644 445 utilitatem
665 416 768 453 ipsius
788 415 926 444 ecclesie
943 415 1216 449 ‹·‹›nvffi'tentlum3
1236 415 1275 443 :nl

313 471 413 508 quool.
436 470 462 498 si
487 479 620 498 ner-*sse
645 469 755 503 fuerit,
784 468 870 498 iufra
897 472 1024 505 tempus
1048 468 1213 506 ydoneum
1236 468 1276 496 ab

314 523 560 560 archiepiscopo
576 521 823 550 illoderaunjltun.
839 521 1020 549 monitione
1034 522 1205 558 premissa.
1220 530 1276 559 per

313 585 485 605 ‹jetisuram
504 574 761 604 ‹.¹(·cl‹3=si:tsti‹·ani
780 573 1030 611 compellantur.

316 642 327 655 >i
342 630 422 662 (Art.
434 628 506 666 Ill).
520 628 613 657 Circa
627 627 906 661 reformationem,
919 628 1126 665 prm-edinms
1143 628 1175 656 111
1188 627 1276 657 1111110

314 684 456 713 modum.
483 684 604 713 Omnes
627 683 777 712 canonici
801 683 923 718 divinis
949 683 1066 712 nnn-ns
1093 683 1223 712 diurnis
1247 678 1294 713 et'

314 737 485 767 nocturnis
501 736 669 770 intersint,
689 736 754 764 nisi
768 745 804 764 ex
823 735 1015 765 infirmitate
1032 736 1081 765 vel
1099 736 1163 765 alia
1177 737 1277 766 ratio-

315 790 417 819 nabili
437 799 534 819 causa
555 789 677 818 fuerint
696 789 853 823 excusati,
872 792 905 817 ut
918 793 1109 818 remaneant
1124 789 1278 819 110110011-

317 843 362 872 tia
381 842 431 871 sui
449 841 566 880 prelati
583 845 613 870 et
631 841 676 870 ita
700 841 892 878 tempestive
914 841 953 870 ad
974 841 1110 871 1110111111
1131 841 1277 876 veniant,

316 895 412 933 quod,
431 898 502 932 post
519 894 740 932 pulsationem
755 894 795 922 ad
812 893 920 928 boras,
939 894 1011 923 sine
1028 903 1129 929 mora,
1148 903 1278 932 presen-

315 948 404 977 tibus
431 947 617 977 canonicis.
641 947 791 976 ordinate
817 956 851 976 ac
878 947 971 976 modo
994 947 1104 977 debito
1129 947 1278 977 divinum

316 1001 457 1030 officium
478 999 651 1029 incline-tur
668 1004 697 1029 et
716 999 803 1028 trina
819 1000 924 1029 oratio
947 1000 1001 1029 siat
1023 1001 1204 1030 secundum
1220 1010 1280 1030 an-

317 1054 440 1091 tiquam
458 1052 595 1081 ecclesie
613 1052 885 1081 consuetudinem
903 1053 1124 1090 approbatam,
1145 1057 1173 1083 et
1190 1057 1280 1092 post-

316 1114 414 1144 quam
436 1104 571 1133 chorum
591 1104 789 1133 intraverint
813 1105 975 1139 ordinate,
996 1114 1030 1135 se
1055 1105 1199 1136 habeant
1220 1107 1280 1136 ho-

316 1163 408 1187 neste
421 1157 544 1187 divinis
554 1157 671 1187 ossiriis
682 1158 892 1187 intendentes
903 1167 960 1187 nee
972 1167 1050 1187 cura
1060 1159 1277 1196 secularibus,

316 1220 375 1240 nec
396 1210 435 1239 ad
455 1210 597 1239 invicem
621 1210 659 1239 tle
683 1210 781 1239 rebus
805 1210 982 1248 superfluis
1000 1211 1050 1241 vel
1074 1211 1277 1249 inhonestis,

315 1263 371 1293 sed
404 1263 442 1292 de
470 1262 548 1295 biis,
578 1272 641 1301 que
667 1263 707 1292 ad
736 1263 886 1292 divinum
916 1263 1060 1293 officium
1094 1265 1278 1302 pertinent,

315 1316 493 1346 summissa
510 1325 587 1345 voce
605 1326 640 1345 ac
662 1316 733 1345 sine
755 1316 906 1354 strepitu,
930 1316 1143 1353 collocantur,
1164 1327 1222 1348 nec
1242 1319 1281 1348 de

315 1369 414 1399 choro
443 1369 482 1398 ad
508 1368 645 1398 chorum
672 1369 871 1404 discurrant,
901 1369 957 1399 sed
983 1370 1018 1399 in
1047 1370 1117 1400 suis
1146 1371 1281 1402 sedibus

315 1431 387 1451 rum
410 1421 519 1451 debita
537 1425 624 1451 stent
643 1421 693 1451 vel
711 1421 847 1451 sedeant
870 1422 1031 1459 gravitate
1048 1433 1054 1452 ι
1072 1423 1281 1462 injungimus

315 1475 413 1505 etiam
438 1475 580 1509 cantori,
598 1478 644 1509 ut,
663 1475 751 1504 circa
771 1474 863 1505 chori
885 1475 1127 1506 ordinationem
1145 1480 1176 1507 et
1194 1477 1282 1515 regi-

315 1537 406 1563 men,
434 1532 530 1566 prout
556 1528 698 1566 requirit
723 1529 794 1567 ejus
818 1528 979 1565 officium,
1009 1529 1052 1559 sit
1079 1530 1222 1568 diligens
1251 1535 1283 1561 et

315 1585 472 1611 attentus.

319 1646 331 1660 n
351 1634 435 1673 (Art.
455 1634 523 1672 IV).
546 1634 764 1664 Decernimus
784 1634 901 1669 etiam,
919 1639 970 1670 ut,
991 1635 1173 1665 secundum
1195 1636 1283 1666 anti-

317 1696 415 1725 quam
437 1686 575 1716 ecclesie
596 1686 872 1716 consuetudinem
895 1687 1123 1725 approbatam,
1147 1690 1283 1719 canoni-

317 1748 385 1775 cus,
400 1739 634 1774 subdiaconus,
648 1739 806 1769 diaconus
822 1744 852 1769 et
865 1740 1017 1770 sacerdos
1034 1750 1127 1770 suam
1145 1741 1283 1780 diligen-

319 1796 367 1822 ter
390 1796 420 1821 et
440 1792 535 1821 modo
559 1792 667 1823 debito
690 1792 881 1821 edomadam
904 1798 1103 1831 exequatur3
1130 1795 1176 1824 ita
1198 1796 1284 1834 quod

318 1845 353 1874 in
370 1845 533 1883 principio
550 1845 790 1879 1111550,01111105
804 1845 955 1883 predicti,
967 1846 1122 1876 decenter
1135 1848 1283 1879 vestibus

320 1897 423 1927 sacris
447 1897 567 1932 induti,
591 1897 726 1927 veniant
750 1897 789 1926 ad
811 1897 927 1934 altare,
953 1907 993 1928 ne.
1019 1904 1151 1937 propter
1171 1909 1285 1930 eorum

319 1950 506 1980 tarditatem
532 1949 582 1979 vel
612 1950 796 1979 absentiam
825 1951 974 1980 divinum
1002 1951 1145 1982 officium
1173 1953 1285 1985 minus

319 2002 427 2032 debite
444 2002 604 2032 celebrari
621 2003 799 2041 contingat.

321 2068 333 2082 »
359 2055 442 2093 (Art.
466 2055 518 2094 V).
544 2055 755 2094 Injungimus
783 2056 1009 2092 thesaurario,
1034 2062 1069 2087 ut
1091 2064 1285 2090 ornamenta

320 2107 446 2143 altaris,
465 2112 495 2137 et
513 2113 707 2138 ornamenta
725 2108 875 2144 ecclesie,
895 2113 925 2138 et
941 2114 1049 2140 vestes
1066 2119 1188 2147 sacras,
1204 2112 1285 2141 cali-

320 2168 392 2195 ces,
415 2168 546 2195 cruces,
574 2159 736 2195 turibula,
763 2169 914 2198 mappas,
937 2163 1160 2200 manutergia,
1188 2172 1285 2202 capas

320 2213 459 2248 sericas,
489 2212 709 2250 superpelicia
739 2213 869 2247 stricta,
895 2213 998 2244 libros
1028 2215 1202 2246 deauratos
1235 2217 1286 2248 vel

320 2265 562 2302 deargentatos,
583 2270 613 2295 et
630 2266 741 2295 onmia
761 2266 827 2296 alia
841 2267 881 2296 ad
899 2267 1023 2297 cultum
1041 2268 1191 2299 divinum
1211 2279 1286 2308 per-

321 2318 473 2353 tinentia,
495 2328 558 2357 que
575 2319 680 2356 ipsius
698 2323 774 2349 sunt
791 2320 939 2349 custodie
959 2321 1124 2359 deputata,
1143 2322 1286 2361 diligen—

322 2374 371 2399 ter
390 2375 420 2399 et
439 2371 558 2399 munde
581 2372 739 2401 custodiri
761 2372 860 2401 faciat
879 2377 910 2402 et
933 2374 1084 2409 tractari,
1104 2379 1135 2405 et
1153 2385 1216 2414 que
1235 2385 1287 2406 re-

322 2424 492 2461 paratione
508 2424 699 2461 indiguerit,
714 2429 808 2462 prout
824 2425 861 2455 ad
879 2435 975 2455 suum
990 2431 1115 2465 spectat
1130 2428 1286 2465 officium,

322 2477 422 2505 saciat
436 2476 559 2514 absque
575 2486 663 2506 more
676 2477 848 2515 dispendio
863 2480 1009 2517 reparari
1022 2484 1063 2515 et,
1075 2480 1196 2511 debitis
1210 2485 1288 2512 tem-

322 2528 474 2566 poribus,
494 2528 562 2558 illis
581 2529 638 2567 qui
659 2529 825 2560 celebrare
845 2531 1010 2561 voluerint
1033 2541 1069 2562 ac
1092 2533 1183 2569 aliis,
1202 2534 1288 2564 sicut

323 2581 500 2619 expediens
520 2582 634 2617 suerit,
655 2582 778 2621 absque
797 2584 949 2614 tarditate
966 2585 1069 2616 libere
1088 2586 1286 2617 ministrari.

325 2645 338 2659 »
356 2633 440 2672 (Art.
458 2633 528 2672 Vl).
546 2634 757 2672 Injungiums
773 2636 960 2672 canonicis,
981 2642 1016 2667 ut
1037 2639 1285 2676 prebendarios,

323 2685 510 2723 capellanos
536 2691 567 2716 et
589 2686 726 2717 clericos
749 2698 840 2724 suos,
866 2690 922 2728 qui
951 2690 1126 2728 stipendiis
1149 2691 1288 2723 ecclesie

324 2742 569 2774 sustentantur,
598 2739 756 2770 inducant
782 2742 972 2777 efficaciter,
997 2748 1028 2773 et
1058 2744 1167 2775 debito
1192 2745 1288 2775 modo

325 2791 532 2829 compellant,
551 2792 579 2821 si
597 2801 731 2822 necesse
748 2794 859 2829 suerit,
877 2798 913 2823 ut
931 2795 970 2824 ad
991 2797 1219 2834 exequendum
1238 2798 1288 2827 di-

324 2843 439 2872 vinum
471 2843 633 2879 officium,
660 2845 746 2874 sicut
773 2846 880 2881 (lecet,
906 2847 945 2876 ad
975 2847 1149 2878 ecclesiam
1175 2849 1288 2880 Sancti

326 2895 455 2925 Andree
480 2895 513 2924 111
540 2895 638 2925 choro
664 2898 875 2933 convenient,
902 2908 978 2934 nec,
1004 2900 1080 2929 dum
1103 2901 1289 2932 celebratur

1361 321 1366 334 )

1360 374 1366 387 )

1360 428 1372 440 1)

1361 534 1373 546 1)

1360 585 1372 599 5¹

1361 638 1373 652 1)

1361 692 1373 706 ))

1362 745 1374 759 ))

1362 798 1375 812 ))

994 242 1231 272 nEGis'rRES
1253 242 1560 273 D'ALEXANDRE
1584 245 1637 274 IV.

1397 309 1492 338 illum
1525 310 1573 339 vel
1604 311 1667 340 alie
1695 311 1774 341 bore
1804 316 1993 347 cantantur,
2021 313 2100 343 dicti
2131 314 2342 352 prebendarii
2357 337 2364 350 ,

1399 362 1560 400 capellani
1582 363 1629 392 v‹·l
1651 364 1763 393 clerici
1787 364 1820 393 in
1843 365 1933 402 capis
1957 366 2132 395 manicatis
2151 366 2200 395 vel
2224 366 2289 396 alio
2305 367 2367 397 ha-

1399 415 1468 445 bitu
1486 416 1627 445 seculari
1642 417 1676 446 in
1694 417 1792 447 choro
1810 417 1859 447 vel
1877 418 1909 447 in
1928 418 2067 448 ecclesia
2086 419 2309 449 demorentur.

1401 480 1413 494 n
1431 468 1515 505 (Art.
1531 469 1617 508 VH).
1647 470 1858 505 Α1111111111111115,
1878 475 1912 500 ut
1930 480 2044 501 omnes
2061 473 2212 501 canonici
2233 473 2368 504 statutis

1399 520 1490 549 boris
1518 522 1552 550 in
1580 522 1724 560 capitulo
1754 523 1951 553 conveniant
1980 525 2114 562 pacifice
2140 525 2212 555 sine
2236 526 2367 565 jurgio,

1398 574 1510 609 minis,
1524 575 1707 604 terroribus
1722 579 1752 604 et
1768 576 1878 605 verbis
1895 576 2156 611 contumeliosis,
2170 578 2208 607 de
2222 578 2369 616 regulari

1399 627 1609 657 observantia
1627 632 1655 657 et
1673 628 1711 657 (le
1729 628 1843 665 regula
1866 638 1901 658 ac
1925 629 2068 659 utilitate
2085 630 2223 661 ecclesie
2245 635 2369 661 tracta-

1400 680 1481 715 turi,
1500 680 1613 719 ibique
1634 690 1789 711 excessus
1810 681 1921 711 diurni
1939 686 1969 711 et
1989 683 2141 712 nocturni
2160 692 2218 721 per
2233 692 2309 714 eum
2327 683 2370 714 ad

1400 743 1498 772 quem
1515 738 1638 772 spectat
1653 742 1727 763 cum
1745 733 1918 771 diligentia
1933 735 2130 771 regulariter
2145 736 2368 774 corrigantur,

1401 790 1431 815 et
1453 796 1510 825 per
1525 791 1693 817 cantorem
1712 786 1763 816 vel
1780 787 1851 826 ejus
1869 787 2028 817 vicarium
2049 788 2087 817 de
2104 788 2210 818 officio
2229 788 2370 827 ecclesie

1402 849 1483 878 quas
1497 839 1656 869 lectiones
1669 839 1778 876 legere
1791 839 1842 869 vel
1855 848 2049 878 responsum
2067 846 2200 871 cantare
2213 841 2368 878 debeant,

1400 891 1542 921 maxime
1567 892 1599 920 111
1625 892 1754 929 magnis
1780 891 2087 930 solempnitatibus,
2108 893 2280 924 ordinetur
2303 894 2372 924 ibi-

1401 945 1486 979 dem,
1512 954 1572 974 nec
1596 954 1632 974 ex
1656 954 1747 974 mora
1770 945 1998 983 intempestivi
2021 949 2180 976 tractatus
2200 946 2373 985 contingat

1402 998 1552 1027 divinum
1583 998 1727 1028 officium
1760 997 1968 1035 negligenter
1999 999 2052 1036 agi
2092 999 2142 1029 vel
2181 998 2263 1030 alias
2294 1008 2373 1038 per-

1403 1051 1541 1081 turbari.

1405 1116 1417 1130 »
1439 1104 1523 1143 (Art.
1542 1105 1646 1141 VIII).
1669 1105 1877 1140 Mandannis,
1900 1114 1941 1135 ne
1967 1105 2118 1135 canonici
2137 1106 2172 1135 in
2188 1105 2297 1144 platea
2319 1105 2373 1137 vel

1404 1158 1483 1187 alibi
1496 1162 1666 1193 vacentur,
1685 1158 1741 1187 sed
1758 1158 1846 1187 infra
1863 1158 2044 1187 claustrum
2057 1158 2107 1188 vel
2123 1164 2215 1197 septa
2231 1150 2373 1190 ecclesie

1403 1210 1495 1240 horis
1515 1211 1778 1249 competentibus
1796 1216 2051 1246 commorentur,
2070 1212 2155 1241 sicut
2171 1212 2263 1243 decet
2282 1212 2373 1243 viros

1403 1263 1590 1301 religiosos,
1610 1267 1641 1293 et
1658 1267 1792 1293 teneant
1811 1263 1992 1294 claustrum
2013 1264 2163 1295 clausum
2180 1265 2334 1296 adruinus
2353 1274 2375 1296 a

1404 1315 1617 1354 completorio
1640 1325 1746 1355 usque
1770 1316 1810 1346 ad
1831 1316 1990 1354 primam,
2021 1317 2087 1347 nisi
2110 1327 2148 1348 ex
2174 1318 2387 1350 necessitate.

1405 1369 1584 1407 aperiatur,
1606 1372 1637 1398 et
1653 1369 1753 1398 etiam
1773 1368 1848 1398 aliis
1865 1368 1957 1399 horis
1976 1369 2108 1408 quando
2129 1369 2238 1400 claudi
2252 1369 2376 1409 poterit

1405 1425 1640 1460 competenter.

1406 1486 1419 1500 >a
1448 1474 1533 1514 (Art.
1558 1474 1630 1513 IX).
1656 1474 1810 1504 Habeant
1835 1475 1988 1505 canonici
2016 1475 2184 1512 genitores
2209 1476 2288 1515 (sic),
2315 1475 2374 1516 qui

1404 1531 1516 1566 portas
1535 1527 1673 1557 claustri
1690 1527 1807 1557 timent
1828 1527 1900 1567 (sic)
1923 1532 1952 1557 et
1977 1528 2165 1558 custodiant
2182 1527 2374 1567 diligenter,

1406 1585 1437 1610 et
1456 1580 1514 1610 illa
1534 1580 1690 1618 precipue
1713 1585 1806 1619 porta
1828 1589 1892 1619 que
1914 1580 2085 1610 descendit
2104 1581 2222 1611 subtus
2240 1589 2376 1612 murum

1407 1634 1450 1664 sit
1466 1633 1579 1664 clausa
1599 1633 1773 1668 continue,
1794 1633 1860 1663 nisi
1884 1633 2066 1663 necessitas
2084 1633 2136 1664 vel
2159 1633 2289 1664 utilitas
2305 1633 2378 1665 evi·-

1407 1687 1488 1716 dens
1505 1686 1649 1716 suaserit
1664 1686 1799 1724 aperiri,
1817 1690 1848 1716 et
1864 1689 1955 1721 tunc,
1973 1691 2104 1724 peracto
2121 1686 2264 1724 negotio,
2280 1695 2377 1726 prop-

1407 1744 1457 1770 ter
1473 1739 1560 1779 quod
1577 1743 1689 1778 aperta
1706 1739 1820 1775 suerit,
1848 1739 1939 1769 illico
1955 1739 2128 1769 claudatur
2150 1749 2208 1778 pro
2227 1748 2264 1771 eo
2286 1739 2376 1780 quod

1408 1801 1484 1831 sepe
1501 1792 1642 1821 multum
1659 1795 1812 1830 suspecta
1826 1792 1901 1822 suit.

1410 1858 1422 1872 n
1442 1846 1525 1884 (Art.
1546 1845 1602 1884 X).
1625 1846 1708 1875 Item
1729 1845 1860 1884 quando
1886 1845 2049 1883 contingit
2068 1845 2245 1876 canonicos
2265 1845 2378 1877 claus-

1408 1903 1495 1928 trum
1513 1898 1562 1928 vel
1580 1902 1672 1936 septa
1689 1897 1828 1928 ecclesie
1849 1902 1880 1928 et
1901 1898 2091 1928 necessaria
2112 1898 2162 1928 vel
2182 1898 2378 1929 rationabili

1408 1959 1509 1980 causa
1525 1950 1624 1984 exire,
1641 1959 1706 1980 non
1721 1950 1794 1985 soli,
1813 1950 1870 1980 sed
1886 1950 1969 1987 bini,
1988 1950 2038 1980 vel
2051 1950 2167 1981 saltem
2185 1959 2259 1982 cum
2274 1951 2379 1982 socie-

1409 2007 1474 2034 tate
1491 2003 1631 2033 honesta
1647 2003 1814 2033 incedant.

1411 2069 1423 2083 »
1443 2057 1528 2096 (Art.
1547 2056 1618 2095 XI).
1639 2056 1836 2086 Mandamus
1855 2057 1970 2092 etiam,
1989 2061 2025 2086 ut
2041 2066 2155 2087 omnes
2173 2057 2325 2088 canonici
2340 2057 2378 2088 in

1408 2109 1584 2139 refectorio
1603 2109 1794 2144 comedant,
1817 2109 1883 2138 nisi
1907 2118 1944 2139 ex
1962 2118 2062 2139 causa
2081 2109 2245 2148 legitima,
2266 2109 2318 2141 vel
2337 2110 2378 2141 de

1408 2162 1526 2200 prelati
1543 2162 1596 2192 5111
1612 2161 1748 2191 licentia
1762 2166 1976 2198 excusentur3
1998 2167 2037 2199 et,
2057 2162 2188 2201 pulsato
2204 2163 2374 2200 scimbalo‚

1408 2215 1607 2245 conveniant
1621 2219 1652 2245 et
1669 2214 1769 2245 simul
1785 2215 1911 2245 intrent
1926 2215 2140 2245 refectorium
2157 2220 2188 2246 et
2203 2216 2277 2246 sine
2296 2224 2378 2246 con-

1409 2268 1556 2298 tentione
1573 2272 1604 2297 et
1620 2268 1764 2297 tumultu
1785 2268 1908 2298 ibidem
1926 2268 2057 2307 quando
2076 2269 2298 2306 commedunt,
2317 2278 2380 2300 au-

1409 2321 1501 2351 diant
1517 2320 1705 2357 lectionem,
1721 2325 1752 2350 et
1771 2321 1871 2351 simul
1888 2326 2005 2351 exeant
2023 2322 2061 2351 ad
2079 2322 2260 2359 gratiarum
2279 2322 2380 2353 actio-

1410 2383 1481 2411 nes,
1498 2373 1563 2403 nisi
1581 2373 1706 2403 suerint
1725 2373 1970 2403 rationabiliter
1985 2374 2144 2404 excusati.

1411 2438 1424 2453 n
1442 2426 1527 2465 (Art.
1542 2426 1633 2465 XII).
1652 2426 1860 2463 Mandamus,
1879 2431 1914 2455 ut
1932 2426 2084 2456 canonici
2103 2427 2144 2456 ad
2163 2435 2280 2457 cenam
2294 2427 2378 2458 hora

1410 2479 1609 2509 conveniant
1627 2479 1826 2517 competenti
1840 2482 1871 2509 et
1889 2479 1955 2508 sint
1972 2479 2018 2508 ibi
2035 2479 2107 2509 sine
2119 2479 2330 2510 contentione
2347 2483 2381 2510 et

1410 2531 1556 2562 tumultu
1572 2536 1612 2568 et,
1630 2536 1762 2570 peracta
1776 2540 1868 2568 cena,
1887 2535 2003 2561 exeant
2017 2531 2089 2561 sine
2101 2541 2202 2568 mora,
2218 2532 2297 2571 quia
2310 2540 2377 2562 non

1410 2585 1512 2620 decet,
1528 2588 1565 2614 ut
1581 2584 1704 2614 ibidem
1718 2584 1845 2614 diutius
1857 2592 1982 2613 moram
1995 2583 2127 2614 trahant
2144 2593 2251 2624 neque
2267 2584 2379 2615 verbis

1411 2637 1606 2676 superfiuis,
1627 2637 1828 2667 clamoribus
1854 2646 1913 2666 5011
1931 2637 2191 2667 detractionibus
2212 2641 2244 2668 et
2263 2637 2380 2668 confa-

1410 2678 1640 2720 bulationibus
1664 2689 1768 2719 variis
1791 2694 1923 2723 vacent,
1944 2689 2030 2720 sicut
2056 2699 2073 2719 a
2097 2690 2297 2728 quibusdam
2318 2699 2379 2728 per

1411 2751 1565 2781 magnam
1581 2747 1707 2781 partem
1725 2742 1831 2772 noctis
1851 2742 1922 2772 fieri
1941 2743 2125 2779 consuevit,
2138 2743 2264 2773 intrent
2277 2743 2380 2774 etiam

1411 2796 1642 2826 dormitorium
1656 2795 1860 2833 tempestive,
1876 2804 1916 2825 ne
1930 2795 2055 2825 tardius
2067 2795 2239 2826 venientes
2250 2795 2381 2835 inquie-

1413 2853 1482 2879 tent
1498 2849 1549 2879 vel
1568 2849 1711 2879 excitent
1725 2849 1760 2878 in
1777 2848 1970 2878 dormitorio
1987 2848 2206 2887 quiescentes.

1414 2915 1427 2928 »
1450 2902 1536 2941 (Art.
1556 2901 1665 2941 XIII).
1692 2903 1775 2932 Item
1797 2901 2004 2937 mandamus,
2030 2905 2065 2930 ut
2088 2910 2202 2931 omnes
2226 2900 2380 2932 canonici
