2441 3330
191 200 230 229 70

916 196 1156 228 REGISTRES
1177 196 1485 227 D'ALEXANDRE
1507 197 1564 227 IV.

192 265 253 295 hus
275 263 489 294 ecclesiarum
508 263 655 300 ipsarum
670 263 864 293 cedentibus
883 263 933 293 vel
949 262 1197 297 decedentibus,
1238 266 1242 313 Ι
1281 265 1313 291 et
1334 261 1457 292 habere
1482 262 1593 293 valeas
1620 271 1685 293 non
1712 262 1863 292 obstante
1891 261 2127 292 constitutione
2155 259 2291 291 concilii

190 317 318 355 possint
335 325 390 346 eas
403 315 523 353 prefati
539 315 698 353 magister
713 321 743 346 et
758 316 879 346 fratres
897 316 932 346 in
949 321 1013 346 tam
1030 325 1111 345 usus
1126 315 1200 345 lau—

191 368 317 399 dabiles
331 368 486 403 retinere,
501 372 597 406 prout
613 368 647 397 in
661 368 852 406 patentibus
865 368 987 399 litteris
999 368 1065 398 tuis
1081 367 1199 398 exinde

191 422 349 452 confectis
366 426 397 451 et
411 421 552 459 signatis
567 425 620 451 tuo
637 426 667 451 et
681 421 828 460 ejusdcm
840 421 976 460 capituli
993 421 1114 459 sigillis
1129 420 1200 459 ple-

192 474 267 504 nius
286 474 408 503 dicitur
423 474 596 503 contineri.
614 475 681 504 Nos
696 474 806 513 itaque
821 474 886 505 tuis·
901 474 1199 513 supplicationibus

192 527 371 565 benignum
388 527 617 565 impertientes
634 535 819 562 assensum,
838 527 925 565 quod
940 536 958 557 a
974 531 1004 557 te
1018 536 1117 565 super
1129 536 1200 565 pre-

192 579 304 610 missis
317 579 370 618 pie
389 589 425 609 ac
441 580 576 618 provide
592 580 716 609 sactum
737 584 796 615 cst,
814 585 923 609 ratum
943 584 974 610 et
990 581 1121 609 firmum
1140 580 1200 610 ha-

190 632 318 668 bentes,
332 633 365 661 id
374 633 568 662 auctoritate
583 632 760 670 apostolica
774 633 1008 663 confirmamus
1020 637 1081 663 etc.
1094 642 1200 672 usque

191 686 444 716 conn‘nunimus.
470 685 631 716 Volumus
653 689 763 715 tamen
787 686 874 725 quod
892 686 1072 725 capellanis
1088 696 1200 725 perpe-

191 743 247 768 tuo
264 739 438 768 servituris
461 739 495 767 in
517 738 667 769 ecclesiis
691 739 882 769 memoratis
902 739 941 769 de
962 740 1109 778 ipsarum
1125 749 1200 778 pro-

191 791 346 821 ventibus
363 792 469 829 portio
486 796 674 829 competens
692 800 729 821 ex
748 800 811 830 qua
829 792 891 830 ipsi
908 801 1051 834 congrue
1068 798 1200 822 susten-

192 844 254 874 tari
287 848 318 873 et
347 844 547 882 episcopalia
574 854 611 873 ac
641 844 705 874 alia
733 853 846 874 eorum
875 853 977 875 onera
1008 850 1201 884 supportare

191 896 321 927 valcant
344 897 534 933 assignetur
555 907 561 926 ε
587 906 815 926 ειιςρ1’·εε111·11111
840 901 970 927 tuorum
991 898 1024 927 in
1046 898 1200 928 omnibus

188 951 262 989 jure
285 950 385 979 salvo.
412 950 504 980 Nulli
532 954 593 980 ete.
619 955 731 980 nostre
753 951 1016 981 confirmationis
1040 955 1101 981 etc.
1125 952 1197 981 Dat.

190 1002 341 1041 Neapoli,
359 1004 404 1033 VI
421 1003 495 1033 idus
509 1003 637 1039 marcii,
653 1012 739 1033 anno
755 1004 872 1042 primo.
893 1015 905 1030 »

264 1188 356 1217 255

227 1250 383 1276 Confirmat
397 1258 498 1276 omnes
514 1251 660 1277 libertates
675 1254 702 1277 et
716 1251 913 1277 immunitates
929 1252 1120 1286 praescriptas
1136 1252 1202 1278 bos-

193 1300 288 1334 pitalis
304 1300 338 1325 de
354 1300 422 1326 Alto
439 1308 537 1333 passu.
556 1300 639 1334 (Rea.
656 1300 699 1331 ⁶24,
717 1308 742 1326 c.
757 1300 817 1334 5213,
835 1300 854 1328 s.
869 1300 937 1333 28¹.)

775 1188 890 1223 Names,
910 1189 942 1215 v15
959 1197 1035 1215 mars
1051 1189 1129 1216 1255.

234 1413 247 1427 «
266 1424 300 1436 ..,
319 1402 465 1437 massis-tro
481 1406 507 1430 et
521 1402 672 1438 fratribvs
687 1403 847 1439 hospitalis
865 1402 898 1430 dc
910 1403 1079 1439 Altopasstc,
1095 1403 1134 1431 ad
1146 1404 1202 1432 Ro-

191 1463 317 1482 manam
345 1455 509 1483 Ecclesiam
534 1456 620 1484 nvllo
643 1456 740 1484 medio
762 1456 958 1492 pertinentis.
984 1455 1202 1486 Attendentes

192 1506 377 1536 devotionis
389 1506 539 1536 ardorem
551 1516 648 1545 quem
661 1507 701 1536 ad
713 1516 771 1537 nos
784 1511 813 1537 ct
826 1508 1010 1537 Romanam
1020 1508 1201 1538 Ecclesiam

192 1558 313 1589 habere
331 1559 509 1589 noscimini
531 1568 567 1589 ac
583 1560 730 1590 volentes
748 1565 779 1590 ut
803 1570 840 1590 cx
857 1560 918 1590 hoc
937 1561 1054 1591 Sedem
1071 1565 1202 1599 aposto-

192 1611 289 1641 licam
308 1612 401 1641 vobis
418 1613 571 1642 sentiatis
587 1613 804 1643 favorabilem
821 1617 851 1642 ct
869 1613 1060 1651 benignam,
1080 1614 1201 1644 vestris

191 1665 490 1703 supplicatmnilms
510 1665 679 1699 inclinati,
703 1666 919 1696 rationabiles
942 1667 1201 1698 eonsuetudines

191 1718 386 1756 approbatas
410 1722 440 1747 et
467 1718 657 1748 observatas
684 1719 806 1748 dudum
834 1719 869 1748 in
892 1718 1050 1757 hospitali
1077 1723 1198 1756 vestro,

189 1770 360 1801 libertates
384 1781 513 1810 quoquc
535 1776 565 1801 et
587 1772 816 1801 immunitates
837 1772 958 1810 quibus
981 1781 998 1801 a
1021 1773 1078 1802 XL
1101 1773 1199 1803 annis

190 1824 272 1853 citra
296 1833 401 1862 usque
425 1824 462 1853 ad
486 1824 546 1854 hec
572 1828 715 1862 tempora
742 1824 795 1853 usi
820 1825 900 1854 estis
923 1825 1009 1859 sicut
1030 1834 1067 1855 ca
1087 1825 1199 1855 omnia

185 1877 274 1916 juste
299 1886 334 1906 ac
352 1877 486 1915 pacifice
508 1877 700 1915 possidetis,
721 1878 813 1907 vobis
834 1882 865 1907 ct
885 1887 943 1916 per
964 1887 1021 1908 vos
1043 1878 1199 1916 hospitali

190 1934 298 1959 vestro
324 1929 518 1959 auctoritate
541 1930 721 1968 apostolica
743 1931 977 1961 confirmamus
1003 1935 1064 1961 etc.
1093 1935 1198 1970 usque

189 1983 444 2013 communimus.
458 1983 551 2013 Nulli
566 1987 626 2013 etc.
644 1987 753 2013 nostre
769 1984 1030 2014 confirmationis
1045 1988 1105 2014 etc.
1123 1985 1196 2014 Dat.

188 2035 338 2074 Neapoli,
356 2035 467 2065 idibus
484 2036 606 2071 martii,
626 2045 713 2066 anno
731 2037 848 2075 primo.
869 2049 881 2063 n

259 2221 348 2249 256

224 2281 312 2308 Laudi
327 2282 485 2316 dispensat,
500 2286 530 2308 ut
544 2284 665 2309 retinere
679 2284 767 2309 valent
779 2284 934 2309 cantoriam
947 2283 1196 2317 Engolismensem

790 2221 906 2255 Naples,
926 2222 939 2248 4
957 2230 1033 2248 mars
1051 2221 1126 2248 1255.

187 2334 214 2356 et
242 2331 553 2365 arebipresbyteratum
589 2332 624 2358 de
654 2332 778 2362 Calesio,
812 2331 1028 2358 xanctonensis
1061 2332 1196 2358 diocesis.

187 2378 270 2411 (Res.
287 2379 331 2410 ζ24,
348 2387 373 2405 c.
391 2380 453 2411 214,
471 2379 490 2406 f.
509 2380 577 2412 25³.)

229 2493 240 2506 u
264 2481 376 2514 Laudi,
401 2482 521 2510 stratori
542 2482 775 2517 E'nfsolisnu'nsi.
802 2482 866 2510 Per
890 2481 1000 2511 studia
1020 2481 1198 2512 laudabilis

187 2533 564 2563 conversationisetvite
579 2539 607 2563 te
619 2534 755 2569 dignuin
769 2534 951 2563 reddidisse
963 2534 1095 2569 diceris,
1111 2535 1198 2573 quod

187 2595 205 2615 a
223 2585 429 2623 benignitate
452 2586 546 2615 Sedis
570 2586 747 2624 ap‹1›stolice
772 2586 887 2616 adesse
905 2587 1121 2617 benemeritis
1140 2587 1197 2617 de-

184 2638 327 2668 lectante
344 2638 521 2676 specialem
539 2639 677 2675 gratiam
696 2639 922 2677 consequaris.
941 2639 1027 2669 Hinc
1044 2644 1092 2669 est
1110 2641 1197 2679 quod

185 2700 244 2721 nos
268 2696 322 2721 tue
348 2691 532 2721 devotionis
554 2692 708 2729 precibus
735 2697 931 2727 annuentes,
958 2697 993 2721 ut
1014 2694 1195 2723 cantoriam

186 2744 472 2781 Engolismensem
509 2749 539 2774 et
579 2744 941 2782 archipresbyteratum
978 2745 1016 2775 de
1052 2745 1194 2782 Calesio,

184 2797 430 2827 Xanctonensis
441 2797 593 2832 diocesis,
605 2806 702 2836 quem
712 2797 804 2835 prius
820 2802 849 2826 te
860 2797 1016 2835 proponis
1028 2798 1193 2836 adeptum,

185 2858 297 2879 curam
316 2849 503 2879 animarum
517 2849 677 2880 habentes
692 2860 774 2889 quos
788 2850 929 2886 obtines,
947 2851 1037 2881 licite
1052 2852 1195 2882 retinere

1281 314 1458 352 generalis,
1487 320 1595 345 tecum
1619 315 1816 345 auctoritate
1841 313 2020 352 apostolica
2043 313 2287 352 dispensamus.

1282 366 1330 395 Ita
1344 366 1432 405 quod
1446 366 1665 405 personaliter
1681 366 1715 396 in
1729 366 1843 396 eadem
1859 365 2007 396 cantoria
2022 365 2191 395 deservias
2207 369 2239 395 et
2253 364 2289 395 in

1281 418 1608 458 archipresbyteratu
1631 419 1703 458 ipso
1730 419 1834 449 facias
1860 427 1918 457 per
1940 418 2108 457 ydoneum
2127 417 2290 448 vicariurn

1281 472 1454 502 deserviri.
1484 472 1576 502 Nulli
1605 477 1666 502 etc.
1696 475 1806 502 nostre
1833 470 2093 510 dispensationis
2121 474 2182 501 etc.
2213 471 2287 500 Dat.

1281 525 1432 563 Neapoli,
1451 526 1482 556 II
1499 534 1603 556 nonas
1619 525 1742 561 martii,
1763 533 1850 555 anno
1866 524 1982 563 primo.
2003 536 2015 550 υ

1353 722 1439 750 257

1317 783 1432 814 Eunu-o,
1459 784 1677 818 archiepiscopo
1707 783 1898 814 Nidrosiensi,
1925 783 2070 818 significat
2095 791 2127 809 se
2150 786 2290 810 statutum

1282 832 1529 866 sussraganeorum
1548 832 1745 859 Nidrosiensis
1760 833 1900 860 ecclesiae
1915 832 2095 866 confirmare,
2112 840 2170 867 quo
2184 834 2292 859 statue-

1283 886 1347 907 runt
1372 885 1402 906 ut
1421 881 1543 914 quisque
1565 881 1691 915 ipsorum
1714 881 1805 907 solvat
1824 881 2006 908 Nidrosiensi
2023 880 2241 915 archiepiscopo
2255 879 2291 906 ad

1283 926 1388 954 Sedem
1405 929 1591 963 apostolicam
1609 938 1659 964 pro
1675 930 1904 956 consecrationis
1919 929 2074 955 obtinendo
2091 935 2209 955 munere
2226 935 2292 963 pro-

1283 977 1422 1003 ficiscenti
1443 977 1470 1003 in
1493 977 1656 1004 subsidium
1677 982 1846 1012 sumptuum
1867 983 1973 1004 certam
1991 977 2129 1012 pecuniae
2146 977 2291 1011 quantita-

1283 1030 1350 1052 tem.
1367 1025 1449 1059 (Rso.
1467 1026 1512 1060 24,
1528 1034 1553 1053 c.
1569 1026 1632 1059 ⁶215,
1650 1027 1669 1054 f.
1685 1027 1735 1058 ‘29;
1755 1026 1902 1054 Porrffls'r
1920 1026 2026 1058 15732.)

1863 721 1980 756 Naples,
2001 722 2030 748 10
2047 729 2123 748 mars
2142 721 2219 748 1255.

1325 1146 1338 1160 «
1360 1134 1478 1169 Enaro,
1506 1135 1732 1172 archiepiscopo
1753 1135 1955 1164 Nirlrosiensi.
1982 1133 2074 1164 Sicut
2098 1133 2291 1164 fraternitas

1283 1191 1339 1216 tua
1356 1203 1404 1215 —.
1422 1188 1495 1216 Dat.
1514 1186 1663 1225 Neapoli,
1681 1188 1726 1217 VI
1743 1187 1817 1217 idus
1833 1187 1960 1222 martii,
1979 1195 2066 1216 anno
2081 1186 2199 1224 primo.
2216 1198 2230 1212 ι)

1355 1394 1443 1423 5258
1864 1392 1982 1427 Napies,
2001 1391 2032 1418 12
2048 1400 2125 1418 mars
2142 1391 2220 1419 1255.

1319 1454 1450 1490 Capitulo
1467 1455 1606 1482 ecclesiae
1622 1454 1821 1481 Nidrosiensis
1837 1454 1952 1480 mandat
1963 1457 2004 1485 ut,
2016 1461 2082 1480 cum
2094 1452 2230 1480 Einarum
2245 1460 2294 1480 ca-

1285 1504 1420 1530 nonicum
1439 1505 1466 1530 in
1483 1503 1733 1538 archiepiscopum
1751 1502 1924 1529 unanimiter
1938 1502 2089 1537 elegerint,
2103 1502 2130 1528 ei
2146 1505 2291 1537 tamquam

1284 1554 1356 1588 patri
1377 1557 1406 1580 et
1422 1554 1529 1588 pastori
1545 1553 1704 1579 animarum
1722 1553 1871 1579 intendant
1886 1555 1914 1578 et
1929 1552 2084 1578 exhibeant
2100 1551 2294 1578 obedientiam

1283 1606 1311 1628 et
1337 1602 1524 1628 reverentiam
1548 1601 1685 1628 debitam.
1711 1600 1794 1636 (Rau.
1819 1600 1868 1631 ⁵24,
1891 1608 1921 1635 c..
1941 1599 2003 1633 216,
2029 1600 2047 1626 f.
2073 1599 2121 1633 295
2146 1598 2294 1641 Pontum·

1285 1650 1392 1682 15736.)

1323 1772 1336 1786 ι(
1371 1783 1409 1794 ..,
1440 1760 1665 1797 archiepiscopo
1700 1764 1724 1788 ct
1760 1759 1896 1796 capitulo
1924 1759 2042 1787 ecclesie
2074 1758 2292 1790 Nidrosiensis.

1281 1812 1428 1843 Ecclesia
1457 1816 1566 1841 vest-ra
1592 1811 1734 1849 pastoris
1759 1828 1807 1839 —.
1837 1811 1909 1840 Dat.
1941 1809 2091 1848 Neapoli,
2121 1810 2190 1840 IIII
2216 1809 2292 1840 idus

1280 1865 1403 1900 martii,
1425 1873 1512 1894 anno
1527 1864 1645 1903 primo.
1666 1876 1678 1890 »

1317 1985 1346 2011 ln
1371 1994 1396 2011 e.
1420 1994 1457 2012 m.
1479 1985 1555 2011 clero
1575 1985 1700 2011 civitatis
1715 1988 1744 2011 et
1759 1984 1885 2010 diocesis
1901 1983 2146 2010 Nidrosiensium.
2163 1981 2292 2009 Ecclesia

1279 2033 1479 2060 Nidrosiensis
1492 2033 1615 2068 pastoris
1627 2037 1681 2059 etc.
1697 2033 1764 2060 utin
1779 2033 1845 2066 alia,
1858 2032 1954 2059 verbis
1969 2034 2166 2066 competenter
2177 2035 2291 2058 mutan-

1280 2082 1326 2109 dis
1345 2075 1436 2116 usque
1454 2082 1480 2107 in
1500 2082 1596 2108 finem.

1316 2130 1347 2156 In
1371 2139 1397 2157 e.
1415 2139 1452 2157 m.
1471 2131 1575 2165 populo
1591 2131 1716 2157 civitatis
1731 2133 1759 2156 et
1779 2130 1904 2156 diocesis
1920 2129 2155 2156 Nidrosiensium
2173 2136 2265 2163 usque
2283 2138 2289 2154 :

1280 2180 1440 2206 exhibeatis
1465 2180 1710 2206 honorificentiam
1732 2179 1856 2205 debitam
1878 2184 1905 2206 et
1927 2179 2059 2205 devotam
2079 2179 2144 2213 eJus
2165 2177 2291 2204 salubria

1279 2230 1387 2255 monita
1403 2233 1458 2255 etc.
1478 2237 1589 2263 usque:
1606 2228 1798 2255 observando.
1811 2227 1875 2254 Dat.
1894 2231 1925 2254 ut
1939 2236 2037 2262 supra.

1316 2276 1346 2303 Iu
1364 2285 1390 2304 e.
1403 2285 1440 2303 m.
1454 2276 1644 2311 suffraganeis
1660 2276 1782 2303 ecclesie
1798 2276 1996 2302 Nidrosiensis
2013 2283 2105 2309 usque
2124 2285 2130 2300 :
2147 2274 2290 2301 transmit-

1279 2328 1384 2355 tentes,
1411 2325 1616 2351 fraternitatem
1644 2329 1766 2351 vestram
1795 2332 1931 2358 rogamus
1957 2327 1985 2349 et
2011 2323 2158 2350 hortamur
2182 2326 2290 2350 attente

1279 2373 1448 2400 mandantes
1469 2374 1604 2407 quatinus
1626 2374 1764 2408 prefatum
1780 2373 2031 2407 archiepiscopum
2050 2371 2223 2406 recipientes
2238 2371 2290 2397 be-

1280 2423 1367 2456 nigne
1384 2430 1416 2448 ac
1439 2422 1558 2448 honeste
1575 2425 1748 2455 tractantes,
1766 2422 1792 2448 ei
1809 2425 1942 2455 tanquam
1961 2419 2178 2454 metropolitano
2194 2423 2289 2445 vestro

1279 2470 1362 2505 plene
1375 2474 1430 2497 etc.
1451 2474 1479 2496 ut
1496 2471 1522 2496 in
1540 2471 1629 2504 prima
1647 2469 1781 2504 usquein
1798 2470 1895 2495 finem.

1315 2519 1346 2545 In
1369 2528 1394 2546 e.
1412 2528 1449 2546 m.
1470 2540 1500 2551 ..,
1519 2520 1621 2546 illustri
1643 2520 1702 2553 regi
1723 2518 1890 2552 Norwegie‚
1909 2527 2001 2553 usque
2020 2529 2026 2544 t
2043 2518 2286 2551 transmittentes,

1279 2568 1462 2594 serenitatem
1487 2572 1562 2594 tuam
1585 2576 1720 2601 rogamus
1737 2570 1765 2593 et.
1781 2567 1928 2592 hortamur
1943 2570 2052 2592 attente
2066 2565 2204 2600 quatinus
2221 2573 2288 2600 pre-

1278 2616 1367 2642 fatum
1384 2616 1633 2651 archiepiscopum
1649 2623 1752 2642 sereno
1767 2616 1847 2642 vultu
1866 2615 2037 2651 respiciens,
2054 2615 2149 2649 ipsum
2165 2617 2193 2640 et
2208 2620 2284 2640 com-

1278 2664 1396 2690 missam
1419 2664 1474 2690 sibi
1495 2664 1644 2690 ecclesiam
1667 2663 1772 2689 habeas
1792 2672 1842 2697 pro
1864 2667 1961 2689 nostra
1981 2666 2009 2688 et
2028 2661 2186 2697 apostolice
2201 2660 2286 2688 Sedis

1278 2713 1438 2738 reverentia
1468 2712 1639 2747 propensius
1662 2712 1876 2738 commendatas
1903 2719 1937 2738 ac
1961 2711 2057 2737 favore
2085 2709 2163 2744 regio
2187 2716 2287 2744 prose-

1277 2762 1384 2795 quaris,
1411 2761 1448 2787 ita
1471 2761 1546 2795 quod
1569 2761 1672 2787 exinde
1695 2760 1925 2795 propitiationem
1948 2759 2074 2786 divinam
2097 2757 2286 2793 consequaris

1278 2810 1398 2836 uberius
1418 2813 1446 2836 et
1467 2818 1519 2836 nos
1538 2810 1737 2836 celsitudinem
1759 2814 1835 2836 tuam
1854 2809 1950 2843 dignis
1965 2808 1994 2835 in
2012 2807 2135 2834 Domino
2151 2805 2285 2833 laudibus

1277 2858 1523 2884 commendemus.
1543 2857 1607 2884 Dat.
1625 2857 1754 2892 Neapoli,
1770 2866 1788 2884 v
1803 2857 1869 2884 idus
1885 2856 1989 2888 martii,
2005 2863 2080 2882 anno
2096 2855 2199 2890 primo.
