2441 3330
197 226 234 254 ΒΞ
923 224 1162 255 REGISTRES
1185 223 1492 256 D'ALEXANDRE
1519 228 1572 257 IV.

197 291 235 320 de
264 290 388 319 salubri
417 295 503 320 statu
531 291 747 321 ecclesiarum
774 292 923 321 omnium
949 301 1090 331 quarum
1118 291 1205 329 regi-

197 343 278 371 mini
298 352 355 371 nos
371 352 502 380 preesse
519 343 622 373 voluit
640 344 819 374 inell'abilis
835 344 941 382 pietas
953 344 1087 374 Domini
1099 344 1205 375 Jliesu

195 395 321 426 Clu-isti
349 395 444 425 corde
470 396 605 426 solliciti
630 396 822 432 lialwamur,
845 397 931 426 circa
951 396 1205 435 Jerosolymita-

197 457 272 477 nam
296 453 403 477 tamen
428 448 602 479 ecclesiam
626 458 663 479 eo
688 449 845 487 majorem
868 449 1026 479 debemus
1051 450 1205 479 affectum

195 510 319 535 gerere,
339 509 402 537 quo
422 500 491 538 ipsa
511 500 726 530 ecclesiarum
744 501 940 536 dignissima
961 501 1065 531 nostri
1081 501 1205 531 favoris

195 552 318 581 auxilio
328 553 498 590 potissime
511 553 826 591 noscitu1·ir1‹ti1„f-‹·1·e.
837 554 919 584 Cum
929 554 1038 592 itaque
1047 554 1205 592 jamdicta

195 605 335 634 ecclesia
404 606 590 644 patriarche
610 615 647 635 ac
663 607 782 644 prioris
805 607 963 637 destituta
985 608 1147 646 regimine
1170 608 1204 637 in

196 658 427 696 spiritualibus
444 663 473 688 et
494 659 730 697 tna-inperalibus
746 664 841 698 prout
858 661 1044 699 accepimus
1061 661 1206 699 graviter

195 712 234 741 sit
256 711 414 749 collapsa.
433 713 547 750 paucis
573 713 606 741 in
631 722 667 742 ea
688 714 900 743 111anentibus
917 724 974 752 pro
993 724 1134 753 quorum
1152 715 1205 744 in-

193 765 319 793 dustria
337 765 439 802 possit
457 774 610 802 prospere
630 765 729 801 dirigi
746 766 796 796 vel
815 766 994 797 salubriter
1013 768 1202 805 gubernari.

194 826 252 846 nos
268 817 307 847 de
323 817 618 855 circumspectione
636 823 746 848 vestra
762 819 894 856 plenam
910 819 943 849 in
961 820 1102 850 Domino
1120 821 1204 850 fidu-

192 870 276 898 ciam
293 869 492 903 obtinentes,
511 871 707 900 mandamus
724 871 882 910 quatinus
899 882 1011 902 curam
1027 873 1134 911 ipsius
1151 882 1204 904 ec-

192 922 307 957 clesie,
327 932 499 961 quousque
522 923 709 961 patriarcha
730 924 768 954 de
788 934 852 963 quo
877 925 942 954 sibi
967 934 1072 964 nuper
1092 927 1204 964 provi-

192 974 300 1004 dimus
331 974 409 1004 illuc
438 976 608 1013 perveniat
638 976 688 1005 vel
719 977 827 1006 mittat
857 977 1002 1016 aliquem
1031 978 1102 1009 loco
1131 979 1201 1014 5111τ

191 1028 386 1058 auctoritate
403 1033 515 1058 nostra
527 1030 632 1059 Deum
649 1029 756 1059 solum
769 1030 921 1060 habendo
935 1040 991 1069 pre
1008 1031 1112 1061 oculis
1129 1042 1204 1062 cum

191 1080 280 1109 omni
296 1080 469 1117 diligentia
487 1090 599 1118 gerere
612 1082 784 1114 studeatis.
804 1083 988 1119 thesauros,
1007 1084 1154 1115 redditus
1167 1094 1203 1115 ac

190 1137 370 1170 proventus
387 1138 417 1162 et
434 1133 497 1162 alia
513 1134 598 1164 bona
612 1144 675 1173 que
690 1135 730 1164 ad
744 1135 850 1173 ipsam
865 1140 895 1166 et
909 1136 1049 1166 eundem
1066 1138 1202 1175 patriar-

191 1185 285 1214 cham
304 1190 450 1223 spectare
472 1192 653 1216 noscuntur
669 1188 809 1217 alienari
827 1198 886 1219 seu
902 1189 1043 1219 distrahi
1061 1195 1115 1220 aut
1135 1191 1203 1220 dis-

190 1238 281 1275 pergi
301 1238 490 1268 nullatenus
508 1240 748 1277 permittentes,
762 1241 819 1269 sed
835 1250 873 1271 ea
889 1242 998 1279 potius
1012 1244 1202 1273 conservari

191 1289 301 1318 taliter
317 1291 509 1320 ordinantes
526 1292 612 1330 quod
631 1293 747 1321 exinde
767 1293 801 1322 in
820 1298 997 1332 conspectu
1014 1295 1073 1325 Dei
1093 1300 1123 1325 et
1143 1296 1201 1325 110-

189 1342 317 1371 minum
332 1342 489 1380 placeatis
509 1354 545 1374 ac
564 1345 659 1375 Sedis
676 1346 853 1383 apostolice
871 1347 994 1377 favoris
1013 1352 1044 1377 et
1061 1349 1201 1385 gratiam

188 1394 324 1432 possitis
335 1395 469 1425 uberius
480 1397 958 1434 prcmn‘ucri.Contradictorcs.
968 1400 1041 1430 Non
1050 1401 1200 1430 obstante

189 1447 217 1477 si
241 1447 409 1486 aliquibus
429 1466 476 1477 —.
501 1450 593 1485 Quod
617 1450 643 1479 si
670 1460 735 1479 non
758 1451 852 1481 ambo
873 1456 933 1481 etc.
955 1453 1028 1482 Dat.
1048 1453 1198 1492 Neapoli,

189 1501 233 1530 YI
250 1500 324 1530 idus
342 1501 468 1539 aprilis,
487 1512 573 1532 anno
589 1503 706 1541 primo.
727 1516 739 1530 »

259 1672 347 1700 306

225 1732 354 1760 Electum
373 1734 576 1761 Zamorcnsem
591 1739 681 1769 rogat,
694 1737 833 1763 mandans
850 1742 879 1763 ut
896 1738 1024 1764 Gai-siam
1043 1738 1126 1767 l'etri.
1141 1740 1198 1766 cle-

771 1674 887 1710 Naples.
904 1677 936 1703 ‘27
954 1684 1029 1704 mars
1050 1678 1126 1705 1255.

189 1781 279 1807 rieum
298 1782 427 1813 magistri
453 1782 590 1817 Stephani
608 1784 743 1818 capellani
763 1794 864 1819 papae,
883 1787 1088 1820 portionarium
1104 1789 1198 1814 eecle-

187 1830 246 1855 siae
264 1830 461 1861 zamorensis,
481 1832 505 1857 iu
523 1833 693 1859 canonicum
714 1834 738 1858 in
758 1834 900 1867 praedicta
915 1835 1034 1861 cccli-sia
1052 1837 1139 1871 recipi
1157 1837 1198 1862 sa—

186 1878 252 1910 ci-it,
272 1887 325 1905 uon
343 1879 475 1905 obstante
491 1885 569 1906 certo
581 1881 785 1908 canonicorum
800 1891 928 1909 numero,
945 1884 1026 1915 (Rae.
1038 1885 1083 1914 ⁶24,
1096 1893 1121 1911 c.
1135 1885 1196 1916 ⁶260,

187 1926 204 1952 s.
224 1927 279 1959 31.)

228 2040 239 2053 «
315 2030 403 2058 elren)
419 2031 605 2059 Zamorensi.
628 2031 777 2062 Dilectus
793 2032 883 2062 filius
899 2034 1035 2064 Gai-sias
1052 2051 1101 2063 —.
1121 2036 1194 2065 Dat.

185 2081 336 2118 Neapoli,
355 2083 398 2111 vl
417 2082 576 2113 kalendas
594 2084 720 2121 aprilis,
739 2094 825 2115 anno
840 2086 958 2124 primo.
980 2100 993 2113 »

256 2254 340 2282 302

220 2315 314 2342 Nobili
333 2318 391 2342 viro
414 2317 523 2343 Jacnbo
547 2317 723 2352 Nepulcouis
745 2318 887 2346 ,Iohannis
903 2319 1048 2351 Gaietani,
1071 2322 1126 2348 civi
1148 2329 1195 2348 ro-

790 2256 907 2292 Names,
924 2258 939 2285 6
957 2259 1026 2285 avril
1049 2259 1123 2287 1255.

185 2372 278 2395 mano,
292 2366 439 2391 coufirmat
452 2365 650 2392 'saliacozzum
667 2366 874 2401 Mat-anumque
889 2373 982 2395 castra
998 2370 1025 2395 in
1042 2378 1130 2404 regno
1148 2371 1196 2397 Si-

183 2411 266 2437 ciliae
284 2412 337 2438 sita
358 2418 542 2448 casti-umqum
566 2414 595 2441 S.
624 2414 726 2441 Donati
750 2416 785 2441 ab
813 2415 979 2443 innocentio
999 2417 1038 2444 IV
1061 2419 1088 2445 in
1112 2419 1196 2446 feuda

184 2467 334 2486 concessa.
351 2461 434 2492 (Risu.
448 2463 489 2491 Ἡ,
504 2470 529 2488 0.
549 2462 607 2492 ²351,
624 2463 641 2488 f.
660 2463 712 2494 34.)

225 2573 238 2588 «
266 2563 366 2591 Nobili
388 2564 454 2591 viro
476 2565 582 2593 Jaeoho
598 2565 778 2601 Nrpuleonis
792 2567 944 2596 Johannis
961 2568 1115 2604 Gaimani,
1133 2570 1196 2599 civi

182 2623 322 2642 romano.
341 2614 437 2645 Clara
457 2619 509 2645 tue
526 2616 711 2646 devotionis
725 2635 774 2646 —.
789 2618 876 2648 Cum
892 2619 1016 2658 itaque,
1034 2621 1120 2651 sicut
1136 2631 1195 2652 110-

182 2665 234 2695 his
262 2676 424 2704 exponere
449 2669 625 2703 curavisti,
651 2674 755 2700 terras
780 2680 843 2709 que
868 2672 1002 2702 fuerunt
1030 2675 1196 2712 quondam

183 2719 409 2749 Bartholomei
426 2720 464 2750 de
482 2721 661 2757 Taliarozo,
678 2723 831 2753 videlicet
848 2733 956 2754 arcem
973 2727 1073 2756 castri
1086 2727 1196 2757 Talia-

183 2772 267 2801 coczi
291 2781 354 2810 que
378 2773 500 2802 dicitur
522 2774 647 2804 Civitas
673 2780 703 2805 et
730 2775 840 2814 ipsum
865 2782 1024 2814 castrum,
1049 2783 1195 2809 castrum

182 2834 312 2863 quoque
334 2826 421 2864 quod
439 2826 561 2856 dicitur
580 2828 769 2864 Maranum,
788 2830 822 2858 in
845 2839 946 2868 regno
966 2831 1079 2862 Sicilie
1099 2833 1192 2868 sitas,

182 2877 222 2906 ad
249 2878 406 2908 dilectum
434 2879 539 2909 tilium
565 2880 791 2919 Nepuleonem
814 2887 929 2913 natum
962 2888 1055 2914 tuum
1081 2886 1192 2916 uxoris

1288 300 1347 322 sue
1370 292 1504 323 nomine
1527 294 1748 332 pertinentes,
1773 295 1900 326 ratione
1923 296 2087 327 dictorum
2108 297 2298 337 conjugum,

1289 352 1415 374 necnon
1439 349 1470 374 et
1493 354 1550 383 pro
1573 350 1603 376 te
1625 347 1696 385 ipso
1716 347 1850 386 tuisque
1871 347 2032 386 legitimis
2050 350 2300 381 successoribus

1288 401 1432 427 castrum
1452 398 1565 428 Sancti
1586 400 1706 430 Donati
1730 400 1764 430 in
1787 401 1901 431 eodem
1923 410 2024 439 regno
2046 403 2205 440 positum,
2227 407 2257 434 te
2281 412 2302 434 a

1289 450 1438 480 Romana
1455 451 1602 482 Ecclesia
1616 456 1731 495 ¹tenere
1748 453 1782 483 in
1799 454 1934 483 feudum
1951 454 2124 486 humiliter
2141 464 2301 494 recogno-

1288 503 1376 532 veris
1393 503 1427 532 in
1445 503 1553 534 felicis
1570 505 1810 536 recordationis
1826 507 1852 537 I.
1871 516 1952 545 pape
1968 508 2211 545 predecessoris
2228 518 2300 539 nos-

1289 556 1331 585 tri
1358 557 1526 594 presentia
1551 559 1768 594 constitutus,
1793 559 1946 599 idemque
1971 561 2184 599 predecessor
2205 566 2236 592 te
2261 562 2301 592 de

1287 609 1396 639 feudis
1422 610 1504 648 ipsis
1529 616 1658 649 recepto
1684 621 1702 641 a
1727 617 1757 642 te
1786 612 1956 643 fidelitatis
1980 613 2089 644 debite
2111 615 2301 654 juramento

1288 663 1452 692 curaverit
1478 663 1636 694 investire
1660 664 1693 693 in
1717 664 1907 704 hujusmodi
1930 666 2128 696 investiture
2151 667 2300 698 testimo-

1288 713 1381 742 nium
1406 722 1483 743 suas
1503 714 1562 743 tibi
1581 714 1711 745 litteras
1731 716 1956 752 concedendo,
1975 725 2034 747 nos
2051 717 2117 747 tuis
2133 717 2301 756 supplica-

1289 765 1434 796 tionibus
1454 766 1618 802 inclinati,
1637 767 1725 806 quod
1741 768 1781 798 ab
1797 769 1911 798 eodem
1927 769 2158 807 predecessore
2176 770 2301 800 sactum

1287 823 1335 848 est
1352 819 1386 848 in
1404 819 1463 849 hac
1482 823 1572 858 parte
1589 824 1698 850 ratum
1714 820 1875 851 habentes
1892 826 1922 852 et
1940 826 2084 859 gratum,
2103 822 2137 852 id
2155 822 2300 853 auctori-

1287 876 1351 902 tate
1371 872 1550 910 apostolica
1566 874 1801 904 confirmamus
1816 879 1876 904 etc.
1893 884 1997 913 usque
2014 885 2020 904 :
2039 875 2296 905 communimus.

1286 924 1379 954 Nulli
1395 929 1456 955 etc.
1475 930 1585 956 nostre
1602 926 1864 957 confirmationis
1881 931 1942 957 etc.
1961 928 2032 957 Dat.
2049 927 2200 966 Neapoli,
2215 927 2299 958 VIII

1286 977 1361 1007 idus
1378 978 1504 1016 aprilis,
1521 987 1607 1009 anno
1623 979 1741 1017 primo.
1764 992 1777 1006 »

1355 1161 1446 1191 308

1321 1224 1458 1258 Magistro
1474 1224 1592 1252 Nicolao
1609 1224 1741 1251 Andreae
1753 1225 2017 1251 archidiaconatum
2032 1224 2178 1258 Oui-aonii,
2189 1224 2225 1251 de
2236 1233 2294 1260 quo

1285 1281 1334 1306 per
1346 1273 1516 1300 breviarium
1531 1273 1684 1300 investitus
1697 1274 1759 1306 suit,
1769 1274 1928 1300 confirmat.
1941 1273 2026 1306 (Rco.
2037 1273 2082 1306 24,
2091 1282 2117 1301 c.
2129 1273 2192 1308 ⁶262,
2205 1274 2225 1301 s.
2237 1273 2294 1307 34.)

1864 1163 1979 1198 Naples,
1996 1164 2028 1190 2⁴
2052 1171 2128 1190 mars
2146 1163 2224 1191 1255.

1325 1387 1338 1401 «
1376 1375 1519 1412 Magistro
1554 1375 1677 1404 Nicolai>
1711 1375 1845 1409 Audi-ee,
1879 1375 2098 1405 archidiacono
2129 1375 2292 1405 Durachii.

1283 1427 1365 1457 Cum
1384 1436 1401 1456 a
1422 1427 1517 1456 nobis
1535 1427 1660 1465 petitur
1678 1431 1739 1457 etc.
1756 1436 1863 1466 usque
1882 1437 1888 1456 ε
1906 1427 2069 1457 effectum.
2089 1426 2295 1465 Significasti

1284 1479 1449 1519 siquidem
1479 1480 1574 1510 nobis
1603 1480 1689 1519 quod
1718 1480 1858 1510 dilectus
1886 1479 1976 1510 tilius
2002 1480 2162 1518 magister
2192 1479 2295 1510 Nico-

1282 1531 1354 1562 laus
1378 1532 1417 1562 de
1443 1532 1590 1568 Sanctis,
1609 1532 1863 1562 archidiaconus
1885 1532 2082 1570 Capuanus,
2102 1531 2294 1570 capellanus

1282 1589 1404 1620 noster,
1425 1585 1732 1615 archidiaconatum
1749 1584 1910 1615 Durachii.
1928 1594 2027 1624 quem
2046 1584 2213 1624 quondam
2232 1584 2295 1615 Ni-

1281 1637 1393 1667 colaus
1418 1637 1453 1666 in
1480 1637 1613 1667 civitate
1636 1637 1797 1667 Durachii
1824 1637 2011 1667 obtinuisse
2034 1637 2230 1673 dinoscitur,
2253 1637 2296 1668 ad

1280 1689 1491 1719 collationem
1506 1690 1649 1720 Romani
1664 1690 1831 1728 pontificis
1846 1690 2070 1728 pertinentem
2089 1693 2121 1720 et
2139 1694 2219 1720 tunc
2235 1698 2294 1720 va-

1280 1746 1410 1772 cantem
1425 1751 1483 1780 per
1498 1746 1637 1772 mortem
1653 1742 1759 1780 ipsius
1775 1742 1916 1778 Nicolai,
1936 1742 1996 1772 tihi
2012 1742 2200 1772 litterarum
2215 1750 2293 1772 nos-

1280 1799 1406 1824 trarum
1436 1795 1632 1825 auctoritate
1660 1795 1724 1824 sibi
1753 1804 1852 1833 super
1877 1795 1938 1825 1100
1966 1794 2156 1834 specialiter
2184 1794 2292 1825 direc-

1281 1852 1390 1878 tarum
1406 1848 1545 1878 contulit
1563 1852 1659 1887 teque
1678 1848 1716 1878 de
1737 1848 1808 1886 ipso
1822 1857 1880 1886 per
1894 1848 2098 1878 breviarium
2111 1847 2198 1886 quod
2212 1851 2293 1878 tunc

1281 1900 1413 1930 tenebat
1439 1900 1473 1930 in
1499 1900 1653 1930 manibus
1678 1901 1861 1936 investivit,
1888 1905 1984 1938 prout
2008 1900 2043 1929 in
2068 1900 2292 1930 instrumento

1279 1953 1411 1992 publico
1430 1954 1536 1991 ipsius
1555 1953 1718 1991 capellani
1734 1953 1845 1991 sigillo
1861 1953 1991 1991 signato
2007 1953 2156 1983 confecto
2173 1952 2292 1983 exinde

1278 2006 1409 2045 plenius
1423 2007 1545 2036 dicitur
1558 2007 1733 2036 contineri.
1748 2007 1816 2036 Nos
1832 2006 1935 2044 igitur
1951 2006 2018 2035 tuis
2035 2005 2290 2044 supplicationi-

1278 2060 1340 2089 bus
1355 2059 1521 2095 inclinati,
1539 2059 1626 2098 quod
1642 2059 1682 2089 ab
1699 2059 1812 2089 eodem
1828 2059 1998 2097 capellano
2014 2058 2150 2097 provide
2164 2059 2292 2089 factum

1279 2115 1328 2142 est
1344 2111 1378 2141 in
1395 2111 1457 2141 hac
1472 2115 1574 2150 parte,
1591 2115 1699 2141 ratum
1714 2111 1876 2141 habentes
1893 2115 1924 2141 et
1940 2114 2081 2148 gratum,
2099 2110 2134 2140 id
2149 2110 2289 2141 auctori-

1278 2168 1344 2194 tate
1361 2163 1541 2202 apostolica
1554 2164 1787 2194 confirmamus
1804 2167 1865 2193 etc.
1883 2172 1989 2202 usque
2005 2173 2011 2192 :
2029 2163 2287 2194 communimus.

1278 2216 1371 2247 Nulli
1391 2221 1453 2247 etc.
1475 2220 1586 2247 nostre
1608 2216 1870 2259 confirmationis
1891 2220 1952 2245 etc.
1971 2216 2046 2245 Dat.
2066 2215 2221 2254 Neapoli,
2239 2215 2289 2246 IX

1278 2270 1437 2300 kalendas
1454 2269 1580 2308 aprilis,
1596 2278 1683 2299 anno
1699 2269 1816 2308 primo.
1834 2282 1847 2296 »

1348 2462 1435 2491 3⁰9
1858 2460 1975 2495 Names,
1991 2460 2025 2487 ‘24
2043 2467 2120 2486 mars
2138 2458 2216 2487 1255.

1313 2523 1467 2550 Universis
1488 2523 1600 2549 clericis
1617 2523 1712 2549 latinis
1727 2523 1853 2549 civitatis
1874 2522 2010 2549 Dux-achil
2026 2521 2154 2548 notificat
2168 2521 2289 2548 electio-

1278 2582 1343 2601 nem
1359 2573 1469 2601 Nicolai
1485 2574 1628 2600 Andreae.
1648 2573 1732 2607 (Rea.
1750 2573 1799 2607 ⁵24,
1816 2582 1842 2600 0.
1858 2573 1919 2605 263,
1937 2573 1956 2600 f.
1974 2572 2029 2604 34.)

1319 2688 1332 2702 «
1358 2676 1512 2704 Universis
1531 2676 1650 2705 clericis
1667 2676 1776 2704 latinis
1793 2676 1930 2705 civitatis
1947 2674 2108 2704 Duraohii.
2132 2673 2217 2704 Cum
2236 2672 2288 2702 di-

1276 2728 1382 2759 lectus
1406 2728 1497 2758 filius
1512 2729 1672 2766 magister
1686 2728 1845 2759 Nicolaus
1865 2728 1904 2758 de
1927 2727 2058 2759 Sanctis
2075 2730 2134 2757 etc.
2153 2734 2260 2765 usque
2277 2735 2285 2755 ι

1277 2781 1384 2819 ipsius
1405 2780 1536 2811 Nicolai
1561 2780 1679 2811 dilecto
1703 2780 1772 2810 filio
1798 2780 1958 2818 magistro
1979 2778 2116 2810 Nicolao
2136 2778 2284 2813 Andree‚

1277 2833 1436 2863 canonico
1457 2833 1596 2864 ecclesie
1619 2833 1725 2864 sancti
1746 2833 1876 2864 Nicolai
1897 2832 2071 2867 Barensis,
2090 2831 2286 2862 auctoritate
2326 2827 2331 2832 ”

1276 2886 1463 2916 litterarum
1486 2891 1674 2917 nostrarum
1695 2887 1760 2916 sibi
1781 2895 1879 2925 super
1894 2885 1956 2916 hoc
1974 2884 2162 2924 specialiter
2177 2883 2286 2914 direc-
