2441 3330
203 172 256 201 108
925 176 1165 206 REGISTRES
1187 175 1494 209 D'ALEXANDRE
1518 181 1571 210 IV.

197 237 291 263 fessos
308 237 457 268 hactenus,
475 238 635 265 confirmat.
651 238 733 272 (Rau.
753 240 796 275 Ἡ,
813 248 840 268 c.
856 241 933 273 293³,
950 242 969 269 f.
983 242 1044 271 44¹:
1059 242 1205 270 Porrmsr

202 286 307 316 t576¹.›

237 399 249 413 «
271 388 399 416 Eisdem.
417 388 500 418 Cum
517 398 535 418 a
550 389 646 420 nobis
662 408 711 419 -.
729 391 802 421 Dat.
820 396 855 422 ut
872 402 982 431 supra.
1002 406 1014 420 >1

263 565 351 593 355

233 627 387 661 {Albert01,
405 629 625 664 archiepiscopo
643 630 773 663 Rigensi,
795 633 909 658 mandat
927 636 973 663 ut,
993 641 1060 660 cum
1079 633 1146 661 Otto
1166 635 1201 661 de

196 675 364 702 Luneborch
388 681 415 703 et
437 677 596 712 Tydei-icus
620 679 655 705 de
682 679 778 711 Kivel,
805 681 907 708 fratres
933 682 1070 716 tugensis
1096 688 1124 710 et
1150 684 1201 711 tzi-

194 724 318 750 valensis
333 725 504 759 diocesium,
519 735 572 753 nou
589 728 729 754 modicam
747 738 922 763 paganorum
937 731 1148 759 multitudinem
1165 734 1199 759 ad

191 772 364 799 christianae
389 774 455 800 fidei
479 775 609 802 notitiam
635 772 818 808 itsduxerint.
845 779 986 813 praefatos
1013 789 1140 814 paganos
1165 783 1197 808 ad

774 569 890 604 Naplos,
910 570 940 597 19
956 579 1033 597 mars
1050 572 1127 599 ¹255.

190 821 309 848 eandem
331 822 415 848 fidem
437 823 556 857 recipiat
573 825 673 859 eisque
695 827 878 861 postmodum
899 836 1048 862 personam
1067 830 1197 857 idoneam

189 870 298 905 absque
317 871 492 905 praejudicio
508 874 581 907 Juris
596 874 679 900 alieni
696 879 723 901 et
740 877 893 911 praecipue
904 877 1023 904 fratrum
1043 877 1198 914 Hospitalis

190 927 214 946 s.
236 919 341 946 Mariae
361 920 605 949 Tlieutonicorum
623 923 650 949 iu
670 923 786 951 Livouia
802 930 829 951 et
849 924 966 953 Prussia
985 927 1012 953 in
1029 929 1196 964 episcopum

189 968 343 1002 praeti'ciat.
362 969 446 1003 (Reo.
463 970 508 1002 24,
525 979 551 998 c.
569 971 629 1003 ⁶294,
648 973 666 999 f.
684 972 746 1006 ΜΠ
767 973 913 1001 ΡοτΤΗΑςΓ
930 976 1037 1011 15755.)

229 1081 241 1095 ιι
262 1093 294 1105 ..,
312 1071 537 1110 archiepiscopo
554 1074 686 1111 liiyensi.
709 1075 778 1111 Quc
797 1075 927 1105 laudem
947 1078 1127 1109 conditoris
1145 1097 1194 1110 —.

187 1122 260 1151 Dat.
278 1123 428 1162 Neapoli,
447 1125 547 1155 XIIII
564 1126 723 1157 kalendas
740 1128 867 1166 aprilis,
887 1140 972 1160 anno
989 1132 1106 1170 primo.
1129 1145 1141 1159 n

254 1301 342 1329 35ss

220 1362 387 1397 Praeposito
399 1368 426 1390 et
438 1364 563 1398 capitulo
578 1366 718 1393 ecclesiae
735 1375 759 1393 s.
773 1366 876 1395 Crucis
893 1369 1091 1400 Mortariensis
1107 1383 1193 1409 prop-

182 1414 225 1437 ter
237 1411 374 1438 bellorum
387 1412 557 1440 detrimenta
568 1415 702 1441 concedit
718 1416 859 1444 licentiam
876 1421 1051 1455 semetipsos
1067 1424 1191 1450 transse-

182 1459 261 1486 rendi
273 1460 306 1486 ad
318 1465 443 1487 castrum
456 1461 584 1496 ipsorum
601 1463 721 1499 20111011,
738 1464 886 1500 papiensis
897 1467 1032 1501 111οο0515,
1045 1474 1073 1497 et
1085 1471 1190 1500 ibidem

180 1509 366 1535 construendi
384 1511 544 1538 ecclesiam.
563 1512 645 1545 (Rea.
664 1513 707 1544 ⁵24,
725 1522 750 1540 0.
768 1514 829 1548 295,
847 1516 865 1542 f.
883 1517 953 1549 44ν.)

770 1305 886 1340 Naples.
906 1308 937 1334 13
953 1309 1022 1335 avril
1041 1310 1118 1338 1255.

222 1622 234 1636 «
260 1633 292 1645 ,.,
315 1613 465 1649 preposito
486 1619 511 1642 et
535 1615 670 1651 capitulo
692 1617 810 1646 ecclesie
831 1625 933 1648 saneto
952 1622 1058 1651 Crucis
1077 1624 1189 1653 Morta-

178 1664 306 1699 vriensisy
331 1666 451 1695 ordinis
477 1669 577 1696 sancti
603 1669 785 1705 Auyustiui.
812 1672 967 1709 Papiam-is
989 1676 1127 1712 diocesis,
1151 1679 1190 1710 acl

180 1714 347 1746 Romdtiam
370 1719 533 1748 Ecclesiam
557 1722 642 1750 nullo
665 1723 762 1751 medio
783 1726 976 1761 pertinentis.
999 1728 1069 1758 Etsi
1093 1731 1188 1760 nobis

178 1785 226 1796 —.
252 1770 337 1799 Sane
363 1769 445 1799 lecta
472 1780 581 1801 coram
605 1773 700 1803 nobis
725 1780 834 1805 vestra
858 1778 974 1814 petitio
999 1781 1189 1812 continebat

177 1821 274 1859 quod,
294 1831 368 1851 cum
385 1823 525 1854 ecclesia
541 1829 660 1861 vestra,
679 1828 966 1861 crel‘wescentibus
985 1833 1018 1861 in
1037 1835 1188 1872 partibus

177 1873 244 1904 illis
261 1884 455 1912 guerrarum
472 1878 630 1915 periculis
655 1889 712 1917 per
732 1880 870 1912 hostiles
893 1889 1187 1924 compugnantium

176 1927 363 1958 adinvicem
379 1929 667 1961 circumstantium
687 1934 882 1971 populorum
901 1937 1057 1969 incursus
1073 1945 1102 1971 et
1120 1942 1188 1971 col-

174 1980 328 2016 lisiones,
349 1981 512 2012 bellorum
535 1984 654 2015 validis
678 1987 790 2016 attrita
812 1991 978 2026 pressuris
1001 1993 1186 2032 frequentis

176 2033 341 2063 vastitatis
369 2039 399 2063 01
422 2035 616 2074 dejectionis
641 2038 820 2070 incurrerit
841 2042 1054 2079 detrimenta,
1079 2047 1185 2085 ipsius

174 2086 327 2121 0111011115,
348 2087 500 2119 domibus
521 2098 558 2119 ac
582 2091 722 2121 edificiis
739 2093 815 2123 aliis
837 2096 948 2133 sepius
965 2098 1132 2130 demolitis
1148 2111 1185 2131 ac

174 2138 269 2168 bonis
284 2139 432 2177 ejusdem
447 2141 591 2172 violenta
606 2143 839 2182 depredatione
854 2148 1003 2187 direptis.
1020 2156 1185 2191 0111011110-

173 2200 190 2228 q
198 2200 273 2220 uam
288 2192 440 2222 videatur
456 2195 632 2232 expediens
649 2206 720 2226 eam
738 2199 845 2229 adhuc
857 2201 1023 2240 jacentem
1040 2205 1184 2236 dirutam

173 2248 203 2273 01.
220 2250 417 2281 prostratam
434 2247 467 2276 in
485 2247 554 2277 loco
574 2249 620 2278 sic
637 2251 795 2288 periculis
819 2258 849 2283 et
871 2257 1000 2292 guerris
1024 2260 1181 2297 exposito,

172 2297 219 2326 sic
243 2297 342 2327 dubio
365 2303 396 2327 et
418 2305 571 2337 suspecto
590 2303 684 2334 novis
705 2304 845 2335 edificiis
863 2312 893 2337 et
911 2308 1096 2347 dispendiis
1113 2313 1183 2343 ins-

172 2353 314 2385 taurare,
331 2351 500 2381 licentiam
515 2356 737 2386 transferendi
752 2367 808 2388 vos
823 2360 863 2389 ad
877 2366 1020 2392 castrum
1036 2370 1182 2396 vestrum

171 2402 296 2431 Zemeti
320 2404 494 2441 I’apiensis
518 2406 659 2437 diocesis
686 2414 716 2438 et
741 2410 865 2441 ibidem
890 2417 1104 2446 construendi
1130 2427 1182 2448 ec-

171 2454 307 2484 clesiam
333 2460 363 2485 01
390 2456 502 2487 domos
527 2460 645 2489 vestris
667 2462 785 2492 usibus
809 2467 1002 2503 oportunis3
1024 2469 1071 2499 ita
1096 2471 1183 2509 quod

171 2516 227 2536 vos
249 2512 277 2537 et
296 2508 382 2538 «licta
400 2509 539 2540 ecclesia
561 2515 783 2545 construenda
804 2519 959 2549 omnibus
982 2522 1179 2560 privilegiis,

171 2561 445 2598 exemptionibus,
457 2562 668 2595 libertatibus
683 2571 713 2596 01
726 2567 995 2602 immunitatibus
1008 2578 1037 2604 et
1048 2575 1181 2614 juribus

170 2613 291 2649 quibus
317 2622 405 2644 1111110
429 2616 579 2652 gaudetis
604 2627 659 2648 vos
683 2624 714 2648 et
736 2621 882 2658 predicta
905 2625 1043 2656 erclesia
1069 2633 1181 2659 sancte

169 2664 286 2695 Crucis
301 2666 472 2703 gaudeatis
488 2669 703 2707 imposterum
718 2673 832 2705 devote
846 2677 1098 2715 supplicationis
1114 2682 1180 2712 ins-

172 2718 274 2747 tantia
300 2719 505 2756 postulastis
533 2723 600 2752 Nos
629 2723 732 2761 igitur
757 2731 791 2756 ut
816 2728 850 2757 in
881 2732 1061 2770 tranquillo
1088 2735 1179 2772 pacis

168 2769 321 2807 dispositi
340 2776 370 2802 et
389 2773 602 2805 tabernaculo
620 2776 737 2808 fiducie
762 2780 916 2817 stabiliti,
937 2784 1019 2823 Regi
1042 2787 1178 2824 pacifico

168 2821 307 2853 lilwrius
331 2829 361 2854 et
384 2826 530 2864 quietius
554 2828 692 2868 obsequi
714 2832 852 2863 valeatis
875 2839 903 2864 01
931 2836 1015 2867 dicta
1038 2839 1177 2870 ecclesia

1288 253 1351 283 (1110
1373 254 1431 284 per
1453 255 1648 283 guerrarum
1672 248 1867 279 discrimina
1889 252 2046 288 gravibus
2068 258 2115 283 est
2141 253 2299 292 depressa

1283 297 1425 336 jacturis
1452 303 1481 329 ct
1508 299 1749 338 multiplicibus
1775 302 2056 342 collapsa,1·uinis
2082 315 2140 344 per
2163 307 2298 337 fruitio-

1287 359 1363 381 nem
1384 351 1474 389 pacis
1492 353 1613 390 optatis
1629 358 1762 384 auctore
1779 356 1919 385 Domino
1937 358 2087 394 proficiat
2108 358 2298 390 incremen-

1287 403 1345 434 tis.
1363 404 1483 434 vestris
1499 405 1799 444 supplicationibus
1816 408 1984 445 inclinati,
2005 410 2172 441 devotioni
2187 415 2296 443 vestre

1286 457 1481 487 auctoritate
1521 459 1726 496 presentium
1766 460 1936 490 licentiam
1971 462 2150 494 tribuimus
2182 468 2298 502 postu-

1284 509 1402 541 latam,
1432 511 1650 541 concedentes
1681 512 1774 542 vobis
1806 518 1837 543 et
1866 523 1924 552 per
1954 523 2010 544 vos
2039 515 2125 546 dicte
2156 516 2296 547 ecclesie

1284 564 1504 594 construende
1521 573 1557 593 ac
1574 565 1674 594 etiam
1693 569 1876 596 statuentes
1895 570 1930 596 ut
1952 576 2007 597 vos
2026 571 2057 597 et
2074 568 2222 606 predicta
2242 577 2296 599 ec-

1283 616 1385 646 clesia
1405 616 1560 647 omnibus
1580 617 1782 656 privilegiis,
1801 620 2081 663 exemptiopibus‚
2101 621 2297 652 immunita-

1285 669 1388 700 tibus.
1408 669 1620 699 libertatibus
1643 675 1673 701 et
1695 671 1828 710 juribus
1851 681 1914 711 11110
1937 681 1993 702 νο5
2016 677 2048 703 et
2071 673 2159 703 dicta
2181 678 2295 705 sancte

1281 722 1398 753 Crucis
1415 722 1554 753 ecclesia
1571 723 1720 753 obtinere
1737 725 1915 754 noscimini
1932 730 2090 764 perpetuo
2106 726 2301 764 gaudeatis.'

1282 775 1374 805 Nulli
1388 781 1448 806 etc.
1466 780 1581 807 nostre
1589 777 1816 808 concessionis
1833 783 1863 807 et
1879 779 2128 809 constitutionis
2143 783 2204 809 etc.
2217 780 2292 810 Dat.

1281 828 1432 866 Neapoli,
1452 828 1562 858 idibus
1580 829 1706 868 aprilis,
1725 839 1812 860 anno
1828 831 1946 869 primo.
1969 843 1981 857 n

1351 1015 1437 1043 35?
1882 1014 2002 1050 Names,
2019 1016 2034 1043 9
2050 1016 2120 1043 avril
2138 1016 2218 1044 1255.

1317 1077 1420 1104 Abbati
1437 1081 1465 1103 et
1481 1077 1635 1103 couventui
1651 1085 1676 1103 s,
1694 1077 1842 1103 Anastasii
1858 1077 1893 1103 de
1910 1077 2003 1109 Urbe.
2021 1077 2226 1105 cisterciensis
2239 1086 2289 1106 or-

1278 1127 1368 1158 dinis,
1386 1126 1532 1158 concedit,
1551 1130 1581 1152 ut
1597 1125 1623 1152 in
1640 1126 1764 1152 ecclesia
1779 1134 1879 1152 eorum
1896 1135 1920 1153 s.
1936 1126 2015 1153 Justi
2030 1127 2228 1155 Tuscanensis
2243 1128 2288 1156 in-

1277 1176 1458 1202 firmitorium
1482 1176 1586 1201 babere
1602 1176 1729 1209 possint,
1746 1175 1774 1201 in
1791 1183 1849 1209 quo
1865 1176 1996 1203 monachi
2014 1180 2042 1203 et
2057 1178 2191 1204 conversi
2207 1177 2288 1204 infir-

1278 1225 1374 1251 mitate
1398 1225 1506 1259 gravati
1529 1232 1581 1250 esu
1604 1224 1733 1250 carnium
1759 1224 1836 1250 refici
1859 1225 1981 1252 valeant.
2007 1224 2089 1258 (Rau.
2112 1224 2156 1256 24.
2176 1233 2203 1252 0.
2221 1225 2285 1260 296,

1276 1273 1295 1300 f.
1312 1273 1381 1305 441.)

1317 1388 1329 1401 1(
1404 1375 1504 1403 abbati
1521 1379 1546 1403 et
1562 1375 1726 1403 conventui
1738 1375 1838 1404 sancti
1853 1375 2012 1404 Anastasii
2024 1375 2057 1404 de
2076 1375 2158 1411 Urbe,
2177 1376 2284 1406 Cister-

1274 1429 1384 1458 eiensis
1406 1428 1536 1457 ordinis.
1564 1428 1610 1457 Ex
1635 1434 1748 1457 tenore
1769 1431 1877 1457 vestre
1899 1427 2072 1466 petitionis
2096 1428 2284 1466 accepimus

1274 1481 1361 1520 quod
1380 1481 1415 1510 in
1436 1480 1555 1510 Tuscie
1578 1480 1728 1518 partibus
1751 1480 1911 1519 quasdam
1933 1480 2046 1511 domos
2074 1485 2105 1511 et
2125 1480 2284 1511 ecclesias

1273 1534 1446 1569 obtinetis,
1467 1533 1502 1562 in
1522 1533 1644 1572 quibus
1661 1532 1773 1571 plures
1795 1532 1895 1563 vestri
1911 1533 2066 1563 monachi
2086 1537 2117 1563 et
2132 1533 2285 1564 conversi

1273 1587 1489 1618 residentiam
1500 1587 1628 1616 faciunt
1639 1586 1858 1625 personalem,
1872 1586 1941 1625 qui,
1957 1587 1986 1616 si
1998 1586 2176 1625 aliquando
2188 1586 2284 1616 infir-

1272 1645 1406 1670 mantur
1436 1640 1477 1670 ad
1503 1639 1650 1678 aliquam
1677 1639 1844 1669 abbatiam
1866 1639 1969 1669 vestri
1997 1639 2125 1670 ordinis
2151 1643 2284 1678 propter

1272 1694 1418 1723 locorum
1432 1693 1623 1723 distantiam
1641 1692 1775 1723 comode
1791 1692 1945 1722 accedere
1962 1697 2148 1731 nequeunt,
2167 1701 2284 1723 neces-

1273 1747 1395 1777 sariam
1411 1746 1627 1775 refectioncm
1643 1745 1795 1774 carnium
1813 1744 1972 1780 habituri,
1989 1750 2086 1784 prout
2102 1745 2137 1775 in
2153 1754 2282 1776 monas-

1272 1799 1391 1829 terium
1414 1799 1561 1837 ejusdem
1584 1798 1710 1828 ordinis
1729 1797 1932 1827 infirmarias
1950 1798 2152 1829 habentibus
2167 1799 2282 1829 obser-

1272 1856 1377 1882 vatur.
1402 1851 1487 1888 Quia
1509 1860 1586 1881 vero
1609 1850 1688 1880 111011
1708 1850 1862 1880 monachi
1886 1855 1916 1880 ct
1944 1851 2096 1881 conversi
2121 1860 2187 1881 non
2207 1851 2280 1881 sine

1270 1910 1378 1936 vestro
1402 1909 1432 1935 01
1453 1904 1675 1942 predictarum
1691 1903 1906 1933 ecclesiarum
1924 1913 1960 1933 ac
1979 1904 2151 1934 domorum
2167 1904 2281 1934 multi-

1269 1958 1348 1997 plici
1376 1957 1574 1988 detrimento
1602 1965 1735 1994 gravem
1763 1965 1822 1994 pro
1850 1956 1907 1986 tali
1937 1956 2068 1987 defectu
2097 1961 2281 1988 noscuntur

1268 2012 1440 2041 incurrere
1466 2009 1644 2045 lesionem,
1673 2018 1732 2039 nos
1759 2018 1858 2047 super
1884 2008 1945 2038 hoc
1973 2009 2011 2039 de
2041 2009 2280 2048 circumspecta

1269 2064 1364 2094 Sedis
1381 2062 1559 2102 apostolice
1574 2062 1697 2101 pietate
1713 2061 1892 2092 salubriter
1903 2062 2125 2100 providentes,
2146 2071 2279 2102 presen-

1268 2117 1351 2146 tium
1366 2116 1459 2146 vobis
1472 2115 1666 2146 auctoritate
1678 2115 1900 2150 concedimus,
1917 2115 1997 2144 utin
2014 2115 2154 2146 ecclesia
2168 2121 2279 2146 vestra

1267 2170 1375 2200 sancti
1387 2169 1476 2201 ζ111511
1492 2168 1715 2198 Tuscanensis
1731 2168 1982 2197 infirmitorium
1995 2168 2117 2198 habere
2127 2169 2275 2207 possitis,

1266 2223 1302 2252 in
1325 2232 1389 2262 quo
1412 2221 1552 2260 predicti
1573 2221 1728 2251 monachi
1751 2225 1781 2250 et
1798 2221 1966 2255 conversi,
1985 2221 2116 2260 quando
2137 2221 2277 2252 infirmi-

1266 2280 1332 2306 tate
1349 2278 1539 2313 gravantur,
1560 2283 1618 2303 esu
1639 2273 1791 2303 carnium
1807 2273 1901 2312 juxta
1922 2273 2010 2303 beati
2031 2274 2205 2304 Benedicti
2223 2283 2277 2305 re-

1267 2329 1378 2367 gulam
1391 2332 1422 2358 et
1438 2327 1592 2357 instituta
1605 2326 1771 2364 generalis
1788 2326 1924 2364 capituli
1936 2326 2171 2357 Cisterciensis
2183 2326 2276 2357 refici

1265 2381 1414 2416 valeant,
1439 2384 1534 2419 prout
1557 2379 1618 2409 tibi
1638 2379 1686 2408 fili
1707 2379 1808 2409 abbas
1830 2379 1996 2409 videbitur
2014 2379 2177 2417 expedire.
2201 2379 2276 2410 Non

1265 2435 1416 2465 obstante
1433 2433 1521 2472 quod
1537 2433 1576 2462 ab
1593 2432 1707 2462 eodem
1723 2431 1867 2470 capitulo
1885 2431 2007 2461 dicitur
2025 2440 2098 2462 esse
2115 2435 2277 2462 statutum

1264 2492 1300 2517 ut
1314 2486 1398 2516 nulli
1412 2494 1550 2524 persone
1564 2484 1781 2516 Cisterciensi
1798 2484 1955 2514 carnibus
1968 2484 2057 2514 vesci
2072 2483 2170 2514 liceat
2185 2487 2276 2515 extra

1265 2539 1371 2578 ipsius
1387 2538 1514 2568 ordinis
1534 2537 1695 2567 abbatias.
1717 2536 1811 2566 Nulli
1833 2540 1894 2566 etc.
1919 2540 2030 2566 nostre
2049 2535 2275 2567 concessionis

1264 2596 1325 2622 010.
1343 2593 1417 2622 Dat.
1437 2591 1587 2629 Neapoli,
1607 2592 1635 2621 V
1650 2590 1726 2620 idus
1743 2589 1869 2628 aprilis,
1887 2598 1974 2620 anno
1989 2589 2108 2627 primo.
2127 2600 2142 2616 »

1333 2784 1420 2812 358
1858 2782 1976 2817 Naples.
1994 2781 2010 2807 8
2026 2789 2103 2808 mars
2120 2780 2198 2808 1255.

1299 2846 1429 2873 Ministro
1448 2846 1562 2873 fratrum
1581 2845 1724 2872 Minorum
1744 2845 1912 2872 Alamannia
1934 2853 1967 2871 ac
1985 2843 2188 2870 diffinitoribus
2203 2850 2282 2878 pro-
