2441 3330
950 249 1174 286 PREMIERE
1196 249 1354 287 ANNEE.
2157 262 2193 290 65

102 325 303 357 Bachomnsis
318 329 343 353 et
364 324 516 352 lt'ellensis
531 324 708 352 diocesium.
722 323 772 352 Ad
786 323 972 352 faciendam
985 321 1046 351 tibi
1059 339 1108 350 —.

102 379 178 410 Dat.
193 376 344 415 Neapoli,
360 377 407 406 VI
423 384 527 405 nonas
540 375 669 410 marcii,
687 384 774 405 anno
789 376 907 413 primo.
927 388 939 401 »

176 541 263 569 241

141 602 246 630 Abbati
263 607 291 628 et
306 601 460 628 conventui
481 601 600 635 Majoris
622 601 788 627 monasterii
803 600 997 631 Turonensis,
1017 604 1045 626 ut
1062 600 1112 625 de-

105 651 197 679 cimas
222 650 273 676 LX
297 658 436 676 annorum
463 650 646 684 perceptione
669 649 784 682 pacifica
812 649 1002 682 praescriptas
1024 648 1111 673 libere

686 538 801 573 Names,
824 538 853 564 10
870 547 944 564 mars
964 539 1040 564 ¹255.

65 729 71 735 ι
106 698 254 734 percipere
271 698 391 729 valeant,
408 697 547 731 indulget.
564 696 648 729 (Ην-ο,
663 696 708 728 24,
725 705 751 723 c.
767 696 829 724 201.
845 697 863 722 f.
882 696 937 728 ²27.)

148 811 162 826 α
180 821 215 833 ..,
232 799 333 827 abbati
352 804 378 827 'et
396 799 560 827 conventui
575 799 699 835 Majoris
719 798 899 826 monasterii
917 797 1110 831 Turonensis,

103 852 145 882 ad
168 853 337 880 Romanam
354 852 519 880 Ecclesiam
543 851 630 880 nullo
652 851 749 879 medio
768 851 967 888 pertinentis⁷
994 849 1114 878 ordinis

103 905 206 934 saneti
221 904 382 933 Benedicti.
403 903 573 933 Habentes
592 907 623 932 et
639 903 680 933 ad
694 912 752 932 vos
770 907 801 932 et
817 907 964 932 vestrum
980 911 1113 931 monas-

103 957 226 987 terium
243 956 396 994 specialis
410 956 558 986 caritatis
573 956 737 988 affectum,
754 964 818 985 non
835 955 941 985 solum
955 956 1030 994 jura
1044 964 1113 984 ves-

103 1013 156 1040 tra
173 1009 269 1039 illesa
290 1018 422 1039 servare
441 1009 662 1044 intendimus,
686 1008 744 1038 sed
765 1013 927 1047 quantum
949 1017 1023 1037 cum
1045 1008 1113 1037 Deo

103 1071 282 1102 possumus
298 1062 473 1099 adaugere.
488 1061 575 1091 Hinc
591 1065 639 1091 est
656 1061 744 1100 quod
759 1061 879 1090 vestris
894 1060 1049 1098 precibus
1065 1060 1113 1089 in-

104 1114 232 1150 clinati,
252 1118 288 1144 ut
304 1114 448 1144 decimas
463 1114 499 1143 in
515 1115 634 1144 vestris
659 1118 690 1144 et
711 1114 831 1144 alienis
853 1113 1038 1151 parrochiis
1057 1122 1114 1142 cu-

100 1168 210 1208 jusvis
236 1167 392 1202 diocesis,
422 1168 457 1197 in
482 1167 604 1206 quibus
631 1176 686 1198 eas
711 1176 769 1205 per
792 1168 851 1197 LX
876 1175 980 1196 annos
1002 1175 1060 1196 vos
1083 1169 1113 1195 et

103 1219 254 1250 membra
268 1224 378 1249 vestra
394 1219 606 1257 percipiendo
628 1219 764 1258 pacifice
782 1228 818 1248 ac
836 1218 947 1257 quiete
966 1218 1113 1256 legitime

103 1272 348 1312 prescripsistis
366 1272 451 1302 sicut
466 1271 628 1302 hactenus
650 1272 697 1302 sic
719 1272 875 1310 deinceps
892 1271 964 1301 sine
983 1275 1114 1300 contra-

105 1325 250 1356 dictione
273 1325 458 1364 cujuspiam
478 1324 568 1354 licite
591 1333 628 1354 ac
647 1324 751 1354 libere
772 1324 940 1362 percipere
961 1322 1112 1357 valeatis,

105 1378 302 1409 auctoritate
328 1377 422 1407 vohis
448 1377 654 1416 presentium
678 1377 902 1415 indulgemus.
930 1376 1023 1406 Nulli
1050 1380 1110 1405 etc.

106 1435 220 1461 nostre
239 1430 464 1460 concessionis
485 1434 546 1459 etc.
566 1431 640 1460 Dat.
657 1430 814 1468 Neapoli,
835 1431 881 1460 VI
897 1430 972 1459 idus
988 1429 1111 1464 martii,

105 1492 194 1514 anno
208 1483 326 1521 primo.
346 1495 359 1509 n
879 1489 882 1491 ’

177 1648 267 1676 242

140 1710 176 1738 G.
193 1719 218 1737 s.
235 1709 384 1736 Eustachii
399 1714 427 1736 et
440 1710 474 1738 O.
490 1718 515 1737 S.
532 1710 653 1736 Adriani
669 1710 797 1737 diaconis
815 1711 1019 1744 cardinalibus,
1037 1719 1115 1736 man-

104 1759 153 1786 dat
170 1762 200 1785 ut
216 1763 402 1793 personatum
420 1759 462 1784 vel
484 1759 652 1793 dignitatem
670 1759 698 1785 in
718 1760 839 1785 ecclesia
856 1760 1003 1786 Auitiensi
1025 1759 1114 1786 dona-

687 1647 803 1682 Naples,
823 1648 851 1674 tt
871 1656 947 1674 mars
965 1647 1041 1674 1255.

107 1809 175 1835 tioni
199 1807 374 1843 apostolicae
398 1812 589 1839 reservatum,
615 1808 759 1842 quamcito
784 1809 943 1842 vacaverit,
964 1808 1125 1842 assignent,

106 1857 245 1891 magistro
267 1856 392 1882 Johauni
412 1856 447 1882 de
470 1856 640 1890 Camezana,
664 1858 809 1891 capellano
832 1866 932 1892 papae.
957 1857 1040 1890 (Rea.
1064 1857 1113 1891 24,

106 1913 134 1933 c.
150 1906 213 1940 ⁶:02,
229 1905 248 1931 s.
266 1905 321 1939 ‘27-)

147 2019 160 2033 α
181 2007 225 2042 G„
240 2007 341 2036 sancti
353 2007 514 2036 Eustachii
529 2012 555 2036 et
572 2007 617 2042 0.,
632 2009 732 2037 sancti
747 2008 882 2036 Adriani
895 2008 1033 2037 diaconis
1049 2002 1116 2036 car?

104 2060 273 2090 climatibus.
293 2059 407 2097 Nuper
423 2064 637 2098 personatum
657 2060 710 2090 vel
732 2061 944 2099 dignitatem,
963 2061 991 2089 si
1007 2060 1042 2089 in
1061 2069 1114 2089 ec-

103 2112 207 2143 clesia
221 2112 395 2142 Aniciensi
412 2117 489 2142 tunc
504 2113 641 2143 vacabat
661 2113 711 2144 vel
735 2114 982 2152 quamprimum
997 2122 1114 2143 vacare

103 2165 321 2202 contingeret,
339 2165 511 2195 donationi
527 2165 704 2203 apostolice
724 2167 819 2197 Sedis
836 2167 990 2195 duximus
1006 2174 1114 2195 reser-

103 2218 265 2253 vandum,
283 2226 341 2256 per
357 2227 413 2247 vos
430 2218 482 2248 vel
498 2218 602 2248 alium
618 2223 673 2248 aut
690 2219 772 2249 alios
789 2219 910 2258 quibus
927 2219 959 2247 id
978 2218 1114 2248 commi-

103 2271 247 2301 serimus
268 2279 408 2309 persone
424 2271 541 2301 idonee
560 2272 814 2308 conserendum3
839 2272 955 2302 dautes
972 2271 1114 2300 nichilo-

101 2324 215 2354 minus
243 2324 361 2354 dilecto
386 2324 454 2355 filio
477 2347 509 2360 ..,
535 2325 648 2361 electo,
680 2348 712 2361 ..,
742 2325 881 2360 decano,
916 2329 947 2354 et
971 2324 1114 2362 capitulo

104 2376 244 2408 ecclesie
260 2371 448 2416 supradicte
464 2378 586 2407 nostris
604 2377 726 2408 litteris
744 2378 778 2407 in
801 2378 966 2407 mandatis
990 2381 1025 2406 ut
1040 2386 1115 2415 per-

104 2433 223 2460 sonatu
250 2429 302 2459 vel
324 2429 484 2467 dignitate
507 2429 699 2469 hujusmodi
721 2430 847 2469 aliquid
871 2430 1045 2468 disponere
1064 2428 1116 2458 vel

102 2481 257 2512 ordinare
283 2486 336 2511 aut
365 2490 440 2511 eum
463 2483 613 2513 conferre
634 2483 734 2513 alicui
758 2492 822 2513 non
848 2487 1053 2521 attemptent,
1079 2491 1115 2511 ac

103 2533 319 2565 decernentes
336 2535 467 2565 irritum
488 2540 519 2565 et
540 2536 640 2566 inane
657 2536 686 2566 si
709 2536 787 2574 quid
808 2536 846 2566 de
870 2539 1048 2574 personatu
1065 2535 1116 2564 vel

103 2587 265 2626 dignitate
281 2588 438 2626 predictis
455 2593 568 2619 contra
583 2589 843 2619 reservationem
855 2588 1044 2628 hujusmodi
1057 2597 1116 2626 per

103 2639 194 2678 ipsos
205 2640 256 2670 vel
270 2640 372 2670 alium
384 2650 626 2680 quemcumque
637 2642 813 2679 contigerit
825 2641 1025 2679 attemptari.
1040 2641 1114 2670 Non

101 2692 254 2723 obstante
282 2693 311 2723 si
336 2693 439 2732 aliqui
467 2703 566 2732 super
592 2694 781 2732 provisione
809 2695 873 2723 sibi
900 2694 1051 2723 facienda
1079 2693 1115 2722 in

105 2746 192 2776 dicta
215 2747 354 2777 ecclesia
377 2747 416 2776 al]
437 2747 617 2785 apostolica
639 2748 722 2778 Sede
744 2748 872 2778 litteras
895 2748 1115 2785 impetrarunt

104 2799 293 2839 quibusque
316 2801 356 2829 ad
377 2801 620 2830 assecutionem
643 2800 784 2831 aliorum
809 2805 1045 2839 personatuum
1063 2799 1116 2829 vel

104 2852 305 2890 dignitatum
321 2853 449 2883 nullum
468 2862 526 2891 per
541 2853 602 2883 hoc
614 2853 766 2883 volumus
778 2853 999 2892 prejudicium
1016 2861 1116 2890 gene-

102 2905 184 2934 rari.
201 2905 358 2936 Volentes
375 2905 477 2943 igitur
493 2905 612 2935 dilecto
628 2905 714 2941 filio,
736 2906 896 2943 magistro
911 2905 1059 2935 Johanni
1077 2905 1116 2934 de

226 2971 450 2995 ALEXANDRE
469 2971 519 3002 IV,
538 2974 557 2995 t.
577 2971 596 2994 1.

1191 322 1389 358 Camezana,
1407 323 1575 362 capellano
1592 329 1702 354 nostro
1719 334 1755 354 ac
1774 329 1960 355 nostrarum
1979 326 2192 356 contradicta-

1192 383 1264 403 rum
1281 375 1434 410 auditori,
1453 376 1490 405 de
1507 377 1667 413 dignitate
1683 386 1719 406 ac
1733 382 1909 415 personatu
1924 378 2112 417 hujusmodi
2124 389 2194 417 pro-

1192 427 1309 461 videri,
1324 428 1519 458 mandamus
1536 430 1693 467 quatinus
1710 430 1739 459 ei
1758 430 1951 467 dignitatem
1967 431 2018 461 vel
2037 441 2194 469 persona-

1193 482 1263 507 tum
1275 479 1393 516 ipsum,
1408 480 1436 509 si
1448 485 1539 509 vacat
1552 481 1674 510 ibidem
1687 481 1725 510 ad
1734 491 1868 519 presens
1878 482 1928 511 vel
1938 484 2191 521 quamprimum

1194 530 1278 559 adid
1295 540 1328 560 se
1345 532 1429 561 facta
1442 532 1640 562 ohedientia.
1656 543 1712 571 per
1728 543 1784 563 vos
1798 534 1848 563 vel
1867 534 1967 563 alium
1982 544 2039 565 seu
2057 536 2137 565 alios
2152 536 2195 565 ei-

1194 580 1267 609 dem
1284 581 1425 611 auditori
1443 592 1501 611 seu
1517 583 1574 611 alii
1589 583 1658 621 ejus
1674 584 1804 613 nomine
1822 585 1969 614 conferre
1982 590 2012 615 et
2026 586 2195 623 assignare

1194 633 1328 667 curetis,
1345 633 1539 663 inducentes
1558 644 1631 663 euru
1648 635 1681 663 in
1698 635 1789 665 illius
1805 637 2004 673 corporalem
2018 639 2196 674 possessio-

1195 693 1270 714 nem
1300 694 1336 714 ac
1360 685 1575 715 defendentes
1602 687 1784 716 inductum.
1817 688 2092 718 Contradictores.
2124 691 2195 719 Non

1195 736 1345 767 obstante
1361 738 1447 776 quod
1459 738 1545 767 idem
1563 739 1691 768 auditor
1708 748 1771 768 non
1791 743 1840 769 est
1857 740 1891 768 in
1908 741 2010 770 sacris
2026 742 2197 772 ordinibus

1196 790 1395 820 constitutus
1408 795 1463 820 aut
1475 791 1560 829 quod
1575 792 1639 821 alia
1650 792 1811 821 beneficia
1824 792 1959 825 obtinet,
1974 794 2072 823 etiam
2085 804 2197 823 ruram

1195 843 1351 872 habentia
1371 843 1567 879 animarum,
1591 853 1647 873 seu
1667 845 1694 873 si
1711 845 1866 882 predictis
1883 845 2002 881 electo,
2023 847 2143 876 decano
2167 852 2197 877 et

1196 895 1338 933 capitulo
1356 896 1407 925 vel
1426 906 1538 925 eorum
1561 897 1729 935 aliquibus
1751 907 1767 926 a
1789 898 1870 927 Sede
1889 898 2065 935 apostoliea
2083 900 2120 928 sil
2146 900 2198 928 in—

1196 948 1324 977 dultum
1346 949 1433 987 quod
1457 949 1495 978 de
1523 949 1740 985 dignitatibus
1764 950 1815 979 vel
1838 951 2067 987 personatibus
2093 952 2197 988 ipsius

1195 1001 1333 1031 ecclesie
1350 1010 1406 1039 per
1423 1001 1551 1030 litteras
1574 1001 1768 1039 apostolicas
1790 1011 1852 1040 que
1875 1003 1913 1032 de
1934 1003 2060 1032 indulto
2083 1004 2198 1042 liujus-

1195 1054 1282 1083 modi
1298 1053 1429 1092 plenam
1446 1058 1477 1083 et
1493 1064 1678 1092 expressam
1697 1064 1732 1084 ac
1749 1055 1787 1083 de
1800 1055 1899 1084 verbo
1911 1055 1951 1084 ad
1964 1056 2098 1085 verbum
2110 1065 2196 1085 men-

1195 1107 1320 1136 tionem
1334 1116 1399 1136 non
1412 1107 1549 1137 fecerint
1563 1107 1646 1136 nulli
1658 1107 1761 1137 valeat
1775 1108 1950 1145 provideri.
1965 1118 2021 1138 seu
2036 1109 2121 1146 quod
2136 1110 2198 1147 ipsi

1196 1159 1490 1194 excommunicari,
1515 1159 1669 1189 inm-dici
1695 1164 1858 1198 nequeant
1881 1160 1931 1189 vel
1952 1161 2125 1198 suspendi.
2144 1166 2199 1190 aut

1196 1211 1431 1241 constitutione
1446 1212 1483 1241 de
1501 1212 1628 1241 dualius
1645 1212 1742 1241 dietis
1759 1213 1862 1242 edicta
1886 1213 1919 1241 in
1945 1213 2083 1243 coneilio
2100 1223 2197 1251 gene-

1195 1264 1266 1293 rali.
1288 1264 1380 1300 Quod
1399 1265 1426 1293 si
1443 1274 1507 1293 non
1525 1265 1620 1294 amlio
1636 1269 1696 1295 ele.
1716 1266 1787 1295 Dat.
1805 1265 1957 1303 Neapoli‚
1978 1267 2005 1295 Y
2021 1266 2094 1295 idus
2112 1276 2198 1295 niar-

1194 1317 1244 1352 tii,
1263 1326 1349 1347 anno
1364 1317 1481 1355 primo.
1503 1329 1516 1343 »

1267 1483 1354 1510 243

1231 1543 1362 1578 Capitulo
1384 1542 1527 1569 Anitiensi
1553 1543 1680 1573 mandat,
1703 1551 1734 1569 st·
1758 1548 1941 1577 personatum
1966 1544 2006 1568 vel
2030 1543 2195 1575 dignitatem

1792 1481 1907 1516 Names,
1925 1482 1938 1507 ἰ’
1957 1490 2031 1508 mars
2051 1482 2125 1508 1:⁷55.

1196 1593 1339 1626 quamcito
1361 1592 1389 1618 111
1410 1592 1531 1618 ecclesia
1554 1594 1618 1625 ejus
1639 1593 1780 1617 vacaverit
1803 1591 1948 1617 donationi
1966 1592 2136 1625 apostolicae
2155 1600 2197 1617 re-

1197 1649 1321 1667 servare.
1340 1640 1422 1673 (Rho.
1439 1641 1488 1674 24,
1506 1649 1531 1667 c.
1548 1641 1622 1672 202²,
1640 1641 1658 1667 f.
1676 1641 1730 1671 25.)

1239 1755 1251 1769 tt
1269 1765 1303 1777 ..,
1317 1743 1413 1777 electo,
1433 1765 1465 1776 ..,
1479 1742 1600 1773 decano,
1618 1747 1643 1770 et
1658 1742 1791 1779 capitulo
1806 1742 1974 1770 Aniciensi.
1991 1741 2074 1770 Cum
2088 1744 2196 1769 nostre

1195 1794 1393 1824 intentionis
1410 1794 1525 1823 existat
1543 1794 1713 1832 providere
1731 1797 1796 1822 tam
1814 1792 1963 1822 ecclesiis
1979 1801 2076 1830 quam
2093 1802 2198 1830 perso-

1197 1848 1261 1883 nis,
1280 1856 1345 1877 non
1362 1847 1488 1877 debetis
1509 1847 1595 1877 serre
1617 1847 1751 1876 moleste
1773 1846 1801 1875 si
1819 1846 1856 1875 de
1874 1846 2043 1875 beneficiis
2062 1845 2197 1875 ecclesie

1196 1905 1303 1930 vestre
1332 1900 1522 1929 duxerimus
1546 1899 1785 1937 providendum
1808 1898 1958 1936 personis
1984 1898 2111 1927 idoneis
2136 1907 2198 1935 qne

1195 1953 1288 1983 vobis
1305 1956 1335 1982 et
1352 1953 1457 1982 eidem
1475 1952 1612 1981 ecclesie
1626 1952 1752 1990 possint
1765 1952 1903 1981 existere
1915 1952 2092 1980 fructuos·2=.
2107 1951 2197 1979 Hanc

1196 2008 1308 2045 itaque
1327 2006 1625 2036 considerationem
1643 2005 1818 2039 hahentes,
1838 2008 2048 2042 personatum
2065 2003 2113 2032 vel
2128 2003 2198 2037 ‹lif-v-

1197 2060 1346 2095 nitatem⁷
1365 2059 1393 2088 si
1409 2059 1444 2088 in
1461 2058 1598 2088 ecclesia
1616 2059 1687 2096 ipsa
1704 2062 1795 2087 vat-at
1812 2057 1850 2086 ad
1868 2065 2002 2094 presens
2020 2056 2067 2085 vel
2083 2065 2197 2093 qnam-

1195 2113 1339 2151 primum
1356 2120 1471 2141 vacare
1496 2111 1685 2148 contigerit,
1710 2109 1879 2139 donationi
1900 2108 2075 2146 apostolice
2094 2117 2199 2136 reser-

1197 2175 1312 2196 vamus
1326 2174 1383 2204 per
1395 2174 1453 2195 nos
1466 2164 1516 2194 vel
1526 2164 1627 2193 alium
1638 2172 1695 2193 seu
1707 2163 1789 2193 alios
1803 2163 1922 2201 quilius
1936 2161 2197 2191 commiserimus

1196 2228 1335 2257 persone
1358 2218 1473 2248 idonee
1499 2217 1755 2251 conserendum3
1779 2215 1989 2245 universitati
2010 2219 2116 2243 vesti-⁴·
2143 2223 2198 2250 per

1197 2272 1373 2311 apostolica
1389 2271 1509 2309 scripta
1526 2271 1717 2299 mandantes
1735 2269 1890 2307 quatinus
1907 2268 1944 2296 de
1959 2271 2131 2305 personatu
2148 2266 2197 2295 vel

1197 2326 1357 2363 dignitate
1374 2323 1563 2363 hujusmodi
1578 2323 1701 2361 aliquid
1721 2322 1892 2359 disponere
1906 2320 1954 2349 vel
1975 2319 2125 2349 ordinari¹
2143 2322 2195 2346 aut

1198 2386 1272 2407 eum
1289 2376 1437 2406 conferre
1454 2375 1553 2404 alicui
1570 2375 1705 2403 minim(¹
1723 2372 1932 2411 attemptetis.
1950 2373 2018 2401 Nos
2035 2370 2120 2399 enim
2142 2370 2197 2397 ‹le-

1198 2430 1365 2460 cernimus
1381 2429 1512 2457 irritum
1530 2446 1567 2449 -—
1582 2427 1780 2465 attemptari.
1798 2427 1870 2456 Non
1888 2425 2036 2453 obstante
2056 2423 2083 2452 si
2100 2432 2197 2460 super

1197 2482 1384 2521 provisione
1399 2481 1463 2511 sihi
1479 2480 1628 2510 facienda
1645 2498 1682 2500 fi
1699 2478 1866 2515 generari,
1884 2478 1934 2506 vel
1956 2477 1983 2505 si
2002 2476 2091 2505 voltis
2111 2484 2198 2504 rom-

1198 2536 1342 2565 munitet·
1361 2535 1412 2564 vel
1435 2534 1568 2563 divisim
1594 2533 1633 2563 ab
1654 2533 1765 2563 (stul-¹111
1789 2531 1871 2561 Sede
1895 2530 2057 2559 indultum
2081 2529 2194 2557 existat

1197 2589 1283 2628 quod
1296 2589 1334 2618 de
1351 2587 1569 2625 dignitatibus
1586 2604 1623 2607 -—
1637 2585 1813 2623 provideri.
1839 2585 1908 2613 Dat.
1928 2582 2081 2620 Neapoli.
2103 2580 2196 2609 imnis

1196 2641 1319 2675 martii,
1337 2649 1423 2669 anno
1435 2639 1553 2677 primo.
1570 2651 1582 2664 >⁷

1769 2793 1883 2827 anles,
1900 2792 1914 2818 ἱ)
1932 2792 2032 2817 sex-rior
2051 2791 2122 2815 11).ἦῆΔ

1232 2860 1387 2886 Confirmat
1398 2859 1566 2885 donationes
1578 2862 1605 2883 ct
1620 2860 1725 2883 statuta
1738 2857 1772 2881 al)
1788 2855 1938 2881 abbatibus
1952 2852 2089 2878 secularis
2104 2850 2195 2875 eccle-

1197 2909 1256 2935 siae
1273 2908 1306 2934 de
1323 2907 1426 2933 Can-eis
1441 2906 1561 2939 Rubeis,
1576 2904 1734 2939 Burgensis
1747 2904 1881 2935 ὤθει-515,
1893 2902 1998 2927 scilicet
2015 2909 2029 2924 11
2045 2899 2195 2924 ‹milit-imo

2061 2960 2074 2983 9
