2498 3325
201 248 255 278 198

200 325 212 339 >i

201 378 213 391 7>

200 430 212 444 ))

200 482 213 496 ))

201 535 212 547 >l

201 586 213 600 t)

201 640 213 654 1)

200 691 213 706 )“)

200 744 213 759 n

201 797 214 812 ))

201 849 214 864 1)

201 902 215 917 ))

202 954 215 969 ))

202 1059 215 1074 7)

202 1111 216 1126 ))

203 1164 216 1179 ))

203 1216 216 1231 1)

202 1269 215 1284 ))

202 1322 215 1336 J)

202 1374 215 1389 ³)

202 1427 215 1442 ))

202 1480 216 1495 D

203 1533 216 1548 ))

203 1587 216 1602 ))

204 1639 219 1655 »

203 1692 216 1707 ))

204 1746 217 1760 ὶ)

204 1798 217 1813 1)

204 1850 216 1865 ))

204 1903 216 1917 ))

203 1956 216 1970 ))

203 2008 216 2023 D

203 2061 216 2076 D

204 2114 216 2128 ))

203 2167 216 2181 ὶ)

203 2273 215 2287 ))

203 2326 216 2340 ))

203 2378 216 2392 ))

204 2431 217 2445 ))

203 2482 217 2497 ))

204 2536 217 2549 ))

204 2588 217 2602 ))

203 2640 217 2655 )>

205 2691 218 2705 1)

204 2744 217 2758 ))

204 2796 217 2810 )>

204 2849 217 2863 ))

202 2902 219 2917 2)

238 321 298 343 nos
314 322 380 342 una
393 322 467 343 cum
484 314 749 352 interrogatoriis
765 314 868 353 partis
889 314 1025 344 adverse
1046 313 1107 343 sub
1128 321 1205 343 nos-

238 369 287 395 tro
311 365 421 403 sigillo
443 366 583 396 fecimus
606 367 786 405 assignari,
807 367 954 405 recipere
974 376 1010 396 ac
1028 365 1206 403 diligenter

239 418 426 448 examinare
441 424 606 455 curarent,
622 420 824 458 assignaturi
837 420 885 450 eis
898 420 987 449 insi-a
998 422 1123 458 septem
1135 418 1205 449 dies

238 473 410 508 postquam
429 471 581 509 Lugduni
599 472 828 510 pervenirent,
847 472 876 502 si
892 472 1014 502 vellent
1029 471 1205 510 reprobare

238 526 338 552 testes
351 522 391 552 ab
403 523 506 553 altera
519 528 610 562 parte
622 524 807 562 productos,
826 524 973 562 spacium
990 528 1062 554 octo
1077 523 1205 553 dierum

239 575 278 604 ad
295 575 503 613 exceptiones
520 576 554 605 in
573 586 732 615 personas
752 577 886 607 testium
902 575 1150 614 proponendas,
1175 580 1206 606 et

239 632 316 658 tunc
330 628 461 658 demum
476 629 564 658 infra
574 630 721 668 spacium
736 630 877 659 aliorum
889 630 1029 659 duorum
1040 629 1205 659 mensium

238 689 320 718 quos
340 681 499 711 terminos
524 682 572 712 eis
594 682 812 720 peremptorie
831 682 996 719 assignari
1017 681 1204 716 mandabat,

239 737 339 762 testes
362 742 443 772 quos
467 743 565 772 super
586 735 776 773 hujusmodi
799 735 1029 773 reprobatione
1048 734 1207 773 produce-

238 790 323 820 rent,
336 786 521 824 reciperent
533 791 563 816 et
577 788 816 823 examinarent,
833 787 1014 817 secundum
1026 787 1206 825 interroga-

240 838 323 868 toria
350 848 413 877 que
439 848 514 877 pars
538 839 676 870 adversa
702 840 794 870 daret
816 840 952 870 eisdem.
982 840 1020 869 Et
1046 839 1075 869 si
1097 843 1207 878 partes

240 890 362 921 vellent
387 891 567 929 positiones
596 892 725 931 aliquas
751 893 877 928 facere,
908 892 989 931 ipsis
1017 892 1056 922 ab
1082 891 1206 922 eisdem

239 943 388 982 partibus
408 944 554 974 facerent
569 945 759 984 responderi
774 955 832 984 per
847 946 1036 985 juramenta
1047 945 1206 984 ipsarum.

242 1006 254 1021 >³
272 996 395 1026 Prefati
406 998 743 1032 veroexaminatores,
758 998 909 1036 Lugduni
922 998 1124 1034 accedentes,
1138 1007 1208 1036 prc-

240 1048 344 1078 dictos
367 1049 526 1079 terminos
545 1050 758 1088 assignarunt
778 1051 871 1090 juxta
888 1051 1041 1080 traditam
1057 1050 1123 1080 sibi
1141 1051 1208 1081 sor-

240 1109 338 1130 mam.
358 1102 420 1131 Sed
436 1111 511 1140 pars
528 1103 644 1132 decani
665 1107 696 1133 et
718 1104 878 1139 cantoris,
902 1103 979 1134 licet
1004 1104 1084 1133 duos
1109 1108 1208 1134 testes

241 1161 339 1191 super
354 1154 530 1193 principali
550 1156 739 1194 produxerit
750 1160 781 1187 et
794 1157 1001 1195 exceptiones
1016 1159 1208 1186 0011113105-

242 1209 289 1235 tes
307 1206 442 1237 adverse
461 1208 565 1245 partis
583 1208 755 1243 obtulerit,
775 1209 883 1238 nullos
901 1213 1009 1239 tamen
1028 1213 1129 1239 testes
1152 1217 1209 1238 cu-

240 1258 326 1287 ravit
350 1259 507 1290 inducere
535 1260 574 1289 ad
599 1261 826 1300 probationem
851 1262 999 1300 ipsarum
1024 1270 1083 1293 nec
1105 1263 1208 1301 partis

241 1311 376 1341 adverse
394 1312 614 1350 positionibus
635 1314 850 1352 respondere3
875 1319 1007 1353 propter
1025 1315 1112 1353 quod
1129 1315 1209 1345 dicti

241 1364 493 1399 examinatores,
516 1365 618 1403 lapsis
641 1366 795 1396 omnibus
815 1367 967 1397 terminis
984 1367 1134 1405 partibus
1156 1377 1209 1397 as-

241 1416 393 1453 signatis,
411 1419 629 1456 peremptorie
646 1419 832 1449 citaverunt
846 1424 967 1458 partes,
986 1424 1022 1449 ut
1040 1420 1075 1449 in
1092 1421 1210 1450 crasti-

241 1478 320 1499 num
347 1470 570 1507 apostolorum
594 1471 739 1510 Philippi
765 1477 796 1502 et
815 1472 930 1503 Jacobi
960 1477 1036 1502 tunc
1062 1473 1210 1511 proximo

241 1522 401 1557 futurum,
418 1532 515 1561 quem
528 1524 576 1553 eis
589 1525 846 1562 peremptorium
861 1525 1086 1563 assignarunt,
1104 1534 1209 1563 perse

240 1575 291 1605 vel
306 1581 536 1614 procuratores
555 1577 705 1614 idoneos,
724 1587 797 1607 cum
822 1578 921 1613 actis,
942 1578 1138 1616 privilegiis,
1156 1578 1210 1617 ju-

241 1628 345 1663 ribus,
364 1629 549 1658 rationibus
569 1634 600 1659 et
616 1630 834 1660 munimentis
848 1640 972 1665 earum,
988 1639 1098 1660 coram
1114 1631 1210 1660 nobis

242 1686 479 1719 comparerent,
495 1682 589 1721 juxta
605 1683 730 1712 domini
746 1692 828 1721 pape
844 1683 1045 1713 mandatum.
1072 1684 1210 1722 Deposi-

242 1734 349 1763 tiones
366 1735 464 1763 ctiam
481 1735 620 1764 duorum
637 1736 771 1766 testium
785 1736 1006 1774 predictorum
1021 1736 1117 1766 nobis
1131 1736 1210 1765 dit-ti

242 1787 483 1817 examinatores
500 1788 668 1818 remittere
691 1792 901 1818 curaverunt.
925 1789 1053 1825 Quibus
1070 1789 1210 1827 receptis

243 1843 273 1869 et
303 1840 499 1870 adveniente
531 1841 671 1870 termino
700 1841 740 1870 ab
770 1841 896 1871 eisdem
927 1841 1210 1871 examinatoribus

241 1892 391 1929 partibus
408 1893 592 1929 assignato,
611 1893 794 1931 comparuit
807 1903 916 1923 coram
933 1894 1029 1924 nobis
1052 1895 1211 1932 magister

241 1944 412 1974 Johannes
437 1945 475 1974 de
498 1945 701 1981 Lemovicis,
724 1946 849 1975 domini
867 1956 949 1985 pape
973 1947 1207 1981 subdiaconus,

240 2001 432 2035 procurator
446 1998 585 2035 predicti
602 1998 837 2034 Bartholomei,
857 2008 915 2037 pro
934 2003 1026 2037 parte
1044 2000 1159 2029 decani
1180 2004 1210 2029 et

240 2051 445 2087 precentoris
466 2051 599 2081 nemine
618 2056 838 2089 comparente.
863 2053 903 2082 Et
924 2052 998 2082 ideo
1020 2053 1117 2082 citari
1137 2053 1210 2091 plu-

241 2103 307 2132 ries
325 2103 466 2132 fecimus
482 2103 516 2132 111
539 2103 710 2134 audientia
731 2104 864 2142 publica
885 2109 1011 2143 partem
1031 2106 1209 2135 eorundvui

242 2155 357 2184 decani
377 2159 408 2185 et
423 2156 568 2186 cantoris
584 2156 710 2186 diutius
728 2161 940 2195 expectatam.

243 2220 256 2234 »
277 2208 438 2247 Cumque,
467 2213 539 2247 post
565 2209 740 2240 citationes
764 2210 873 2240 varias
897 2214 927 2240 et
950 2212 1208 2250 peremptorias.

242 2261 354 2291 nullus
371 2270 480 2291 corani
498 2262 593 2292 nobis
614 2272 673 2300 pro
693 2263 742 2293 eis
759 2272 947 2301 comparere
965 2268 1110 2299 curaret,
1137 2274 1208 2298 nos.

242 2314 366 2344 vocatis
383 2324 419 2343 ex
436 2314 644 2344 habundanti
658 2320 688 2345 et
704 2316 972 2354 comparentibus
989 2324 1099 2346 coram
1115 2317 1210 2345 nobis

242 2367 419 2402 advocatis,
434 2367 581 2405 ipsorum
593 2368 822 2398 attestationes
834 2369 974 2398 fecimus
986 2367 1148 2407 publicari
1160 2380 1165 2404 ς
1181 2374 1211 2399 et

241 2419 392 2449 rubricas
408 2429 465 2457 pro
482 2424 573 2457 parte
590 2420 737 2457 ipsorum
753 2420 869 2450 decani
886 2425 916 2450 et
934 2422 1138 2459 precentoris
1153 2431 1211 2460 per

241 2480 400 2509 personas
417 2471 600 2509 tidedignas
619 2472 748 2511 juratas
764 2473 852 2507 fieri,
877 2477 907 2502 et
927 2477 992 2503 tam
1008 2474 1097 2512 ipsas
1112 2483 1209 2512 quam

242 2523 392 2553 rubricas
404 2524 506 2561 partis
524 2524 660 2554 adverse
672 2524 855 2554 examinari
866 2526 1006 2556 fecimus
1020 2526 1208 2564 diligenter.

243 2577 306 2606 Pro
320 2576 442 2614 quibus
453 2576 619 2612 omnibus,
635 2581 701 2606 tam
715 2576 765 2606 illi
781 2577 839 2615 qui
853 2578 1003 2608 rubricas
1018 2579 1097 2609 fecit
1111 2588 1210 2618 quam

242 2629 342 2659 etiam
359 2629 577 2659 examinatori
594 2629 773 2659 earundem
787 2630 944 2660 satisfieri
955 2631 1096 2661 fecimus
1109 2640 1126 2661 a
1139 2641 1210 2669 pro>

243 2682 394 2709 curatore
418 2679 506 2708 dicti'
521 2679 746 2710 Bai-tholomei
769 2681 997 2711 consentiente
1017 2681 1053 2710 in
1080 2681 1142 2711 hoc
1169 2691 1210 2712 ne

243 2740 377 2761 eausam
393 2732 599 2769 contingeret
614 2732 676 2762 hac
691 2733 863 2762 occasione
880 2733 1018 2763 differri.
1040 2734 1210 2765 Predictas

242 2793 320 2814 vero
335 2784 486 2814 rubricas
505 2784 679 2823 utriusque
700 2785 804 2822 partis
821 2789 851 2814 et
867 2789 976 2815 cetera
994 2790 1066 2816 acta
1081 2787 1211 2817 curiose

243 2837 474 2872 discussimus,
492 2845 620 2867 necnon
635 2841 666 2867 et
680 2837 819 2875 quedam
831 2837 897 2867 alia
911 2838 1134 2869 instrumenta
1148 2849 1211 2878 que

243 2890 393 2928 prefatus
416 2894 609 2928 procurator
626 2889 853 2920 Bartholomei
875 2891 1040 2930 produxit,
1063 2901 1122 2930 per
1148 2901 1211 2931 que

1289 323 1302 338 1>

1289 376 1302 390 5)

1290 428 1302 443 ))

1289 481 1302 495 7)

1290 533 1302 547 1)

1290 586 1302 601 1)

1290 692 1303 706 ))

1291 745 1303 760 ))

1291 798 1304 813 1)

1292 850 1304 865 ))

1292 903 1304 918 D

1292 956 1305 970 5)

1292 1008 1305 1023 5>

1292 1062 1305 1076 ))

1293 1115 1305 1129 ))

1292 1168 1305 1182 ))

1293 1220 1305 1235 ))

1293 1272 1305 1287 ))

1293 1325 1306 1340 ))

1294 1376 1306 1391 ))

1294 1428 1307 1443 ὶ)

1293 1481 1306 1496 ))

1294 1534 1306 1549 ))

1293 1587 1307 1602 D

1294 1641 1307 1655 »

1294 1693 1307 1708 ))

1295 1746 1308 1760 ))

1295 1798 1307 1813 ))

1295 1851 1307 1866 ))

1295 1904 1308 1919 1)

1295 1957 1308 1971 1>

1295 2009 1308 2023 ))

1296 2062 1308 2076 ))

1296 2113 1309 2128 ))

1295 2167 1308 2182 ))

1296 2220 1308 2234 ))

1296 2273 1308 2288 7)

1296 2325 1309 2341 ))

924 247 1164 279 REGISTRES
1186 246 1493 277 D'ALEXANDRE
1517 248 1572 277 IV.

1326 311 1459 350 probari
1482 313 1622 346 videtur.
1650 313 1737 352 quod
1761 313 1831 351 ipse
1852 312 2106 343 Bai-tholomeus
2129 312 2214 351 patri
2237 321 2299 343 suo

1327 364 1361 393 in
1378 364 1465 394 dicta
1478 365 1706 396 senescaichia
1722 365 1893 400 successit,
1909 369 1940 395 et
1953 365 2039 404 quod
2053 364 2231 395 coheredes
2243 364 2297 394 sui

1327 425 1424 446 omne
1437 417 1492 456 jus
1509 417 1537 447 si
1553 418 1640 456 quod
1654 417 1814 448 haberent
1830 418 1864 447 in
1881 417 1968 447 dicta
1985 416 2212 448 senescalchia
2224 426 2297 447 ces-

1328 473 1443 499 serunt
1468 479 1504 499 ac
1529 470 1757 508 quittaverunt
1779 470 1886 500 eidem
1913 474 1944 500 et
1970 474 2078 499 ratum
2108 469 2301 500 habuerunt

1328 526 1359 551 et
1375 521 1499 552 habent
1515 522 1679 562 judicium
1703 522 1743 552 ab
1766 523 1837 561 ipso
1858 522 2090 553 Bartholomeo
2111 531 2210 561 super
2224 522 2298 560 ipsa

1328 575 1555 605 senescalchia
1571 584 1631 605 suo
1647 575 1753 606 solum
1773 576 1906 606 nomine
1920 575 2123 606 inchoatum.

1330 640 1342 653 υ
1364 628 1469 665 Super
1485 628 1607 666 quibus
1620 628 1774 658 omnibus
1791 633 1821 658 et
1838 627 1914 658 aliis
1928 637 2061 658 causam
2078 628 2298 666 contingenti-

1328 680 1389 710 bus
1408 689 1465 718 pro
1483 684 1623 719 utraque
1642 686 1744 719 parte,
1759 680 1871 711 habita
1889 681 2041 719 diligenti
2059 681 2299 711 deliberatione

1329 742 1366 763 ac
1383 733 1590 764 discussione
1615 734 1765 773 plenaria
1788 743 1862 764 cum
1882 734 2101 772 prudentibus
2117 733 2198 764 viris
2211 733 2298 773 juris

1330 786 1446 824 peritis
1467 787 1505 816 de
1524 786 1643 821 Curia,
1664 787 1702 816 de
1723 787 1871 825 ipsorum
1893 786 2034 816 consilio
2049 786 2224 816 citationes
2240 795 2299 824 pe-

1329 839 1526 877 remptorias
1547 839 1583 868 in
1602 839 1773 870 audientia
1796 839 1928 878 publica
1949 839 2022 869 fieri
2043 839 2198 874 fecimus,
2217 843 2252 870 ut
2269 839 2299 870 si

1331 891 1453 930 aliquis
1481 896 1567 922 esset
1593 892 1627 921 in
1649 892 1750 922 Curia
1771 901 1828 930 pro
1851 892 1948 922 dietis
1971 892 2096 922 decano
2118 895 2149 922 et
2165 895 2300 922 cantore

1330 948 1533 982 compareret
1553 953 1663 974 coram
1686 944 1781 974 nobis
1802 944 1843 974 ad
1865 944 2064 974 sententiam
2087 943 2298 974 audiendam.

1331 997 1369 1027 Et
1387 996 1464 1027 licet
1486 1006 1543 1035 pro
1567 997 1616 1027 eis
1632 997 1744 1027 nullus
1766 997 2004 1035 comparuerit,
2028 1006 2098 1032 nos,
2123 1006 2141 1027 a
2157 996 2301 1028 sanctis-

1331 1049 1414 1079 simo
1435 1054 1526 1088 patre
1544 1054 1655 1079 nostro
1677 1050 1863 1080 Alexandro
1880 1059 1963 1088 papa
1982 1051 2062 1080 IIII⁰
2079 1053 2209 1087 recepto
2225 1057 2301 1088 spe-

1331 1102 1407 1132 ciali
1428 1103 1581 1132 mandato
1603 1102 1643 1132 ad
1666 1103 1866 1133 sententiam
1884 1103 2127 1141 proterendam,
2145 1102 2224 1141 quia
2239 1111 2300 1132 au·

1330 1155 1474 1185 divimus
1490 1156 1673 1194 predictum
1689 1155 1879 1186 Antelmum
1896 1156 2111 1185 substitutum
2139 1155 2301 1185 decanum

1330 1208 1475 1238 humane
1495 1208 1593 1238 sortis
1609 1208 1739 1238 subisse
1752 1208 1934 1246 judicium,
1955 1212 2116 1246 quantum
2135 1207 2174 1237 ad
2190 1207 2301 1246 ipsum

1331 1261 1490 1290 dccanum
1511 1261 1551 1290 ad
1574 1270 1709 1299 presens
1733 1261 1907 1299 procedere
1925 1261 2134 1296 distulimus;
2161 1260 2301 1299 predicti

1331 1322 1408 1342 vero
1425 1314 1576 1351 Hugonis
1594 1314 1797 1351 precentoris
1821 1313 2055 1351 Lugdunensis
2073 1313 2224 1343 absentia
2238 1312 2301 1343 Dei

1331 1364 1456 1403 repleta
1478 1365 1664 1403 presentia;
1690 1365 1768 1404 quia
1790 1365 1939 1395 constitit
1962 1365 2057 1395 nobis
2079 1365 2301 1395 intentionem

1332 1417 1411 1447 dicti
1426 1417 1651 1448 Bai-tholomei
1665 1418 1734 1448 fore
1751 1418 1848 1456 plene
1865 1418 2048 1453 fundatam,
2068 1417 2160 1447 nullo
2176 1416 2301 1448 efficaci

1331 1479 1389 1508 pro
1412 1469 1515 1500 altera
1536 1474 1628 1508 parte
1652 1470 1803 1508 probato,
1828 1470 2073 1500 sententialiter
2095 1469 2303 1500 declaramus

1332 1523 1593 1553 senescalchiam
1611 1523 1650 1553 de
1667 1533 1732 1562 qua
1748 1524 1858 1561 agitur
1880 1528 1911 1554 et
1930 1524 2058 1554 ratione
2081 1523 2166 1553 dicte
2187 1532 2302 1554 senes-

1332 1575 1459 1605 calchie
1471 1575 1548 1615 jura
1565 1576 1600 1605 in
1616 1576 1728 1606 libello
1744 1576 1917 1614 designata
1933 1576 1974 1606 ad
1989 1576 2114 1606 dictum
2127 1575 2303 1606 Bartholo-

1332 1637 1441 1658 meum
1475 1637 1534 1658 seu
1562 1633 1808 1667 procuratorem
1840 1629 1974 1659 nomine
2003 1629 2110 1668 ipsius
2140 1632 2300 1667 spectare.

1333 1681 1584 1712 Sententialiter
1610 1682 1711 1712 etiam
1734 1682 1927 1712 inhibemus
1954 1682 2040 1712 dicto
2068 1682 2201 1720 Hugoni
2227 1691 2304 1720 pre-

1333 1735 1470 1769 centori,
1484 1735 1571 1773 quod
1587 1735 1625 1765 de
1640 1739 1748 1765 cetero
1765 1744 1830 1765 non
1844 1735 2002 1773 impediat
2018 1735 2196 1774 quominus
2212 1735 2300 1765 idem

1332 1787 1585 1817 Bai-tholomeus
1608 1796 1665 1817 seu
1684 1792 1876 1826 procurator
1891 1788 2060 1826 predictus
2081 1788 2152 1827 ejus
2168 1787 2304 1818 nomine

1332 1839 1436 1869 libere
1453 1840 1556 1877 possit
1571 1840 1620 1869 uti
1637 1840 1881 1875 senescalchia,
1903 1840 1941 1870 de
1958 1850 2022 1879 qua
2040 1841 2160 1878 agitur,
2181 1844 2212 1870 et
2226 1849 2303 1878 per-

1333 1892 1441 1930 cipere
1469 1893 1545 1931 jura
1578 1893 1613 1922 in
1645 1892 1758 1923 libello
1791 1893 1975 1931 designata.
2013 1893 2303 1931 Condempnamus

1334 1945 1433 1975 etiam
1460 1946 1569 1983 ipsum
1598 1946 1772 1983 Hugonem
1801 1937 2028 1984 precentorem
2054 1946 2094 1976 ad
2118 1945 2303 1976 cavendum

1333 1997 1420 2027 dicto
1442 1998 1657 2035 procuratori,
1687 1998 1794 2036 ipsius
1820 1998 2044 2028 Bartholomei
2065 1998 2216 2033 nomine,
2243 2007 2303 2028 seu

1334 2049 1397 2088 ipsi
1424 2050 1673 2085 Bai-tholomeo,
1699 2060 1739 2080 ne
1764 2051 1873 2089 ipsum
1898 2051 2056 2089 impediat
2079 2051 2115 2080 in
2139 2051 2302 2081 futurum.

1334 2102 1420 2132 Sane
1440 2103 1536 2140 petiit
1555 2103 1663 2133 dictus
1686 2108 1888 2142 procurator,
1917 2104 2050 2134 nomine
2072 2108 2303 2142 preceptorum

1334 2155 1372 2185 de
1388 2155 1475 2185 dicta
1493 2156 1720 2186 senescalchia
1738 2161 1768 2186 et
1784 2157 2001 2195 dampnorum
2015 2166 2079 2195 que
2096 2156 2203 2186 dictus
2220 2157 2305 2186 Bar-

1335 2208 1520 2239 tholomcus
1536 2209 1732 2245 incurrerat,
1747 2219 1810 2248 que
1827 2210 1939 2239 omnia
1951 2209 2041 2240 mille
2053 2210 2252 2248 quingentas
2265 2208 2303 2238 li-

1333 2261 1410 2291 bras
1426 2261 1563 2291 sortium
1574 2267 1721 2292 veterum
1736 2266 1766 2292 et
1776 2262 1871 2299 longe
1881 2262 2024 2300 amplius
2035 2261 2225 2297 extimabat,
2239 2261 2304 2292 dic-

1334 2318 1403 2344 tum
1425 2318 1651 2352 precentor-em
1672 2324 1729 2352 pro
1752 2315 1928 2345 medietate
1951 2314 2060 2353 ipsum
2089 2314 2302 2352 contingente

1295 2378 1308 2393 »
1329 2366 1817 2405 sententialitercondempnari
1827 2367 1906 2397 etad
1914 2367 2245 2406 condempnationem
2252 2375 2302 2398 ex-

1295 2430 1308 2445 ))

1296 2484 1309 2498 ))

1295 2537 1309 2552 ))

1296 2589 1309 2604 ))

1295 2642 1309 2658 Σ)

1295 2695 1309 2710 ))

1296 2747 1310 2762 D

1295 2799 1309 2814 Ὶ)

1296 2852 1309 2867 ))

1296 2905 1309 2920 ))

1332 2427 1511 2457 pensarum
1529 2423 1599 2456 post
1613 2419 1705 2449 litem
1721 2423 1938 2449 contestat-am
1955 2420 2128 2455 factarum,
2149 2428 2231 2458 quas
2247 2428 2304 2450 ex-

1333 2471 1472 2501 timabat
1489 2471 1578 2502 mille
1592 2472 1791 2510 quingentas
1806 2472 1910 2503 libras
1920 2473 2176 2508 Turonensium,
2190 2476 2306 2503 contra

1334 2525 1444 2563 ipsum
1465 2529 1632 2554 cantorem
1650 2534 1707 2563 pro
1724 2525 1900 2555 medietate
1921 2525 2076 2556 similiter
2093 2526 2202 2564 ipsum
2224 2533 2304 2555 con-

1333 2577 1482 2615 tingente
1507 2586 1544 2607 ex
1571 2577 1677 2607 officio
1697 2582 1810 2608 nostro
1825 2578 1969 2616 procedi.
1987 2579 2054 2608 Nos
2071 2581 2201 2613 autem,
2224 2576 2305 2608 licet

1334 2634 1446 2668 aperta
1470 2630 1549 2660 dicti
1572 2631 1716 2660 cantoris
1736 2631 1888 2661 convinci
1909 2631 2076 2661 videretur
2100 2630 2300 2670 calumpnia,

1333 2683 1368 2712 in
1391 2691 1429 2713 eo
1445 2683 1545 2713 etiam
1566 2683 1653 2722 quod
1668 2683 1891 2714 instrumenta
1910 2683 2038 2722 prefata
2056 2682 2177 2720 sigillis
2197 2705 2230 2718 ..,
2249 2690 2303 2712 ar-

1334 2734 1553 2773 chiepiscopi,
1578 2740 1609 2765 et
1627 2736 1763 2774 capituli
1785 2736 2060 2774 Lugdunensium
2081 2734 2227 2773 sigillata
2248 2743 2305 2764 ca-

1333 2787 1521 2826 lumpniose
1536 2788 1789 2826 impugnaverat
1802 2792 1833 2819 et
1846 2797 1979 2818 causam
1995 2787 2120 2818 tamdiu
2134 2787 2303 2818 malitiose

1333 2844 1528 2878 promotam,
1553 2844 1589 2870 ut
1607 2849 1645 2870 ex
1661 2840 1791 2871 defectu
1808 2840 2041 2879 probationum
2057 2843 2207 2879 apparet,
2228 2844 2303 2870 tan-

1334 2893 1408 2924 dem
1425 2893 1665 2923 contumaciter
1680 2893 1842 2929 deseruit,
1863 2893 2025 2931 elegimus
2045 2897 2172 2928 tamen,
2196 2900 2306 2931 quan·
