2441 3330
185 191 224 222 36
910 187 1150 218 REGISTRES
1171 185 1480 218 D'ALEXANDRE
1502 189 1559 218 IV.

184 261 292 288 terum
305 255 528 286 sollicitudine
540 254 712 292 providere
725 253 884 288 volentes,
899 253 1093 283 auctoritate
1103 261 1194 291 apos-

186 308 285 338 tolica
300 307 514 345 prohibemus
528 310 563 336 ut
577 305 664 335 infra
681 305 847 335 clausulas
861 305 1007 335 locorum
1025 314 1084 335 seu
1100 314 1194 343 gran-

185 360 315 398 giarum
336 363 522 389 vestrarum
540 358 653 388 nullus
672 358 823 396 rapinam
847 367 905 388 seu
930 358 1055 387 furtum
1073 358 1192 393 faeere,

185 412 297 450 ignem
314 420 488 450 apponere,
505 411 703 449 sanguinem
718 411 869 445 sundere,
885 410 1054 440 hominem
1072 415 1194 441 temere

183 473 299 503 capere
323 464 373 493 vel
396 464 584 494 interficere
601 473 659 493 seu
681 463 874 493 violentiam
892 463 1010 493 audeat
1029 472 1192 494 exercere.

225 518 379 547 Preterea
398 525 512 546 omnes
528 516 699 546 libertates
715 534 753 537 —
769 516 1024 546 communimus.

224 569 442 599 Decerninius
456 578 532 607 ergo
546 573 581 599 ut
599 569 682 598 nulli
696 569 830 599 omnino
845 569 1017 599 hominum
1032 569 1129 599 liceat
1143 587 1192 598 —.

183 623 249 654 Sed
275 622 385 652 onmia
414 622 543 659 integra
570 626 808 652 conserventur
833 631 945 651 corum
970 632 1028 660 pro
1054 631 1194 661 quorum

184 675 423 713 gubernatione
455 684 490 704 ac
519 675 761 704 sustentatione
790 684 946 705 concessa
973 679 1050 705 sunt
1077 676 1194 705 usibus

183 725 382 756 omnimodis
394 726 576 763 profutura,
594 725 685 755 salva
700 726 794 755 Sedis
809 726 986 764 apostolice
999 727 1194 756 amtor-itate

183 782 215 808 et
240 778 275 807 in
291 778 449 816 predictis
465 778 602 808 decimis
619 778 843 808 moderatione
860 779 993 808 concilii
1015 779 1192 816 generalis.

182 831 234 860 Ad
255 830 418 860 indicium
437 835 545 860 auten]
572 831 670 870 liujus
692 835 842 869 percepto
868 842 885 861 a
909 832 991 861 Sede
1015 832 1194 870 apostolica

182 883 347 913 libertatis
366 884 460 913 nohis
478 884 665 922 nostrisque
683 884 930 913 successoribus
946 893 1047 913 11113111
1062 885 1194 914 unciani

184 936 256 966 auri
277 936 374 965 annis
391 936 532 973 singulis
550 936 756 974 persolvetis.
777 937 810 965 si
826 946 889 975 qua
907 937 1009 972 igitur
1022 954 1070 965 ——.
1090 937 1194 967 Cunc-

182 988 226 1017 tis
253 992 362 1017 :uitem
388 1006 434 1017 —.
459 989 576 1019 Anien.
602 998 708 1018 anien.
733 998 840 1017 anien.
865 990 937 1018 Dat.
963 989 1112 1027 Neapoli,
1137 998 1194 1027 per

183 1050 319 1070 manunt
342 1040 513 1070 Guitletmi
537 1040 855 1078 magistriseolarum
872 1042 1063 1071 Parmensis
1081 1046 1193 1072 sancte

184 1095 332 1124 Romane
343 1094 489 1124 Ecclesie
500 1094 776 1126 vicecancellarii.
789 1096 838 1124 III
850 1095 1008 1124 kalendas
1018 1095 1190 1131 februarii,

182 1146 364 1176 indictione
374 1147 468 1178 XIII.
480 1147 722 1176 incarnationis
731 1147 903 1177 Dominice
914 1158 1000 1177 anno
1012 1148 1190 1182 MCCLIII,

182 1199 395 1236 pontificatus
427 1207 504 1228 vero
534 1199 659 1228 domini
689 1199 868 1229 Alexandri
896 1210 978 1238 pape
1009 1202 1076 1230 IIII
1106 1209 1193 1231 anno

182 1260 300 1289 primo.
321 1263 333 1276 »

257 1394 344 1422 130
755 1394 872 1429 Naples,
889 1395 904 1421 Ξ)
921 1394 1023 1421 fevi-ier
1042 1396 1120 1422 1255.

217 1448 343 1475 Johanni
360 1449 395 1475 de
412 1448 527 1475 Suliaco
544 1449 684 1483 indulget,
703 1453 741 1480 ut,
760 1453 872 1484 praeter
887 1450 1056 1477 decanatum
1073 1460 1098 1479 3.
1116 1451 1194 1478 Αυ3-

184 1497 317 1531 tregisilii
334 1501 362 1523 et
379 1497 534 1532 prioratum
553 1498 712 1524 secutarem
725 1498 760 1524 de
776 1497 907 1532 Vastino,
922 1498 1113 1526 Bituricensis
1129 1500 1194 1526 dio-

184 1547 271 1576 cesis,
290 1546 407 1572 unicum
425 1546 596 1572 beneficium
611 1546 841 1573 ecclesiasticum
857 1548 885 1573 in
901 1555 989 1582 regno
1002 1547 1138 1575 Franciae
1150 1557 1194 1575 re-

184 1594 280 1629 cipere
296 1595 397 1621 valeat.
415 1594 498 1627 (Rea.
515 1594 559 1625 24,
577 1602 604 1621 c.
621 1595 682 1629 119,
699 1595 717 1621 f.
736 1595 803 1628 ΗΠ.)

226 1694 239 1708 (t
258 1682 395 1711 Joliannt
413 1682 446 1710 de
465 1682 604 1717 Sulfflco,
622 1684 778 1720 capellano
801 1689 919 1719 nostro,
941 1685 1053 1714 decano
1077 1687 1194 1715 ecclesie

182 1736 283 1764 saneti
297 1735 506 1772 Austr-eqisilii
522 1736 732 1764 Bilzcricensis.
754 1735 920 1765 Nobilitas
939 1737 1071 1774 generis
1088 1742 1119 1767 et
1134 1738 1194 1768 110-

184 1792 296 1817 nestas
313 1791 367 1816 tue
385 1787 646 1817 conversationis
668 1796 704 1817 ac
722 1788 788 1817 vite
805 1792 836 1818 te
852 1789 938 1826 apud
954 1789 1195 1827 benignitatem

184 1839 363 1878 apostolic-e
380 1840 475 1869 Sedis
492 1840 629 1877 dignum
645 1840 802 1870 dicuntur
817 1842 946 1872 efficere
963 1843 1050 1880 quod
1067 1843 1194 1881 specia-

182 1891 249 1922 lem
274 1902 292 1921 a
317 1892 413 1922 nobis
440 1892 617 1929 gratuleris
643 1893 783 1931 gratiam
806 1895 1005 1933 percepisse.
1032 1896 1118 1925 Hinc
1145 1900 1195 1926 est

184 1945 272 1983 quod
291 1953 349 1974 nos
367 1945 432 1974 tuis
451 1945 751 1983 supplicationibus
772 1946 942 1983 inclinati,
960 1952 996 1977 ut
1010 1952 1121 1986 preter
1138 1949 1195 1979 de-

184 2001 338 2027 canatum
356 1998 463 2027 sancti
478 1998 706 2035 Austregisilii
721 2003 751 2028 et
763 1999 945 2036 prioratum
957 2000 1141 2031 secularem
1156 2001 1195 2032 de

183 2050 341 2084 Vastino,
361 2049 582 2080 Bituricensis
605 2051 763 2086 diocesis,
787 2061 868 2090 quos
889 2061 927 2081 ex
947 2052 1195 2091 dispensatione

185 2103 280 2133 Sedis
298 2103 475 2140 apostolice
490 2107 520 2133 te
533 2104 656 2134 asseris
670 2104 830 2141 obtinere,
846 2105 983 2135 unicum
996 2106 1195 2137 beneficium

185 2155 459 2191 ecclesiasticum,
477 2157 577 2185 etiam
593 2157 621 2186 si
638 2157 783 2195 dignitas
799 2158 851 2187 vel
864 2163 1060 2196 personatus
1077 2161 1196 2190 existat

185 2211 217 2237 et
242 2217 355 2237 curam
378 2208 497 2238 habeat
522 2209 726 2245 animarum,
754 2210 930 2240 dummodo
952 2211 1012 2240 tibi
1038 2213 1196 2243 canonice

185 2261 344 2291 offeratur
360 2261 394 2290 in
410 2270 512 2299 regno
526 2262 676 2297 Franeie,
690 2262 780 2292 licite
796 2263 903 2300 possis
918 2264 1065 2303 recipere
1079 2270 1196 2296 etcum

185 2313 347 2343 decanatu
381 2323 417 2343 ac
454 2315 603 2352 prioratu
630 2315 788 2353 predictis
817 2316 922 2346 libere
951 2318 1096 2349 retinere
1130 2328 1196 2348 non

185 2366 336 2395 obstante
351 2367 588 2397 constitutione
602 2367 736 2397 concilii
748 2369 923 2405 generalis,
938 2374 1047 2400 tecum
1057 2371 1196 2401 auetori-

184 2422 251 2447 tate
268 2418 447 2456 apostolica
460 2419 704 2458 dispensamus.
719 2421 856 2451 Proviso
872 2423 959 2460 quod
974 2423 1038 2461 ipsi
1055 2424 1196 2455 decana-

185 2473 239 2499 tus
256 2474 287 2500 et
308 2470 474 2508 prioratus
491 2480 527 2501 ac
543 2472 734 2511 hujusmodi
749 2473 963 2511 beneficium,
983 2476 1129 2514 dignitas
1145 2478 1197 2508 vel

185 2528 383 2561 personatus
417 2524 538 2554 debitis
567 2525 737 2564 obsequiis
768 2530 828 2556 etc.
860 2537 966 2566 usque
995 2530 1194 2568 negligatur.

185 2575 279 2606 Nulli
296 2580 355 2606 etc.
376 2581 486 2607 nostre
503 2577 762 2616 dispensationis
783 2583 843 2609 etc.
867 2581 940 2610 Dat.
962 2582 1118 2620 Neapoli,
1136 2592 1196 2614 no-

186 2628 239 2658 nis
255 2628 428 2665 februarii,
445 2639 532 2660 anno
548 2631 665 2669 primo.
682 2644 695 2658 n

261 2772 340 2800 131
735 2774 852 2809 Naples,
868 2777 902 2804 ‘29
915 2778 1028 2811 janvier
1044 2779 1120 2807 1255.

223 2832 374 2860 Fernando
397 2833 474 2860 Petri
499 2835 649 2863 confirmat
672 2836 842 2864 decanatum
864 2839 1004 2867 ecclesiae
1025 2840 1192 2878 Ispalmsis,

1276 256 1342 288 post
1355 253 1555 288 expulsionem
1573 253 1798 282 sarracenorum
1817 263 1834 281 a
1857 254 2002 290 Philippo,
2024 254 2165 291 Ispalensi
2181 257 2286 290 electo,

1275 305 1402 328 creatum
1421 300 1628 336 Fet-nandoque
1643 302 1788 329 collatum.
1807 302 1892 336 (Rae.
1907 303 1952 337 24,
1969 311 1995 330 c.
2013 303 2073 334 120.
2090 303 2110 330 Ι.
2127 304 2193 336 tsv.)

1318 415 1331 429 α
1349 403 1509 432 Fernanclo
1523 404 1620 438 Petri,
1636 403 1748 433 decano
1763 404 1881 433 ecclesie
1896 404 2069 442 Ispalensis.
2087 403 2171 434 Cum
2191 412 2209 434 a
2225 412 2286 434 no-

1276 454 1327 484 bis
1343 455 1467 493 petitur
1487 458 1548 484 ete.
1566 463 1671 493 usque
1692 454 1856 484 effectum.
1875 455 1961 485 Sane
1979 459 2035 485 tua
2055 455 2171 494 petitio
2189 455 2285 486 nobis

1276 509 1423 539 exhibita
1450 508 1657 543 continebat,
1684 508 1771 547 quod
1799 508 1939 539 dilectus
1965 508 2055 539 filius
2078 509 2284 548 Phylippus‚

1276 560 1459 599 Ispalensis
1480 561 1622 596 electus,
1640 570 1715 591 cum
1732 561 1850 591 civitas
1873 561 2055 600 Ispalensis
2071 562 2110 592 de
2131 562 2287 592 Sarrace-

1277 622 1394 643 norum
1417 613 1591 651 spurciciis
1615 613 1654 643 de
1678 622 1761 643 novo
1777 614 1906 643 venerit
1929 614 1969 643 ad
1993 613 2118 644 cultum
2140 613 2287 645 nominis

1276 666 1473 698 Christiani,
1485 666 1680 696 decanatum
1691 675 1806 696 creans
1816 666 1850 696 in
1860 666 1999 696 ecelesia
2009 666 2183 705 Ispalensi‚
2195 667 2287 697 deca-

1277 723 1391 748 natum
1409 719 1516 756 ipsum
1528 719 1688 749 auctorite
1697 719 1866 748 ordinaria
1876 719 1936 748 tihi
1945 719 2036 749 duxit
2046 719 2204 750 canonice
2213 727 2288 750 con-

1276 771 1462 806 serendum,
1472 775 1568 809 prout
1577 771 1611 800 in
1621 771 1742 801 litteris
1751 771 1828 801 inde
1840 771 1999 802 confectis
2008 771 2165 809 sigillatis
2176 770 2288 810 sigillo

1276 823 1383 862 ipsius
1404 823 1499 853 electi
1516 823 1647 861 plenius
1669 824 1792 853 dicitur
1810 824 1986 854 contineri.
2007 825 2075 854 Nos
2091 824 2203 864 itaque
2220 823 2288 854 tuis

1277 875 1576 913 supplicationibus
1599 876 1769 911 inclinati,
1791 877 1878 915 quod
1901 886 2000 915 super
2020 877 2082 907 hoc
2104 877 2145 907 ab
2172 876 2287 907 eodem

1276 928 1379 959 electo
1395 928 1530 966 provide
1549 929 1673 957 factum
1691 933 1738 958 est
1751 952 1758 964 ,
1778 934 1886 959 ratum
1907 934 1938 959 et
1955 934 2085 968 gratum
2106 929 2284 964 habentes,

1276 981 1310 1011 id
1325 981 1520 1011 auctoritate
1544 981 1723 1019 apostolica
1745 982 1979 1012 confirmamus
1995 986 2056 1012 etc.
2074 991 2181 1021 usque
2196 990 2287 1012 com-

1276 1033 1457 1063 munimus.
1486 1032 1579 1063 Nulli
1604 1037 1665 1063 616.
1695 1038 1805 1064 nostre
1835 1034 2097 1065 confirmationis
2122 1039 2183 1065 etc.
2209 1035 2284 1064 Dat.

1276 1087 1426 1126 Neapoli,
1445 1088 1513 1117 IIII
1528 1086 1688 1117 kalendas
1701 1087 1874 1123 februarii,
1893 1096 1980 1118 anno
1994 1087 2113 1126 primo.
2132 1098 2146 1114 n

1349 1244 1433 1272 132
1848 1243 1965 1278 Naples,
1984 1245 1997 1270 ἰ’
2014 1243 2120 1270 fevi-ier
2135 1243 2214 1271 1255.

1312 1306 1456 1339 A[zzoni],
1474 1305 1633 1331 marchioni
1649 1304 1775 1338 Estensi,
1789 1308 1818 1332 et
1828 1304 1969 1340 Mabifiae,
1981 1305 2064 1332 uxori
2075 1306 2150 1340 eJ‘us‚
2162 1304 2286 1340 quibus-

1276 1362 1341 1380 cum
1359 1362 1390 1380 se
1406 1357 1508 1388 quarto
1525 1356 1575 1379 aut
1593 1353 1692 1387 quinto
1708 1353 1852 1380 affinitatis
1868 1353 1957 1387 gradu
1977 1353 2214 1388 contingentibus
2228 1353 2287 1380 fra·-

1276 1406 1319 1428 ter
1335 1401 1460 1428 Rufinus
1476 1401 1511 1427 de
1528 1400 1672 1427 Placentia
1687 1401 1798 1428 ordinis
1817 1401 1936 1428 fratrum
1957 1400 2101 1428 Minoi-um
2117 1400 2153 1428 de
2167 1400 2287 1436 speciali

1276 1450 1410 1476 mandato
1432 1449 1593 1476 innocentii
1615 1449 1656 1475 IV
1677 1457 1766 1484 papae
1785 1449 2012 1484 dispensaverant,
2035 1452 2066 1476 ut
2087 1450 2116 1476 in
2138 1451 2287 1477 contracto

1278 1499 1460 1525 matrimonio
1475 1505 1624 1524 remanere
1639 1501 1760 1532 possent
1775 1498 1848 1524 113116
1863 1498 2109 1532 dispensationem
2124 1499 2286 1526 confirmat.

1276 1546 1360 1578 (Rea.
1372 1547 1416 1577 24,
1434 1554 1462 1574 6.
1479 1545 1651 1580 121,f.15v;
1668 1545 1942 1579 Powmsr15674.)

1319 1660 1333 1675 α
1350 1649 1451 1678 Nobili
1465 1649 1533 1677 viro
1547 1649 1580 1677 A.
1601 1648 1779 1678 ‘marchioni
1791 1648 1909 1677 Estensi
1925 1653 1951 1678 et
1966 1648 2087 1678 Mabilie
2102 1648 2196 1677 umori
2210 1648 2286 1685 eius.

1277 1701 1361 1732 Cum
1377 1701 1463 1731 sicut
1477 1710 1515 1731 ex
1526 1717 1576 1730 —.
1591 1701 1664 1730 Dat.
1680 1700 1831 1739 Neapoli,
1843 1701 1908 1731 VII
1920 1700 1995 1731 idus
2009 1700 2184 1736 februarii,
2199 1707 2288 1730 anno

1276 1762 1392 1792 primo.
1414 1765 1427 1780 »

1351 1911 1436 1939 133
1846 1909 1964 1944 Naples,
1981 1911 1995 1937 Δ
2013 1909 2117 1937 fevi-ier
2133 1909 2212 1937 1255.

1313 1973 1487 2000 Abbatissae
1508 1976 1536 2000 et
1556 1973 1712 2000 conventui
1731 1972 1897 1999 monialium
1918 1973 2096 1999 inclusarum
2119 1972 2288 2000 monasterii

1277 2022 1312 2049 de
1330 2022 1466 2048 Paradiso
1477 2023 1561 2056 Juxta
1577 2021 1782 2053 Constantiam,
1800 2021 1909 2048 ordinis
1921 2029 1946 2048 s.
1960 2020 2102 2055 Damiani,
2114 2021 2246 2056 indulget
2255 2024 2288 2048 ut

1277 2071 1394 2106 frigoris
1419 2078 1506 2097 causa
1528 2070 1652 2105 pellibus
1675 2070 1715 2097 uti
1737 2070 1825 2096 libere
1850 2070 1971 2097 valeant.
1995 2070 2079 2103 (Rae.
2100 2069 2144 2105 24,
2170 2078 2196 2097 c.
2224 2069 2285 2102 122.

1276 2120 1297 2148 f.
1314 2120 1375 2153 15v;
1394 2119 1541 2146 Po‘r'rfflsr
1555 2118 1637 2146 15671
1651 2129 1658 2153 ;
1676 2118 1844 2150 Baunonia,
1858 2119 1925 2145 Acta
1932 2119 2034 2151 pontis.
2049 2119 2154 2150 heluat„
2168 2124 2200 2146 11⁰
2211 2117 2286 2151 643.)

1320 2232 1333 2247 α
1353 2243 1387 2256 ..,
1407 2221 1563 2255 abbatisse,
1583 2225 1609 2249 ει
1624 2221 1787 2249 conventui
1802 2220 1990 2249 monialium
2008 2220 2204 2249 inclusarum
2219 2227 2286 2248 mo-

1278 2274 1409 2303 nasterii
1424 2273 1457 2302 cle
1471 2273 1619 2302 Paradiso
1627 2274 1723 2310 juoeta
1738 2273 1960 2308 Constantiam,
1978 2273 2099 2302 ordinis
2109 2273 2211 2302 sancti
2224 2272 2285 2302 Da-

1277 2327 1391 2355 miani.
1418 2325 1538 2355 Divine
1562 2325 1765 2355 affluentiam
1786 2324 1945 2355 bonitatis
1964 2343 2012 2354 —.
2031 2326 2105 2355 Dat.
2128 2324 2284 2363 Neapoli,

1279 2380 1312 2410 ΙΙ
1328 2388 1434 2409 1101133
1450 2378 1622 2415 februarii,
1643 2387 1729 2409 anno
1744 2378 1862 2417 primo.
1882 2391 1894 2405 »

1312 2484 1345 2511 In
1369 2493 1394 2511 e.
1420 2493 1458 2511 m.
1529 2484 1689 2517 abbatisse,
1708 2486 1736 2510 et
1755 2484 1911 2510 conventui
1927 2483 2093 2510 monialium
2108 2483 2286 2510 inclusarum

1278 2533 1444 2560 monasterii
1462 2532 1556 2559 sancti
1572 2531 1718 2559 Francisci
1733 2531 1959 2567 Argentinensis
1970 2554 1976 2563 ‚
1993 2531 2102 2559 ordinis
2117 2531 2210 2558 sancti
2225 2529 2286 2558 Da-

1277 2590 1375 2609 miani.

1351 2735 1439 2764 ¹34
1825 2732 1943 2768 Naples,
1961 2733 2000 2760 1⁰³
2014 2731 2118 2759 few-ier
2133 2731 2212 2758 ¹255.

1311 2796 1430 2823 Eisdem
1452 2796 1582 2831 indulget
1600 2804 1635 2823 ne
1657 2798 1738 2823 extra
1756 2796 1901 2823 civitatem
1917 2794 2177 2825 Constantiensem‚
2195 2799 2285 2828 super

1275 2844 1360 2872 bonis
1375 2845 1448 2872 infra
1462 2845 1539 2872 illam
1554 2844 1693 2880 detentis,
1709 2845 1738 2872 in
1753 2852 1870 2871 causam
1886 2843 1961 2870 trahi
1975 2851 2026 2879 per
2040 2841 2214 2877 apostoticae
2230 2839 2284 2868 Se-
