2498 3325
982 220 1205 257 PREMIERE
1227 220 1386 256 ANNEE.
2174 229 2227 258 241

133 298 200 328 fuit
216 296 419 335 propositum
435 305 544 325 coram
561 296 672 330 nobis,
690 294 857 325 ordinarie
874 298 990 332 quater
1006 293 1039 321 in
1057 300 1143 321 anno

137 358 174 380 ac
190 349 272 378 alias
287 349 386 378 etiam
399 347 532 378 Curiam
548 347 714 377 carissimi
726 347 760 376 in
773 346 905 376 Christo
917 344 979 373 filii
991 344 1095 373 nostri
1110 367 1140 378 ..‚

136 401 279 430 illustris
299 400 388 438 regis
411 400 565 435 Francie,
586 400 680 438 cujus
703 398 916 428 consiliarius
933 397 1068 426 diceris.
1087 405 1144 434 pro

138 452 354 490 disponendis
372 452 485 481 arduis
502 452 650 490 ejusdem
666 451 808 488 negotiis
829 454 976 488 oporteat
993 452 1023 478 te
1041 448 1142 481 adire,

139 514 210 535 nos.
226 505 292 534 tuis
308 504 608 542 supplicationibus
622 502 787 537 inclinati,
799 507 844 532 111.
861 501 963 531 semel
980 511 1054 531 cum
1068 501 1145 530 visi—

139 557 275 587 tationis
292 557 398 586 officio
412 560 468 586 tua
485 557 626 586 diocesis
643 561 673 586 et
686 555 858 594 provincia
871 555 1053 592 indiguerit
1070 558 1100 583 et
1116 558 1145 583 te

138 619 197 648 pro
214 609 325 639 causis
347 609 539 647 hujusmodi
556 609 672 638 abesse
689 608 865 645 contigerit
881 607 921 636 al]
939 607 1077 641 eisdem,
1096 607 1146 644 ip-

140 671 194 692 sas
213 662 349 691 visitare
368 661 526 691 diocesim
543 665 573 690 et
595 660 800 698 provinciam
821 668 877 697 per
897 668 1055 697 personas
1076 659 1146 688 ido-

139 723 220 744 neas
250 723 286 744 ac
319 713 568 752 procurationes
595 713 723 742 ratione
750 712 953 742 visitationis
981 712 1144 751 ejusdem,

140 767 377 796 constitutione
394 775 459 795 non
480 766 631 795 obstante
654 765 839 798 contraria,
860 765 1006 802 recipere
1023 764 1144 799 valeas,

140 819 335 848 auctoritate
349 818 409 848 tibi
421 819 627 856 presentium
639 818 862 856 indulgemus.
879 818 926 847 Ita
939 822 1048 846 tamen
1061 817 1148 856 quod

139 871 267 901 deloco
292 871 440 909 quolibet
465 870 598 900 visitato
621 870 749 900 duabus
774 870 895 899 marcis
920 868 1147 898 tantummodo

139 923 186 953 sis
207 927 392 953 contentus.
410 923 503 952 Nulli
527 926 587 952 etc.
609 927 720 952 nostre
742 922 968 952 concessionis
992 926 1052 951 etc.
1072 923 1145 951 Dat.

138 976 302 1013 Anagnie,
316 976 395 1005 XVI
410 975 570 1014 kalendas
587 975 740 1009 octobris,
760 983 846 1004 anno
861 975 978 1012 primo.
1000 987 1011 1001 n

212 1140 298 1168 '29³

177 1201 275 1228 Eidem
299 1202 423 1233 mandat,
446 1202 583 1235 quatinus
607 1201 744 1235 magistro
767 1200 919 1235 Radulpho
940 1201 974 1226 dc
994 1200 1148 1234 Senereco,

142 1251 281 1277 canonico
297 1250 436 1276 ecclesiae
453 1259 478 1277 s.
491 1250 595 1276 Mariae
613 1249 698 1275 Medii
715 1249 880 1275 Monasterii
899 1249 1097 1280 Bituriccnsis,
1116 1250 1150 1275 de

142 1298 236 1332 aliqua
253 1299 375 1324 ecclesia
389 1299 514 1324 diocesis
526 1299 590 1332 ejus
606 1298 764 1332 provideat,
775 1298 858 1331 juxta
871 1298 979 1323 litteras
991 1297 1150 1324 Innocentii

142 1355 231 1382 papae
248 1346 298 1372 IV.
317 1347 400 1377 (Rso.
417 1347 460 1380 24,
478 1354 504 1373 c.
520 1346 582 1379 628,
599 1346 617 1372 f.
634 1346 690 1377 95.)

627 1138 752 1173 Anagni,
771 1139 801 1165 13
817 1139 980 1173 septembre
1001 1138 1076 1164 1255.

186 1460 198 1473 «
224 1448 337 1476 Eidem.
363 1447 429 1477 Sua
454 1447 549 1476 nobis
572 1446 712 1476 dilectus
735 1446 824 1476 filius
846 1447 1005 1484 magister
1026 1447 1150 1477 Radul-

143 1500 229 1538 phus
255 1500 293 1529 de
321 1500 495 1534 Senereco,
522 1499 712 1537 capellanus
739 1499 852 1528 dilecti
876 1499 937 1528 filii
968 1500 1072 1529 nostri
1098 1500 1148 1536 O.,

144 1558 256 1582 sancte
274 1552 377 1581 Marie
394 1552 428 1580 in
444 1552 507 1581 Via
523 1551 589 1581 lata
606 1551 737 1581 diaconi
754 1551 952 1586 cardinalis,
971 1552 1150 1582 canonicus

143 1604 282 1634 ecclesie
306 1607 418 1633 sancte
443 1603 548 1633 Mai-ie
571 1603 673 1633 Medji
695 1604 890 1633 Monasterii
912 1604 1148 1639 Bituricensis,

141 1657 303 1695 petitione
318 1656 526 1691 monstravit,
545 1655 642 1694 quod,
658 1656 735 1686 licet
748 1655 857 1686 felicis
870 1656 1109 1687 recordationis
1123 1658 1149 1687 I.

142 1719 226 1748 papa
246 1709 457 1747 predecessor
471 1712 583 1738 noster
597 1709 657 1738 11111
676 1709 736 1738 sub
753 1713 842 1739 certa
857 1709 964 1739 forma
980 1710 1050 1739 suis
1062 1710 1151 1740 dedit

142 1762 265 1791 litteris
283 1761 318 1790 in
340 1761 523 1795 mandatis,
548 1765 584 1790 ut
607 1761 714 1791 eidem
738 1761 897 1799 magistro
915 1762 950 1791 in
969 1762 1081 1801 aliqua
1098 1771 1150 1792 ec—

143 1814 321 1844 clesiarum
343 1818 397 1843 tue
416 1813 561 1843 civitatis
577 1813 629 1843 vel
645 1813 787 1844 diocesis
804 1814 842 1844 de
864 1814 1025 1844 beneficio
1047 1815 1151 1845 eccle-

143 1866 278 1896 siastico
296 1866 495 1904 competenti
516 1866 690 1904 providere
711 1875 862 1902 curareS,
888 1871 922 1896 tu
946 1871 1056 1897 tamen
1075 1872 1150 1897 ante

141 1919 385 1957 predecessoris
401 1919 507 1957 ipsius
524 1919 650 1948 obitum
666 1928 724 1957 per
740 1919 931 1958 hujusmodi
950 1920 1078 1950 litteras
1092 1921 1149 1950 mi-

141 1972 230 2001 nime
246 1972 449 2010 processisti,
467 1976 599 2010 propter
618 1972 704 2010 quod
718 1972 756 2001 de
774 1973 879 2010 gratia
896 1973 960 2002 sibi
978 1974 1064 2003 facta
1080 1974 1150 2003 nul-

141 2024 210 2054 lum
227 2025 433 2054 commodum
450 2028 498 2054 est
516 2024 664 2062 adeptus.
690 2025 798 2060 Quare
819 2025 858 2054 ad
882 2025 998 2055 Sedem
1021 2030 1151 2063 aposto-

141 2076 240 2106 licam
259 2077 385 2106 habens
407 2085 596 2111 recursum,
622 2076 718 2106 nobis
743 2076 916 2107 humiliter
934 2078 1148 2116 supplicavit,

142 2134 177 2159 111
200 2130 372 2168 providere
396 2129 461 2158 sihi
479 2138 578 2168 super
598 2129 659 2159 1100
680 2134 817 2168 paterna
840 2130 1014 2168 diligentia
1034 2131 1151 2169 ‹ligna-

142 2191 265 2212 remur.
289 2183 357 2212 Nos
381 2183 494 2221 igitur,
517 2183 652 2213 obtentu
670 2183 729 2218 tui,
746 2183 852 2213 eidem
867 2183 997 2219 clerico,
1015 2194 1072 2222 pro
1087 2194 1150 2223 quo

144 2235 239 2265 nobis
262 2245 319 2274 per
341 2235 468 2265 litteras
489 2240 561 2265 tuas
583 2236 788 2274 supplicasti,
806 2236 997 2275 hujusmodi
1011 2237 1150 2274 gratiam

143 2296 340 2317 conservare
358 2287 522 2323 volentes,
542 2288 738 2318 mandamus
755 2288 913 2327 quatinus
930 2289 1102 2326 provideas
1121 2290 1151 2319 ei

142 2340 178 2369 in
191 2340 302 2378 aliqua
314 2340 529 2369 ecclesiarum
540 2340 685 2370 civitatis
696 2341 748 2370 vel
760 2341 902 2370 diocesis
917 2342 1149 2377 Bituricensis,

141 2393 233 2432 juxta
248 2393 394 2430 priorum
411 2392 651 2422 continentiam
671 2393 867 2423 litterarum.
894 2395 965 2423 Dat.
986 2395 1149 2432 Anagnie,

144 2445 255 2475 idibus
272 2445 478 2484 septembris,
496 2454 582 2475 anno
598 2446 714 2483 primo.
736 2459 748 2472 »

218 2610 304 2638 534

184 2671 309 2704 Roget-io
325 2670 452 2705 Luvello,
469 2671 574 2696 clerico
592 2664 668 2704 regis
683 2670 822 2705 Angli-ac,
841 2673 973 2698 concedit
989 2673 1150 2700 facultatem

145 2719 333 2745 construendi
353 2719 490 2753 capellam
512 2719 539 2744 in
557 2720 671 2753 proprio
688 2719 774 2745 fundo
792 2724 820 2746 et
836 2721 862 2746 in
882 2728 914 2746 ea
930 2722 1107 2754 capellanum
1124 2726 1152 2748 et

145 2775 312 2802 campanam
329 2767 460 2793 habendi.
480 2766 563 2799 (nto.
580 2766 624 2800 24,
642 2775 667 2793 c.
684 2767 746 2800 629,
764 2768 781 2794 f.
800 2768 855 2801 95.)

702 2610 826 2644 Anagni,
846 2610 984 2645 i3juillet
1003 2612 1078 2638 1255.

189 2880 201 2894 α
223 2868 344 2905 Ιίορενίο
356 2868 487 2902 Luccilo,
506 2868 662 2904 capellano
682 2873 798 2904 nostr-0,
819 2870 927 2899 clerico
945 2872 1101 2900 carissimi
1120 2872 1154 2900 in

269 2933 491 2957 ALEXANDRE
510 2932 561 2963 IV,
580 2936 599 2957 t.
618 2933 638 2957 1.

1227 292 1344 320 Christo
1359 293 1420 329 (iiii
1437 295 1532 321 nostri
1551 316 1583 328 ..,
1600 295 1679 331 regis
1694 295 1801 330 Angylic
1818 295 1957 322 illustris.
1975 293 2140 323 Salutaria
2157 292 2231 324 vot'a

1226 343 1323 379 digne
1347 344 1524 381 apostolico
1543 346 1652 374 favore
1673 345 1915 383 prosequimur,
1936 355 2076 383 quornm
2093 346 2231 376 affectus

1227 399 1258 424 et
1274 395 1313 424 ad
1336 396 1441 425 divini
1465 397 1572 426 cultus
1598 402 1811 435 augmentum
1831 401 1861 427 et
1882 398 1917 426 in
1940 398 2126 427 subsidium
2151 399 2231 428 fide-

1225 448 1308 476 lium
1338 452 1444 485 potest
1471 449 1585 479 cedere
1608 450 1805 479 animarum.
1830 451 1897 479 Tue
1920 450 2022 487 igitur
2046 451 2231 481 devotionis

1226 500 1380 537 precibus
1405 500 1578 536 inclinati,
1610 502 1822 530 construendi
1850 502 2009 539 capellam
2038 503 2071 531 in
2100 504 2232 541 proprio

1227 552 1330 581 fundo
1349 557 1379 581 et
1396 552 1429 580 in
1447 561 1483 581 ea
1498 552 1537 581 ad
1556 557 1649 581 1111110
1666 553 1833 581 dumtaxat
1850 562 2143 593 successorumque
2163 560 2231 584 tuo-

1227 613 1301 633 rum
1315 612 1396 641 opus
1407 604 1576 641 proprium
1593 604 1799 641 capellanum
1817 614 1853 634 ac
1869 614 2060 643 campanam
2076 606 2232 638 habendi,

1229 656 1404 685 dummodo
1420 660 1466 685 tot
1483 656 1520 685 de
1537 655 1633 685 bonis
1650 656 1715 685 tuis
1733 656 1837 685 eidem
1855 657 2024 694 capellano
2040 667 2096 695 per
2112 662 2142 687 te
2160 659 2234 687 red-

1229 707 1317 737 ditus
1337 708 1550 745 assignentur
1567 708 1653 746 quod
1674 708 1711 737 de
1731 708 1796 737 hiis
1813 717 1956 745 congrue
1981 709 2084 739 valeat
2103 714 2235 740 susten-

1229 760 1309 794 tari,
1330 760 1492 798 requisita
1509 769 1607 798 super
1623 760 1683 790 hoc
1701 765 1731 790 et
1749 760 1883 790 obtenta
1903 761 2070 790 diocesani
2086 762 2232 792 licentia.

1228 812 1291 841 tibi
1316 812 1510 842 auctoritate
1527 812 1731 850 presentium
1755 813 1978 847 concedimus,
2003 813 2074 843 sine
2099 813 2236 843 alterius

1229 865 1428 903 prejudicio,
1453 865 1656 894 facultatem.
1681 864 1774 894 Nulli
1795 869 1855 894 etc.
1878 869 1988 894 nostre
2011 866 2236 895 concessionis

1230 921 1291 947 etc.
1311 918 1384 947 Dat.
1406 917 1568 954 Anagnie,
1587 918 1636 946 ΙΙΙ
1652 917 1727 946 idus
1743 917 1832 956 julii,
1851 925 1938 946 anno
1954 917 2070 955 primo.
2092 930 2103 943 »

1303 1087 1390 1115 '795

1268 1149 1371 1175 Abbati
1394 1152 1422 1175 et
1445 1149 1599 1174 conventui
1624 1149 1789 1174 monasterii
1818 1157 1841 1174 s.
1870 1149 1976 1175 Mariae
2003 1149 2237 1183 Ayulcurtensis,

1717 1087 1841 1121 Anagni,
1862 1088 1890 1113 17
1909 1088 2072 1121 septembre
2092 1088 2166 1115 1255.

1232 1197 1433 1223 Atrebatcnsis
1450 1197 1589 1226 diocesis.
1608 1196 1753 1226 concedit,
1773 1201 1802 1222 ut
1818 1197 1844 1222 in
1863 1197 2012 1223 refectorio
2029 1206 2126 1223 coi-nin
2146 1199 2239 1225 tribus

1231 1247 1334 1272 diebus
1357 1247 1385 1272 in
1410 1245 1587 1271 hebdomada
1608 1246 1743 1271 carnibus
1766 1246 1805 1272 1111
1827 1246 1949 1280 possint.
1966 1246 2049 1279 (Rsso.
2066 1247 2114 1277 Ἣ,
2131 1254 2156 1273 c.
2175 1247 2238 1281 630,

1232 1295 1250 1321 f.
1268 1295 1324 1326 95.)

1274 1408 1286 1421 (ι
1308 1419 1339 1431 ..,
1358 1396 1475 1430 abbaci,
1496 1401 1521 1424 et
1539 1396 1703 1424 conventui
1720 1397 1898 1424 monasterii
1913 1401 2014 1425 sancte
2032 1397 2126 1425 Μαι-16
2141 1398 2238 1434 Ayul-

1232 1450 1398 1484 curtensis,
1417 1449 1536 1478 ordinis
1555 1449 1654 1477 sancti
1669 1449 1853 1485 Auqusttnt,
1877 1449 2079 1478 Atrebatensis
2102 1450 2236 1479 diocesis.

1233 1502 1278 1531 Ex
1290 1506 1381 1539 parte
1394 1505 1503 1531 vestra
1516 1501 1579 1530 fuit
1592 1501 1795 1538 propositum
1809 1510 1916 1530 coram
1930 1501 2035 1535 nohis,
2052 1502 2149 1539 qnod,
2165 1511 2240 1531 cum

1232 1563 1288 1583 vos
1306 1558 1396 1583 extra
1415 1553 1628 1583 refectorium
1645 1553 1743 1582 certis
1758 1552 1874 1582 diebus
1891 1553 1924 1581 in
1942 1553 2082 1583 cameris
2099 1563 2238 1583 consue-

1231 1607 1348 1637 veritis
1373 1605 1461 1635 vesci
1486 1605 1642 1634 carnibus
1665 1614 1683 1634 a
1706 1609 1852 1642 tempore
1876 1605 1969 1644 cujus
1995 1606 2153 1635 memoria
2175 1615 2240 1635 non

1233 1659 1355 1693 existit,
1372 1657 1525 1687 nonnulli
1537 1657 1650 1687 clerici
1661 1661 1692 1686 et
1703 1657 1780 1686 laici
1793 1657 1832 1686 ad
1844 1662 1989 1687 vestrum
2002 1659 2241 1687 monasterium

1233 1711 1452 1745 declinantes,
1473 1710 1639 1739 interdum
1661 1709 1754 1739 vobis
1775 1709 1907 1744 invitis,
1931 1710 1970 1738 ad
1993 1718 2141 1739 mensam
2167 1720 2241 1740 ves-

1233 1769 1315 1794 tram
1334 1773 1368 1793 se
1384 1763 1556 1800 ingerunt,
1576 1771 1657 1800 quos
1677 1762 1706 1791 si
1724 1762 1822 1791 vitari
1838 1763 2062 1800 contingeret,
2085 1772 2147 1792 non
2169 1764 2241 1794 sine

1231 1821 1341 1847 vestro
1368 1817 1461 1846 fieret
1490 1815 1645 1845 scandalo
1676 1824 1713 1844 ac
1742 1815 1848 1852 ipsius
1879 1816 2073 1845 monasterii
2100 1816 2239 1846 lesione.

1233 1871 1340 1906 Quare
1362 1869 1456 1899 nobis
1473 1868 1646 1898 humiliter
1663 1868 1893 1906 supplicastis,
1914 1872 1949 1897 ut
1972 1878 2070 1906 super
2088 1869 2148 1898 hoc
2166 1878 2240 1907 pro-

1232 1923 1344 1953 videre
1360 1922 1453 1952 vobis
1474 1926 1504 1951 et
1522 1921 1629 1951 eidem
1647 1921 1848 1950 monasterio
1865 1921 1903 1950 de
1920 1921 2125 1958 benignitate
2146 1922 2241 1951 Sedis

1233 1975 1411 2013 apostolice
1428 1983 1631 2004 curaremus.
1650 1974 1717 2004 Nos
1731 1973 1844 2011 igitur,
1861 1974 1980 2003 vestris
1993 1973 2241 2011 supplicationi-

1232 2028 1294 2057 bus
1314 2027 1484 2061 inclinati,
1506 2026 1592 2055 utin
1614 2025 1790 2056 refectorio
1812 2030 1921 2055 vestro
1941 2026 2046 2055 tribus
2073 2026 2188 2055 diebus
2206 2027 2240 2055 in

1232 2079 1413 2110 ebdomada
1435 2079 1591 2108 carnibus
1615 2078 1664 2107 uti
1691 2078 1826 2115 possitis
1848 2078 1941 2116 juxta
1962 2078 2111 2115 regulam
2134 2079 2236 2108 vestri

1232 2132 1377 2166 ordinis,
1396 2131 1570 2161 dummodo
1591 2131 1625 2160 id
1647 2135 1805 2160 statutum
1829 2130 1963 2168 aliquod
1985 2139 2049 2160 non
2067 2134 2238 2168 repugnet,

1231 2185 1426 2215 auctoritate
1449 2184 1542 2213 vobis
1566 2184 1772 2222 presentium
1795 2183 2006 2213 concedimus
2033 2183 2234 2213 facultatem.

1232 2237 1325 2268 Nulli
1336 2240 1397 2267 etc.
1411 2240 1522 2266 nostre
1534 2235 1758 2265 concessionis
1771 2240 1831 2265 etc.
1847 2236 1920 2265 Dat.
1934 2235 2096 2273 Anagnie,
2111 2236 2173 2265 XV
2186 2235 2239 2264 ka-

1232 2290 1347 2320 lendas
1363 2288 1518 2323 octobris,
1537 2297 1623 2318 anno
1638 2288 1754 2326 primo.
1777 2300 1789 2314 »

1307 2460 1392 2488 '286

1270 2522 1316 2553 O.,
1334 2530 1358 2548 s.
1376 2520 1497 2547 Adriani
1513 2520 1633 2546 diacono
1649 2519 1803 2554 cardinali,
1823 2520 1869 2546 cui
1888 2519 2011 2546 Granata
2032 2520 2144 2551 mulier,
2160 2528 2242 2547 soror

1234 2570 1377 2606 quondam
1391 2569 1500 2604 judicis
1516 2568 1593 2595 Petri
1610 2568 1644 2594 de
1662 2567 1762 2598 Vinea,
1776 2568 1877 2594 domos
1891 2572 1918 2593 ct
1931 2567 2002 2593 bona
2014 2568 2106 2602 ipsius
2122 2567 2197 2594 I'etri
2214 2569 2241 2594 in

1236 2618 1333 2645 Sicilia
1349 2617 1505 2651 concessit,
1523 2616 1706 2643 donationem
1718 2617 1802 2643 istam
1814 2616 1973 2642 confirmat.
1988 2616 2071 2649 (11110.
2084 2616 2128 2648 ⁵24,
2142 2625 2167 2642 c.
2180 2616 2241 2648 631,

1235 2667 1254 2694 f.
1272 2667 1327 2702 95.)

1739 2457 1856 2492 Naples,
1873 2458 1905 2484 ‘21
1921 2458 2072 2484 decembre
2092 2458 2169 2485 1255.

1278 2770 1322 2804 0.,
1340 2769 1440 2797 sancti
1456 2768 1590 2796 Adriani
1606 2767 1733 2796 diacono
1749 2767 1916 2795 cardinali.
1934 2765 2096 2795 Convenit
2114 2769 2146 2793 111
2164 2774 2240 2800 nos,

1237 2821 1294 2861 qui
1313 2819 1512 2859 generaliter
1528 2819 1681 2849 omnibus
1698 2828 1755 2857 pro
1772 2827 1907 2848 suorum
1926 2817 2175 2847 conservatione
2188 2817 2242 2855 ju-

1236 2872 1324 2901 rium
1347 2874 1436 2900 certa
1450 2869 1661 2908 providemus
1678 2868 1824 2898 remedia
1842 2871 1873 2897 et
1891 2867 2056 2897 extraneis
2073 2867 2171 2896 etiam
2190 2867 2244 2896 111-

2091 2932 2116 2956 31
