2498 3325
235 227 292 258 338
960 224 1198 255 liEGls'rRES
1219 222 1526 254 D'ALEXANDRE
1551 225 1606 255 lv.

235 301 313 328 nus,
338 300 455 329 gerens
477 291 516 321 ad
539 300 713 329 personam
738 291 833 321 electi
855 290 973 329 prefati
994 290 1119 329 private
1141 289 1242 319 dilec-

234 345 334 375 tionis
358 344 523 378 affectum,
550 343 900 382 archipresbitvi-atum
922 343 1001 373 dicti
1026 343 1087 373 loci
1114 343 1152 372 de
1178 343 1242 373 Goz

232 398 341 427 univit
373 397 568 426 auctoritate
599 397 731 434 propria
761 396 923 434 prioratui
960 396 1107 436 ejusdem
1141 395 1241 425 eccle-

233 450 281 479 sie
302 450 340 479 dc
364 451 482 479 Parato
505 448 567 487 (sic)
591 449 624 477 in
645 458 775 486 gravem
801 449 945 487 predicte
963 448 1101 478 ecclesie
1123 448 1160 477 de
1178 449 1242 478 Goz

234 502 444 540 dispendium
461 506 490 531 ct
504 502 679 540 jacturam,
694 501 779 540 quod
793 501 941 531 redditus
956 502 1122 539 prioratus
1137 502 1242 540 ipsius

234 559 342 584 essent
359 559 475 583 tenues
489 559 519 583 et
533 554 645 589 exiles,
665 554 698 583 in
712 554 901 593 hujusmodi
915 555 1036 584 unione
1049 556 1241 591 confingens

233 611 263 636 et
295 606 402 636 selis-is
433 607 672 636 recordationis
703 608 726 636 I.
762 617 845 645 papa
873 608 1087 645 predecessor
1117 612 1239 643 noster,

233 659 472 697 prescriptione
511 660 719 689 ‹2onfiv1i0nis
756 659 945 698 hujusuujnli
983 661 1238 696 cira-inmanitas,

233 712 391 741 unionem
405 712 510 749 ipsam
527 712 561 741 in
578 713 682 742 forma
698 713 865 742 communi
882 713 1238 743 ‹licium-‹enin-masse.

233 764 315 794 Cum
337 764 449 801 igitur,
471 765 553 793 sicul
575 765 779 802 accepimus,
802 765 888 795 idem
907 765 1241 804 a1·‹·liipresl·ilei-alus

233 816 344 852 maj-vui
368 816 512 845 nominis
536 821 565 846 et
588 818 674 847 fame
696 817 836 847 ‹adela-is
860 818 892 846 in
918 818 985 847 illis
1010 819 1158 857 partibus
1182 819 1241 849 ha—

234 869 363 904 beatur,
390 874 500 907 utpote
523 870 576 899 rui
601 870 741 899 subsunt
768 870 888 907 viginti
912 876 942 900 et
967 872 1079 910 plures
1103 872 1241 902 ecclc-sie

234 932 346 950 miram
366 922 552 951 animarum
576 922 737 952 hahentes
759 933 794 952 ae
817 930 973 954 consuete
995 925 1034 954 ab
1054 925 1160 963 ipsius
1178 925 1240 954 loci

234 974 513 1012 archipresbitero
529 975 657 1004 visitari
675 980 703 1005 ct
722 976 832 1014 plures
850 977 896 1005 ibi
913 978 1147 1007 consueverint
1162 978 1242 1008 rcsi-

234 1027 310 1056 dere
326 1027 493 1065 regulares
511 1029 661 1058 canonici
678 1029 817 1058 etmulti
833 1029 944 1059 clerici
959 1030 1125 1061 seculares
1141 1031 1242 1061 virtu—

234 1083 302 1109 tum
325 1080 465 1110 Domino
486 1081 704 1117 famulantes,
722 1081 778 1111 ubi
796 1085 868 1120 post
883 1083 1041 1112 unionem
1060 1083 1241 1122 predictam

233 1136 381 1161 moratur
399 1133 624 1163 tantummodo
646 1142 733 1163 unus
755 1134 860 1169 solus,
879 1134 991 1165 clerici
1008 1135 1107 1165 etiam
1124 1139 1155 1165 et
1169 1145 1241 1174 par-

233 1184 383 1214 rochiani
400 1185 564 1214 dictarum
578 1185 792 1215 ecclesiarum
808 1187 903 1225 quasi
916 1187 1040 1226 absque
1055 1188 1161 1226 capite
1175 1197 1240 1218 non

232 1237 376 1267 habeant
396 1237 435 1266 ad
453 1246 550 1276 quem
567 1242 739 1268 recurrant
755 1239 789 1267 in
807 1239 1054 1277 spiritualibus,
1073 1249 1091 1270 a
1108 1249 1172 1279 quo
1188 1250 1241 1271 re-

232 1289 285 1318 fici
302 1289 431 1318 valeant
449 1289 569 1327 pabulo
586 1290 677 1320 verbi
695 1291 766 1326 Dei,
784 1294 813 1320 et
828 1300 886 1329 per
902 1291 962 1321 hoc
979 1296 1046 1321 tam
1060 1293 1173 1322 eedem
1187 1301 1240 1322 ec-

231 1340 331 1370 clesie
362 1350 459 1380 quam
487 1342 595 1372 dictus
625 1342 959 1381 archipresbiteratus
990 1345 1160 1382 patiantur
1184 1345 1240 1375 de-

230 1394 353 1423 fectum
384 1403 448 1423 non
479 1394 645 1424 modicum
675 1395 710 1424 in
738 1395 862 1425 divinis
892 1400 924 1425 et
953 1396 1029 1426 aliis
1059 1397 1100 1427 ad
1126 1406 1241 1427 curam

231 1447 476 1484 pertinentibus
494 1447 699 1483 animarum,
721 1449 918 1479 mandamus
935 1450 1111 1488 quatinus,
1132 1450 1160 1480 si
1179 1450 1239 1480 tibi

231 1500 417 1529 constiterit
436 1500 474 1529 de
491 1500 682 1538 premissis,
701 1501 824 1531 unione
844 1511 880 1531 ac
898 1502 1148 1533 confirmatione
1164 1513 1240 1542 pre-

231 1552 328 1582 dictis
346 1561 555 1591 nequaquam
573 1553 794 1589 obstantibus,
812 1555 993 1593 predictam
1010 1555 1184 1586 ecclesiam
1201 1557 1239 1587 de

231 1606 295 1635 Goz
319 1605 354 1634 in
377 1610 499 1635 statum
522 1606 702 1644 pristinum
724 1606 872 1645 legitime
895 1617 1049 1638 revocare
1070 1618 1237 1647 procures,

231 1658 358 1687 faciens
375 1667 446 1688 eam
465 1668 522 1696 per
539 1658 614 1688 illos
633 1659 672 1688 ad
692 1669 774 1698 quos
790 1661 948 1698 pertinet,
967 1665 1063 1699 prout
1079 1661 1239 1693 hactenus

231 1710 302 1740 fieri
326 1711 515 1745 consuevit,
536 1712 694 1741 canonice
719 1713 883 1747 ordinari,
904 1713 942 1743 de
961 1714 1240 1752 archipresbitero

232 1767 260 1792 et
282 1763 432 1801 personis
447 1763 523 1792 aliis
540 1763 663 1793 ibidem
680 1765 821 1795 Domino
838 1765 1035 1803 regulariter
1052 1767 1238 1798 servituris.

231 1816 499 1846 Contradictores
516 1820 576 1846 etc.
594 1817 668 1846 Dat.
682 1818 848 1853 Laterani,
861 1819 892 1848 X
905 1818 1064 1849 kalendas
1077 1820 1237 1858 januarii,

231 1877 317 1898 anno
335 1869 490 1898 secundo.
511 1881 523 1895 »

306 2040 324 2066 Ι
335 2039 424 2068 024

267 2101 389 2127 Abbatis
404 2105 432 2127 et
448 2105 607 2128 conventus
624 2103 788 2129 monasterii
806 2103 836 2129 S.
852 2103 994 2130 Johannis
1006 2104 1239 2139 Angeliaccnsis,

231 2149 339 2175 ordinis
354 2157 378 2175 s.
403 2149 560 2181 Benedicti,
580 2151 715 2184 precibus
730 2159 871 2184 annuens,
886 2152 1005 2182 inhibet,
1019 2156 1048 2178 ut
1061 2152 1155 2178 nullus
1168 2153 1241 2179 infra

745 2041 856 2073 Lati-an,
874 2041 906 2069 ‘23
922 2042 1073 2069 decembre
1090 2043 1166 2070 1255.

230 2206 328 2224 eoi-um
348 2198 513 2232 parrochias
534 2199 642 2233 absque
658 2207 758 2226 eorum
779 2203 807 2226 et
829 2199 975 2226 diocesani
991 2201 1108 2235 speciali
1125 2201 1240 2228 lieentia

232 2247 451 2279 monasterium,
482 2247 637 2273 oratorium
662 2250 718 2274 etc.
748 2251 916 2274 construere
947 2249 1046 2275 valeat.
1078 2249 1162 2280 (Rae.
1187 2249 1239 2282 ζ24,

231 2295 248 2320 f.
271 2294 340 2325 iffssv,
358 2303 424 2321 auu.
441 2294 483 2327 11,
501 2303 526 2320 c.
546 2295 598 2326 iti.)

272 2407 285 2421 α
303 2395 409 2423 Abbati
424 2400 449 2423 el
466 2397 630 2424 conventui
651 2397 832 2425 monasterii
852 2397 960 2426 Sancti
975 2398 1126 2427 ,Iohannis
1141 2400 1240 2436 1111911-

231 2448 386 2481 liaceizsis,
412 2447 531 2476 ordinis
553 2449 653 2477 sancti
674 2449 841 2483 Benedicti,
865 2451 1082 2479 Karza—lonensis
1103 2451 1238 2480 diocesis.

232 2499 418 2537 Religionis
432 2503 538 2528 vestre
554 2499 745 2529 inducimur
758 2501 897 2536 meritis,
914 2505 948 2531 ut
966 2512 1002 2531 ca
1019 2502 1110 2532 vobis
1127 2512 1239 2533 conce-

232 2552 347 2581 damus
365 2551 518 2588 benigne,
537 2560 594 2589 per
610 2561 672 2590 que
691 2557 797 2582 restro
815 2554 969 2583 accrescit
990 2554 1107 2584 honori
1124 2559 1154 2585 et
1170 2565 1239 2586 ves-

233 2604 291 2634 tris
317 2603 501 2641 dispendiis
523 2603 686 2632 obviatur.
713 2604 793 2633 Inde
817 2614 959 2644 namque
983 2611 1031 2635 est
1057 2607 1143 2645 quod
1165 2617 1236 2644 nos,

232 2656 416 2686 devolionis
438 2660 545 2685 vestre
565 2656 718 2693 precibus
741 2662 942 2693 annuentes,
967 2663 999 2688 ut
1020 2659 1131 2689 nullus
1150 2661 1239 2691 infra

234 2708 427 2738 monasterii
456 2708 555 2737 vestri
587 2712 617 2737 et
646 2709 851 2746 prioratuum
883 2711 988 2739 eidem
1017 2712 1239 2750 subjectorum

232 2761 423 2799 parrochias
441 2761 692 2797 nmnasterium,
712 2762 908 2797 oratorium,
928 2763 1101 2793 ecclesiam
1119 2765 1169 2795 vel
1185 2776 1240 2795 ca-

232 2814 352 2852 pellam
380 2813 504 2851 absque
533 2817 641 2842 vestra
675 2818 703 2842 el
735 2814 903 2844 diocesani
935 2816 1069 2853 speciali
1104 2817 1239 2848 licentia

232 2871 423 2895 musti-uere
451 2865 502 2895 vel
527 2866 635 2896 facere
663 2865 785 2901 valeat,
814 2868 1008 2897 auctoritate
1034 2870 1239 2906 presentium

1324 288 1528 319 inhibemus.
1547 290 1639 320 Nulli
1662 295 1722 321 etc.
1741 296 1852 322 nostre
1868 291 2082 322 inhibitionis
2099 297 2159 322 etc.
2177 292 2250 322 Dat.
2271 293 2335 322 La-

1324 342 1442 378 terani,
1461 343 1490 373 X
1508 342 1667 374 kalendas
1681 345 1840 384 januarii,
1859 354 1946 374 anno
1965 345 2120 374 secundo.
2141 358 2153 371 n

1398 513 1513 542 ¹025

1362 575 1465 601 Abbati
1484 574 1612 609 ejusdem
1637 576 1803 602 monasterii
1824 577 1947 611 ejusque
1972 577 2166 603 membrorum
2191 576 2335 612 prioribus

1324 622 1464 656 indulget,
1489 628 1518 649 ut
1538 632 1588 657 pro
1610 624 1742 658 dampnis
1763 628 1791 650 et
1813 625 1927 658 injuriis
1949 625 2099 651 monachis
2120 629 2147 651 et
2168 625 2334 652 hominibus

1324 672 1388 705 ojus
1404 671 1489 697 illatis
1505 680 1590 705 agere
1608 671 1635 698 iu
1648 672 1760 706 judicio
1779 673 1898 700 valeant.
1917 673 2001 706 (lieo.
2016 673 2066 704 ⁶24,
2081 673 2100 700 s.
2122 673 2193 705 lid'.
2209 681 2276 700 ann.
2293 671 2333 706 11,

1323 727 1349 746 c.
1369 720 1397 745 17
1411 722 1420 752 )

1838 514 1950 548 Lati-an,
1966 514 2000 542 ‘23
2016 515 2167 542 decembre
2185 515 2260 542 1255.

1366 835 1378 848 «
1396 823 1502 851 Abbati
1519 823 1700 851 monasterii
1717 822 1826 852 Sancti
1840 822 2008 857 Johannis,
2029 823 2148 851 ordinis
2165 823 2266 852 sancti
2280 822 2336 852 Be-

1323 876 1448 910 nedicti,
1460 877 1660 904 limitaneas-is
1669 875 1804 910 diocesis,
1818 876 1940 912 (jusque
1950 876 2154 904 membrorum
2164 875 2334 913 pri'oribus.

1324 927 1541 965 Exigentibus
1555 933 1661 957 vestre
1675 927 1862 957 devotionis
1877 927 2018 963 meritis,
2034 927 2251 966 petitionibus
2264 936 2335 958 ves-

1324 980 1384 1010 tris
1400 980 1544 1010 libenter
1560 980 1751 1016 annuimus,
1769 980 1858 1018 ipsas
1873 980 1907 1009 in
1922 984 2082 1018 quantum
2096 989 2169 1010 cum
2184 981 2252 1010 Deo
2263 988 2335 1018 pos-

1325 1042 1440 1063 sumus
1478 1037 1509 1063 et
1538 1033 1625 1072 juris
1659 1033 1789 1071 equitas
1824 1033 1999 1071 persuadet
2036 1033 2077 1062 ad
2112 1031 2335 1063 exauditionis

1324 1086 1464 1123 gratiam
1487 1085 1712 1115 admittentes.
1736 1085 1822 1115 Hinc
1841 1090 1890 1115 est
1913 1086 2000 1124 quod
2026 1094 2101 1120 nos,
2119 1085 2240 1115 vestris
2255 1093 2335 1124 sup-

1323 1138 1560 1177 plicationibus
1575 1138 1740 1173 inclinati,
1759 1142 1793 1168 ut
1808 1148 1865 1176 pro
1881 1139 2046 1177 dampnis,
2062 1137 2208 1177 injuriis,
2223 1146 2335 1168 mona-

1323 1191 1395 1221 chis
1418 1195 1449 1221 et
1474 1191 1667 1220 hominibus
1696 1191 1815 1220 vestris
1838 1190 1941 1220 illatis
1965 1200 2001 1220 ac
2024 1191 2123 1221 etiam
2144 1189 2335 1220 inserendis

1323 1242 1386 1282 (sic)
1404 1247 1565 1282 quantum
1585 1243 1685 1273 vestri
1710 1243 1849 1273 interest
1867 1252 1964 1281 agere
1983 1244 2017 1272 in
2031 1243 2158 1283 judicio
2176 1242 2331 1278 valeatis,

1323 1296 1519 1326 auctoritate
1546 1296 1639 1325 vobis
1662 1296 1869 1334 presentium
1897 1296 2121 1334 indulgemus.
2150 1295 2243 1326 Nulli
2269 1300 2332 1326 etc.

1322 1352 1435 1378 nostre
1450 1348 1678 1378 concessionis
1695 1352 1756 1378 etc.
1774 1349 1847 1378 Dat.
1865 1352 1901 1378 ut
1918 1357 2029 1386 supra.
2049 1360 2062 1374 »

1396 1520 1515 1548 ¹02ss
1834 1518 1947 1553 Lati-an,
1964 1518 1997 1546 ‘2²2
2013 1518 2165 1545 decembre
2182 1518 2261 1546 1255.

1356 1581 1495 1616 Magistro
1517 1581 1683 1612 Guillelmo‚
1701 1580 1778 1607 dicto
1802 1580 1900 1611 Galet,
1918 1581 2058 1607 canonico
2073 1580 2214 1607 ecclesiae
2229 1581 2257 1608 b.
2276 1580 2336 1608 Ra-

1320 1630 1464 1664 degundis
1481 1629 1684 1662 pictaviensis,
1702 1629 1832 1663 indulget
1845 1633 1884 1661 ut,
1899 1632 2011 1663 praeter
2021 1629 2174 1656 ecclesiam
2187 1629 2222 1656 de
2236 1629 2335 1664 Longa

1320 1678 1396 1705 Villa
1411 1686 1497 1712 quam
1513 1686 1612 1704 curam
1632 1679 1792 1704 animarum
1816 1678 1968 1704 habentem
1992 1686 2024 1704 se
2046 1678 2185 1705 canonice
2200 1677 2335 1713 proponit

1321 1727 1466 1762 adeptum,
1486 1727 1602 1753 unicum
1619 1726 1694 1753 aliud
1711 1726 1894 1760 beneficium,
1910 1727 1994 1752 etiam
2013 1730 2198 1760 personatum
2210 1727 2254 1753 vel
2269 1726 2335 1761 dig-

1322 1776 1455 1807 nitatem,
1482 1775 1569 1801 libere
1595 1776 1723 1810 recipere
1748 1779 1776 1801 et
1803 1775 1879 1802 licite
1903 1775 2027 1801 retinere
2049 1776 2150 1802 valeat.
2176 1773 2260 1809 (Rau.
2281 1774 2332 1809 24,

1322 1824 1340 1851 f.
1357 1823 1431 1856 l‘zssv,
1448 1832 1515 1850 ann.
1533 1822 1570 1855 li,
1587 1831 1613 1850 e.
1634 1824 1684 1858 18.)

1365 1936 1378 1950 «
1399 1924 1541 1962 Maqislro
1561 1924 1722 1953 Guillelmo
1738 1924 1817 1954 dicto
1834 1924 1931 1959 Galet,
1950 1926 2098 1954 canonico
2118 1925 2237 1954 ecclesie
2254 1925 2335 1954 beate

1324 1977 1515 2014 Radequndis
1526 1978 1738 2006 Pia-laviensis.
1752 1976 1946 2006 Laudabilis
1961 1977 2224 2007 conversationis
2239 1981 2270 2008 et
2283 1994 2333 2006 -.

1324 2030 1396 2058 Dat.
1418 2029 1589 2064 Laterani,
1606 2029 1654 2059 XI
1675 2028 1835 2059 kalendas
1852 2029 2019 2068 januarii,
2038 2038 2125 2059 anno
2143 2029 2300 2060 secundo.
2319 2040 2334 2056 ι»

1397 2198 1516 2227 11)ξῖ

1359 2260 1498 2295 Magistro
1513 2260 1666 2287 Guillelmo
1683 2261 1717 2287 de
1733 2261 1836 2292 Saana,
1849 2261 2051 2287 archidiacono
2066 2261 2206 2288 eeclesiae
2221 2261 2337 2288 Rotho-

1323 2310 1471 2344 magensis
1483 2310 1511 2335 in
1525 2308 1680 2336 Vulcasino
1698 2309 1845 2341 Franciae,
1864 2309 2002 2343 indulget,
2020 2313 2049 2335 ut
2064 2309 2232 2343 dignitatem
2249 2309 2336 2336 etiam

1323 2358 1516 2392 pontificalem
1541 2358 1668 2392 recipere
1691 2358 1797 2390 valeat,
1823 2365 1878 2383 non
1901 2358 2034 2384 obstante
2055 2357 2170 2384 defectu
2186 2357 2334 2385 natalium.

1322 2406 1404 2440 (REG.
1417 2406 1461 2440 ⁶24,
1479 2406 1498 2434 s.
1518 2406 1577 2440 1-27,
1594 2416 1660 2433 aun.
1677 2406 1713 2437 ΙΙ,
1729 2415 1754 2433 c.
1776 2407 1827 2440 19.)

1894 2198 2009 2230 Latran,
2027 2199 2168 2233 5janvier
2186 2199 2264 2227 1256.

1365 2520 1377 2534 κ
1402 2508 1546 2545 Magistro
1577 2508 1737 2537 Gaz'llelmo
1766 2508 1799 2536 de
1823 2508 1938 2543 Saena,
1968 2508 2188 2537 archidiacono
2215 2508 2334 2536 ecclesie

1322 2561 1569 2598 Rolhomayensis
1587 2562 1618 2589 in
1639 2562 1800 2590 i'iclcasino
1812 2561 1953 2590 Francia.
1971 2560 2066 2595 Cum,
2085 2559 2171 2589 sicut
2187 2568 2225 2589 ex
2240 2562 2332 2598 parte

1323 2616 1379 2641 tua
1399 2612 1459 2641 suit
1478 2613 1682 2650 propositum
1707 2622 1815 2642 coram
1836 2612 1949 2647 nobis,
1968 2611 2076 2641 felicis
2094 2611 2332 2642 recordationis

1322 2665 1348 2693 I.
1366 2674 1449 2702 papa
1464 2665 1677 2702 predecessor
1689 2670 1800 2695 noster
1813 2665 1872 2694 tibi
1888 2668 1934 2699 ut,
1953 2674 2017 2693 non
2035 2664 2186 2693 obstante
2202 2663 2332 2694 defectu

1322 2716 1483 2745 natalium
1501 2726 1597 2754 quem
1615 2717 1807 2754 patiebaris,
1825 2717 1864 2746 de
1882 2717 2067 2754 presbitero
2083 2716 2216 2753 genitus
2232 2719 2263 2746 et
2279 2724 2333 2746 so-

1321 2768 1401 2803 luta,
1420 2769 1454 2797 iu
1475 2770 1638 2807 susceptis
1660 2770 1852 2799 ministrare
1875 2769 2049 2798 ordinibus
2073 2773 2103 2798 et
2126 2768 2332 2798 archidiaco-

1322 2825 1435 2849 natum
1460 2830 1495 2849 ac
1516 2821 1717 2858 prebsnmam
1743 2831 1825 2860 quos
1846 2821 1880 2850 in
1907 2820 2169 2857 Rothomagensi
2192 2819 2333 2850 ecclesia

1321 2872 1452 2902 obtines
1470 2873 1612 2903 retinere
1627 2873 1729 2904 libere
1747 2878 1788 2908 ct,
1806 2873 1951 2911 predicto
1965 2872 2237 2902 archidiaconatu
2253 2871 2332 2902 resi-
