2498 3325
1008 201 1237 238 DEUXIEME
1259 200 1418 237 ANNEE.
2207 210 2262 238 465

169 286 226 307 vos
243 277 328 315 apud
342 286 400 306 nos
413 276 530 313 dignos
545 277 657 306 favore
673 276 856 312 constituit,
869 279 905 306 ut
917 275 1012 305 nobis
1028 275 1175 304 votivum

170 329 305 364 existat,
328 338 384 358 vos
407 329 446 358 ab
467 329 621 358 omnibus
639 338 695 367 per
715 338 778 368 que
795 329 887 357 vobis
904 332 1038 366 possent
1060 336 1175 365 prove-

170 382 241 412 nire
256 381 438 419 dispendia,
452 381 617 411 immunes
634 381 751 411 libenti
767 381 876 410 animo
892 388 1083 418 preservare
1098 388 1176 409 auc-

170 434 301 463 toritate
327 433 420 463 vobis
445 434 648 471 presentium
674 433 901 471 indulgemus,
926 437 976 465 ut,
1003 431 1176 461 occasione

170 486 285 516 statuti
308 485 517 524 hujusmodi,
537 486 664 515 nullum
688 486 811 516 eisdem
831 485 1041 515 libertatibus
1063 489 1093 514 et
1113 484 1176 512 im-

170 538 390 568 munitatibus
407 538 441 567 in
458 543 625 576 posterum
641 539 861 578 prejudicium
879 543 1065 576 generetur.
1083 537 1176 567 Nulli

171 594 230 620 etc.
258 595 368 620 nostre
392 591 618 621 concessionis
641 595 701 620 etc.
726 591 799 620 Dat.
820 591 983 628 Anagnie,
1005 591 1053 620 ΙΙΙ
1071 599 1175 619 nonas

171 644 315 681 augusti,
334 652 420 673 anno
438 643 591 673 secundo.
613 655 626 669 »

246 828 360 856 Ι-Ἰ8ῒ

208 888 424 923 Separationem
443 889 582 915 bonorum
604 889 715 915 abbatis
739 890 902 915 monasterii
926 889 954 915 S.
980 889 1140 915 Eadmundi
1163 899 1178 915 a

172 937 256 963 bonis
274 937 451 969 monasterii,
468 938 502 963 ab
520 937 688 964 Innocentio
706 946 777 972 papa
794 937 1001 969 confirmatam,
1017 938 1176 964 confirmat.

176 985 258 1017 (Rae.
280 986 329 1014 24.
352 985 371 1011 f.
394 986 471 1018 (ΞΟΠ,
491 994 557 1012 ann.
579 985 618 1016 11,
635 993 660 1011 c.
680 986 753 1018 401.)

650 829 777 861 Anagni,
796 829 828 855 30
845 828 1008 862 septembre
1030 828 1105 854 1256.

213 1099 225 1112 «
245 1086 376 1115 Eisdem.
401 1086 581 1117 Consuevit
598 1087 698 1117 Sedes
716 1087 895 1125 apostolica
911 1105 959 1115 —.
978 1088 1061 1117 Cum
1077 1087 1180 1125 igitur

171 1138 255 1168 lecta
271 1147 380 1168 coram
397 1139 492 1169 nobis
509 1144 618 1169 vestra
640 1140 756 1178 petitio
776 1139 982 1175 continebat,
1003 1139 1090 1169 bona
1112 1144 1178 1174 tua,

172 1191 220 1221 fili
237 1191 349 1227 abbas,
363 1191 490 1221 abonis
505 1192 636 1227 vestris,
652 1192 713 1221 filii
730 1197 922 1226 conventus,
942 1193 1018 1228 sint,
1039 1193 1124 1222 sicut
1141 1192 1180 1222 ab

173 1245 321 1283 antiquis
346 1245 482 1274 fuerunt
506 1245 727 1283 temporibus,
753 1246 885 1283 penitus
912 1250 1079 1283 separata,
1108 1254 1178 1280 nos,

173 1298 358 1328 devotionis
395 1301 503 1327 vestre
539 1298 693 1336 precibus
729 1298 898 1332 inclinati,
938 1298 1181 1336 separationem

173 1350 365 1389 hujusmodi
382 1355 487 1380 ratam
504 1350 664 1380 habentes
683 1355 713 1380 et
732 1355 874 1388 gratam.
893 1350 984 1379 illam
1000 1350 1108 1380 felicis
1129 1360 1181 1380 re-

173 1403 375 1433 cordationis
397 1404 423 1432 I.
448 1412 529 1441 pape
548 1403 792 1441 predecessoris
809 1403 929 1435 nostri.
953 1403 1009 1441 qui
1031 1412 1101 1432 eam
1124 1412 1182 1441 per

174 1465 250 1485 suas
271 1456 392 1484 dicitur
410 1455 539 1485 litteras
559 1457 790 1492 confirmasse,
816 1456 1000 1485 inherendo
1017 1456 1180 1494 vestigiis,

174 1508 369 1538 auctoritate
382 1508 561 1546 apostolica
575 1509 809 1538 confirmamus
823 1513 853 1538 et
865 1508 1070 1546 presentium
1082 1509 1182 1546 scrip-

175 1566 281 1591 torum
302 1561 486 1599 patrocinio
507 1561 763 1591 communimus.
785 1561 877 1591 Nulli
897 1565 957 1591 etc.
977 1566 1087 1591 nostre
1104 1570 1183 1591 con-

174 1614 372 1643 firmationis
396 1618 457 1644 etc.
483 1615 555 1644 Dat.
584 1615 751 1651 Anagnie,
778 1615 810 1644 ΙΙ
838 1614 998 1644 kalendas
1026 1614 1180 1648 octobris,

173 1676 260 1697 anno
277 1667 432 1698 secundo.
453 1680 465 1694 n

249 1855 266 1882 Ι
275 1854 363 1882 488

210 1915 382 1941 Monialibus
400 1916 523 1942 inclusis
544 1916 712 1942 monasterii
731 1915 761 1941 S.
780 1915 884 1941 Mariae
901 1915 936 1941 de
955 1915 1105 1948 proliano,
1124 1915 1184 1942 To-

174 1965 288 1991 losanae
310 1964 454 1998 diocesis,
476 1965 621 1999 indulget,
641 1968 671 1990 ut
694 1964 729 1990 de
747 1965 1000 1998 possessionibus,
1022 1973 1095 1998 quas
1115 1973 1184 1999 pro-

174 2013 245 2048 priis
265 2013 431 2046 sumptibus
447 2013 561 2043 colunt.
578 2021 629 2039 seu
648 2013 683 2038 de
700 2003 872 2038 molendinis
889 2021 988 2039 eorum
1006 2015 1055 2039 aut
1070 2013 1104 2038 de
1120 2013 1182 2039 ani-

175 2061 291 2087 malium
308 2061 493 2087 nutrimentis
513 2069 568 2087 non
590 2065 744 2087 teneantur
767 2061 851 2087 alicui
876 2061 1004 2087 decimas
1020 2061 1157 2087 exhibere
1177 2071 1182 2086 :

653 1854 784 1888 Anagni,
801 1854 834 1880 ‘25
851 1854 1015 1888 septembre
1036 1853 1110 1880 1‘256.

174 2111 309 2137 inhibens
325 2110 496 2141 districtius,
514 2118 548 2136 ne
562 2110 627 2144 quis
642 2110 677 2136 de
692 2110 861 2144 praemissis
875 2110 909 2136 ab
926 2110 969 2136 eis
981 2110 1107 2136 decimas
1121 2110 1183 2136 exi-

175 2167 244 2194 gere
262 2162 438 2193 praesumat.
457 2158 542 2193 (nm.
561 2158 612 2192 ⁶24,
634 2159 652 2185 s.
675 2158 750 2190 201¹,
770 2167 836 2184 ann.
859 2158 896 2191 ΙΙ,
913 2167 938 2185 c.
958 2159 1030 2191 402.)

217 2273 229 2287 u
250 2261 398 2289 Prior-isse
420 2265 445 2289 et
461 2261 625 2289 concentui
643 2261 830 2289 monialium
848 2261 1044 2290 inclusarum
1061 2269 1184 2290 monas-

176 2314 247 2344 terii
269 2314 355 2342 Beate
375 2314 471 2342 Marie
493 2313 526 2342 cle
549 2314 708 2348 Pruliano,
736 2314 855 2342 ordinis
879 2315 979 2343 sancti
1003 2314 1181 2351 Augustini,

176 2367 341 2397 Tholosane
353 2366 487 2395 diocesis.
499 2365 683 2395 Desideriis
696 2366 814 2395 vestris
826 2366 860 2395 in
873 2384 921 2395 —.
934 2367 1007 2396 Dat.
1020 2366 1181 2404 Anagnie,

174 2419 238 2449 VII
255 2418 414 2448 kalendas
428 2418 582 2453 octobris,
602 2427 689 2448 anno
706 2419 861 2448 secundo.
882 2432 894 2445 »

250 2604 269 2631 Ι
276 2603 364 2631 489

213 2664 337 2699 Capituli
354 2664 494 2690 ecclesiae
506 2663 723 2696 Machtinensis,
736 2664 954 2691 Cameracensis
965 2665 1100 2697 diocesis.
1114 2675 1185 2693 con-

179 2713 271 2739 firmat
287 2716 442 2743 statutum,
459 2721 474 2738 a
490 2716 620 2747 tempore
637 2713 723 2746 cujus
743 2721 797 2738 non
821 2713 914 2739 extitit
932 2714 1067 2740 memoria
1081 2715 1185 2741 obser-

178 2766 290 2791 vatum,
310 2771 321 2783 1«
347 2765 390 2792 ut,
415 2761 564 2787 canonicis
587 2761 680 2795 ipsius
702 2761 824 2786 ecclesie
847 2761 1055 2788 decedentibus
1080 2763 1185 2790 debitis

178 2809 326 2843 obligatis,
349 2813 506 2844 proventus
522 2809 730 2843 prebendarum
753 2817 869 2835 suarum
890 2810 981 2843 ipsius
998 2812 1119 2837 ecclesie
1138 2821 1186 2847 per

660 2602 787 2636 Anagni,
805 2603 842 2628 μ’·
855 2603 1018 2637 septembre
1034 2604 1112 2631 1256.

180 2866 266 2885 unum
289 2866 395 2884 annum
413 2863 477 2892 post
494 2858 622 2892 ipsorum
638 2859 790 2884 decessum
809 2858 911 2885 cedant
927 2860 1119 2886 creditoribus
1136 2870 1184 2886 eo-

302 2919 523 2944 ALnxANDRn
542 2920 592 2950 1v‚
612 2923 630 2944 t.
651 2920 670 2944 1.

1258 273 1387 299 rnmdem
1402 283 1450 308 pro
1464 275 1660 301 satisfactione
1671 274 1835 308 hujusmodi
1849 274 2020 305 debitorum,
2032 275 2165 309 qnodque
2178 276 2262 301 iidem

1258 321 1403 352 canonici,
1422 323 1446 347 si
1470 323 1555 348 nullis
1570 322 1675 348 debitis
1692 325 1853 352 teneantur,
1872 323 1984 356 possint
2000 323 2034 348 de
2052 323 2123 356 ipsis
2147 323 2263 348 redditi-

1259 370 1313 395 bus
1330 371 1355 395 in
1376 370 1472 396 ultima
1489 371 1669 397 voluntate...
1690 370 1777 396 libere
1794 371 1936 396 ordinare.
1955 382 1966 394 u
1983 371 2067 402 (RcG.
2084 370 2132 401 94,
2152 371 2169 396 f.
2188 371 2261 404 *2012

1257 426 1324 443 ann.
1343 417 1383 447 lt,
1403 426 1427 443 c.
1448 418 1521 450 403.)

1301 531 1312 544 α
1333 541 1368 554 ..‚
1386 519 1513 552 decano,
1532 524 1557 548 et
1573 520 1707 556 capitulo
1724 520 1841 548 ecclesie
1863 520 2097 553 ᾸΙασΙιΙιῗηεηεῐε,
2121 522 2264 549 samiera-

1259 573 1355 600 censis
1371 572 1506 600 diocesis.
1526 572 1608 601 Cnni
1623 581 1640 600 a
1660 571 1754 600 nobis
1770 589 1816 600 —.
1839 572 1911 600 Dat.
1930 572 2092 609 Anagnie,
2112 572 2264 602 kalendis

1259 623 1467 661 septembris,
1488 633 1573 653 anno
1588 624 1742 653 secundo.
1764 638 1776 650 »

1334 806 1450 834 1490
1818 808 1941 841 Anagni,
1964 808 1992 834 13
2006 809 2099 841 juillet
2118 809 2193 834 1256.

1297 869 1460 900 Guittetnw,
1475 869 1617 903 capicerio
1635 869 1774 894 ecelesiae
1792 868 1983 900 Lei-incensis,
1998 869 2189 896 Bituricensis
2206 870 2267 896 dio-

1261 918 1353 949 cesis,
1377 918 1462 951 enjus
1483 917 1573 950 major
1592 921 1763 951 personatus
1784 918 1910 943 minores
1935 918 2017 944 babet
2039 918 2166 945 redditus
2183 927 2266 952 quam

1262 965 1365 1000 aliquis
1382 971 1566 1000 personatum
1584 966 1720 991 obtinens
1737 966 1764 991 in
1788 966 1886 992 eadem
1904 967 2041 998 ecclesia,
2059 967 2126 992 nibil
2145 967 2178 992 de
2195 976 2269 1001 quo-

1262 1014 1379 1040 tidianis
1402 1013 1655 1040 distributionibus
1677 1014 1785 1039 ratione
1809 1014 2001 1048 capiceriatus
2023 1015 2207 1049 percipienti,
2226 1015 2269 1041 in—

1262 1063 1375 1098 dulget,
1394 1067 1424 1089 ut
1440 1063 1502 1097 ipse
1517 1066 1545 1088 et
1569 1071 1759 1088 successores
1783 1063 1876 1096 ipsius
1894 1063 2038 1089 dimidiam
2058 1064 2218 1098 portionem
2235 1064 2269 1089 de

1264 1112 1382 1138 minutis
1398 1111 1653 1137 distributionibus
1670 1111 1783 1145 possint
1800 1111 1961 1145 percipere,
1978 1111 2012 1137 de
2028 1120 2150 1138 assensn
2169 1112 2270 1138 decani

1263 1164 1292 1186 et
1307 1160 1424 1194 capituli
1442 1159 1539 1186 Sancti
1562 1159 1675 1186 Martini
1691 1159 1885 1191 Turonensis,
1905 1160 2012 1194 quibus
2035 1160 2158 1186 ecclesia
2176 1159 2271 1186 Leria-

1264 1209 1360 1235 censis
1382 1209 1504 1234 subesse
1527 1207 1697 1234 dinoscitur.
1718 1207 1798 1239 ‹Rm
1818 1207 1866 1240 ¹24,
1884 1208 1995 1240 11‘201v,
2013 1217 2079 1234 ann.
2097 1208 2139 1242 lt,
2155 1217 2180 1235 c.
2199 1209 2270 1243 404.)

1307 1323 1318 1336 i<
1345 1311 1517 1343 Guillclnm,
1542 1310 1693 1346 capicerio
1715 1310 1833 1338 ecclesie
1854 1309 2049 1343 Leriacensis,
2073 1310 2273 1339 Boura-ensis

1265 1364 1400 1392 diocesis.
1421 1362 1503 1392 Cum
1525 1371 1543 1391 a
1562 1361 1657 1391 nobis
1680 1379 1728 1389 —.
1754 1362 1827 1390 Dat.
1845 1361 2008 1398 Anagnie,
2027 1363 2076 1391 III
2094 1362 2168 1391 idus
2181 1362 2270 1401 julii,

1266 1424 1352 1445 anno
1369 1415 1525 1445 secundo.
1546 1427 1557 1440 n

1339 1602 1448 1629 1491

1302 1664 1419 1690 Decano
1436 1668 1463 1689 et
1480 1663 1605 1697 capitulo
1623 1662 1870 1692 Bituricensibns,
1889 1662 1963 1688 inter
1978 1671 2051 1696 quos
2068 1666 2127 1688 erat
2148 1665 2208 1688 orta
2224 1670 2274 1689 su-

1873 1599 1985 1630 Latran,
2006 1601 2017 1626 st
2035 1600 2104 1625 avril
2124 1600 2202 1626 1256.

1267 1721 1317 1747 per
1347 1712 1553 1746 jurisdictione
1585 1711 1732 1745 temporali
1767 1710 1955 1744 quarunnlam
1994 1711 2123 1736 villarum
2158 1712 2276 1737 materia

1266 1760 1462 1795 quaestionis,
1480 1760 1614 1785 comedit
1635 1760 1798 1785 facultatem
1816 1758 1987 1784 observandi
2005 1758 2214 1785 ordinationem
2233 1760 2276 1785 ul-

1267 1810 1364 1835 timam
1386 1817 1459 1842 quae
1482 1808 1556 1834 inter
1572 1808 1651 1842 ipsos
1668 1808 1832 1838 intervenit,
1852 1807 1952 1841 primis
1971 1807 2147 1840 juramentis
2169 1816 2276 1841 nequa-

1266 1866 1350 1892 quam
1368 1857 1561 1883 obstantibus.
1583 1856 1665 1887 tRsG.
1686 1856 1737 1888 ⁶24,
1756 1855 1866 1889 f.‘201v,
1883 1864 1949 1881 ann.
1968 1855 2004 1888 11,
2022 1856 2125 1887 0405.)

1309 1972 1320 1985 α
1344 1981 1376 1993 ..,
1397 1959 1523 1992 decano,
1542 1963 1567 1986 et
1586 1959 1720 1995 capitulo
1742 1958 1939 1986 Bitnricensi.
1966 1957 2012 1986 Ex
2036 1961 2148 1986 tenore
2170 1962 2277 1987 vestre

1266 2011 1438 2051 petitionis
1467 2011 1670 2049 accepimus,
1698 2010 1783 2048 quod
1804 2009 1884 2039 olim
1908 2009 2049 2038 diversis
2073 2009 2277 2047 temporibus

1267 2065 1354 2095 inter
1371 2065 1527 2098 decanos,
1553 2063 1610 2102 qni
1631 2063 1666 2092 in
1684 2062 1824 2092 ecclesia
1843 2062 2048 2091 Bituricensi
2065 2062 2201 2091 suerunt
2221 2071 2279 2100 pro

1268 2122 1412 2155 tempore
1430 2116 1627 2151 successive,
1647 2125 1684 2145 cx
1702 2119 1793 2154 parte
1810 2124 1885 2149 una,
1907 2119 1937 2144 et
1953 2114 2135 2152 capitulum
2152 2115 2279 2144 Bituri-

1267 2171 1376 2200 censis
1396 2170 1546 2204 ecclesie,
1565 2178 1664 2207 super
1678 2168 1913 2207 jurisdictione
1932 2167 2103 2205 temporali
2121 2176 2279 2205 quarum-

1267 2224 1341 2253 dam
1367 2223 1521 2252 villarum
1547 2226 1578 2252 et
1603 2221 1744 2251 aliarum
1770 2230 1882 2250 rerum
1907 2220 1948 2250 ad
1972 2220 2146 2250 ecclesiam
2172 2220 2278 2258 ipsam

1267 2276 1489 2315 spectantium
1518 2279 1605 2310 orta,
1635 2283 1672 2304 ex
1701 2273 1818 2309 altera,
1848 2273 1989 2303 materia
2015 2272 2218 2311 questionis,
2249 2277 2280 2302 et

1268 2338 1366 2367 super
1380 2328 1451 2364 hoc,
1466 2327 1608 2358 diversis
1625 2326 1827 2365 temporibus
1844 2325 1924 2356 hinc
1939 2326 2016 2356 inde
2032 2325 2174 2356 diversis
2191 2334 2279 2355 com—

1267 2383 1490 2422 positionibus
1509 2382 1622 2418 mitis,
1643 2382 1681 2411 de
1705 2381 1922 2411 observandis
1939 2380 2063 2411 eisdem
2081 2384 2112 2410 et
2134 2389 2198 2410 non
2216 2381 2279 2409 im-

1268 2437 1426 2476 petrando
1450 2436 1579 2475 aliquas
1602 2436 1730 2465 litteras
1755 2435 1794 2465 ab
1818 2434 1998 2473 apostolica
2016 2434 2099 2464 Sede
2122 2434 2162 2464 ad
2184 2443 2279 2464 revo-

1268 2490 1409 2520 candum
1425 2489 1556 2519 easdem
1571 2492 1602 2518 et
1614 2488 1652 2518 de
1667 2497 1733 2517 non
1749 2487 1871 2517 utendo
1888 2487 1987 2517 etiam
2004 2486 2201 2524 impetratis,
2214 2487 2279 2516 sin-

1269 2543 1428 2581 gulariter
1444 2541 1607 2580 corporali
1625 2541 1814 2580 juramento
1838 2540 2009 2569 firmastis.
2030 2540 2170 2568 Demum
2188 2538 2280 2569 vobis

1268 2594 1729 2626 communiterrecedentibus
1742 2602 1760 2623 a
1771 2592 2067 2631 compositionibus
2081 2591 2280 2629 supradictis

1269 2654 1299 2679 et
1332 2648 1580 2678 remittentibus
1606 2647 1699 2677 vobis
1729 2646 1769 2676 ad
1797 2646 1941 2675 invicem
1970 2644 2162 2683 hujusmodi
2186 2644 2280 2683 jura-

1269 2706 1391 2736 menta,
1408 2701 1594 2731 amicabilis
1609 2701 1674 2730 alia
1686 2698 2029 2738 superjurisdictione
2046 2698 2118 2735 ipsa
2134 2702 2164 2727 et
2182 2697 2280 2727 rebus

1269 2755 1443 2793 predictis,
1464 2754 1689 2783 mcdinntibns
1709 2753 1803 2781 bonis
1821 2752 1919 2783 viris,
1939 2751 2098 2780 intervos
2115 2750 2280 2779 ordinatio

1269 2807 1466 2842 intervenit,
1486 2807 1637 2845 adquam
1656 2805 1855 2835 servandum
1873 2808 1988 2842 sponte
2006 2812 2072 2837 vos,
2092 2803 2281 2841 juramento

1270 2860 1431 2898 corporali
1452 2861 1600 2898 prestito,
1619 2858 1840 2893 astrinxistis,
1861 2867 1923 2895 que
1940 2866 1998 2895 per
2014 2856 2131 2886 Sedom
2151 2859 2282 2893 aposto-

2117 2923 2146 2945 551
