2498 3325
205 257 262 286 ‘228
931 258 1170 288 REGISTRES
1192 258 1498 290 D'ALEXANDRE
1522 262 1578 291 lv.

205 322 440 360 plicationibus
465 322 635 359 inclinati,
663 332 777 353 omnes
802 323 988 357 libertates,
1015 324 1210 361 dignitates,

205 375 347 404 bonores
360 379 389 405 et
404 374 549 414 quelibet
563 375 627 405 alia
638 376 713 414 jura
731 385 767 405 ex
779 385 987 415 quacumque
999 376 1213 406 concessione

204 428 273 457 sive
294 436 418 465 regum,
437 428 689 466 imperatorum,
708 438 766 457 ¹<eu
782 428 986 466 principum,
1005 429 1075 459 sive
1091 430 1213 459 Roma-

204 489 321 509 norum
338 480 530 518 pontificum
544 480 636 510 vobis
651 485 824 520 vesti-eque
839 482 1059 520 competentia
1072 481 1210 516 civitati,

204 542 331 562 necnon
351 533 566 563 rationabiles
587 534 846 564 consuetudines
869 535 1064 573 approbatas
1089 534 1213 564 dudum

203 586 237 615 in
255 586 388 615 civitate
405 586 475 624 ipsa
493 591 523 615 et
537 587 672 624 pacifice
686 586 876 617 observatas
890 591 1036 626 tempore
1050 586 1137 618 clare
1149 596 1213 617 me-

203 638 306 667 morie
326 638 489 668 Willelmi
513 639 649 668 secundi
673 639 798 678 Sycilie
818 640 921 678 regis,
944 639 1059 670 siclam
1083 648 1213 678 quoque

202 700 260 728 pro
276 691 425 721 cudenda
446 696 592 725 moneta,
611 696 706 730 prout
722 692 814 722 illam
839 692 954 723 inclite
974 692 1214 722 recordationis

203 744 337 779 Rogerii
355 753 391 773 ac
408 744 569 774 Willelmi
586 745 684 783 primi
699 750 730 775 et
743 745 882 784 predicti
899 745 1061 775 willelmi
1076 745 1214 775 secundi

202 805 316 834 regum
334 796 458 835 sycilie
485 797 688 835 temporibus
710 806 815 836 usque
837 798 876 827 ad
899 802 1028 836 tempus
1047 797 1213 837 quondam

203 850 237 879 F.
261 849 340 878 olim
364 850 588 879 Romanorum
607 850 817 889 imperatoris
833 850 992 881 habuisse
1014 850 1210 886 noscimini,

201 901 295 931 vobis
310 906 339 931 et
354 903 480 940 prefate
494 902 621 933 civitati
634 903 829 934 auctoritate
847 903 1025 942 apostolica
1041 903 1212 933 confirma-

202 962 275 983 mus
292 958 352 983 etc.
376 964 480 993 nsque
499 965 504 983 :
529 955 784 985 communimus.
808 955 900 986 Nulli
920 960 981 986 etc.
1004 960 1115 987 nostre
1138 965 1211 986 con-

202 1006 400 1036 firmationis
417 1010 477 1036 etc.
496 1008 569 1037 Dat.
590 1008 756 1046 Anagnie,
778 1009 876 1038 nonis
893 1009 1106 1047 septembris,
1125 1018 1211 1039 anno

201 1067 319 1096 primo.
341 1072 352 1084 »

273 1217 359 1245 '243

239 1278 379 1306 Unionem
400 1288 424 1306 5.
446 1280 593 1307 Anastasii
609 1280 644 1306 de
660 1280 738 1308 Urbe
755 1285 783 1307 et
799 1289 824 1308 s.
839 1281 917 1308 Justi
932 1281 1129 1309 Tuscanensis
1145 1283 1209 1311 dio-

199 1327 276 1354 cesis
293 1328 529 1355 monasteriorum
547 1329 657 1356 statuit.
675 1329 756 1364 (Rea.
773 1329 818 1362 ⁵24,
835 1338 861 1356 c.
879 1330 941 1362 592,
959 1331 978 1358 1.
994 1331 1050 1364 90.)

783 1220 908 1254 Anagffl,
925 1220 955 1246 21
974 1221 1042 1247 aaut
1060 1220 1137 1247 1255.

242 1442 253 1456 α
327 1431 465 1459 abbatie!
482 1433 646 1460 conventui
659 1433 927 1461 sancliAmzslasii
939 1433 973 1461 de
987 1434 1059 1462 L'rbe
1071 1438 1097 1462 et
1110 1435 1211 1463 sancti

198 1484 278 1512 Jnsli
297 1483 495 1513 Tascanensis
511 1484 635 1513 diocesis
650 1486 920 1520 monasteriorum,
939 1485 1146 1516 cisterciensis
1164 1497 1210 1516 or-

200 1536 293 1564 dinis.
321 1536 479 1574 Exposuit
502 1546 611 1566 coram
633 1537 728 1567 nobis
752 1537 892 1568 dilectus
915 1537 1005 1568 filius
1027 1544 1140 1569 noster
1165 1540 1207 1575 1.,

198 1588 287 1617 tituli
305 1589 411 1618 sancti
433 1589 605 1619 Laurentii
625 1589 659 1618 in
681 1590 807 1619 Lucina
827 1590 991 1628 presbiter
1011 1591 1208 1628 cardinalis,

200 1642 297 1680 quod.
314 1651 387 1671 cum
404 1643 643 1672 monasterium
660 1644 766 1673 sancti
782 1644 883 1679 Just-i,
899 1645 1122 1676 Tuscanensis
1139 1646 1211 1675 dio-

199 1695 300 1728 cesis,
319 1694 396 1723 olim
414 1695 542 1724 ordinis
563 1695 669 1725 sancti
693 1695 881 1731 Benedicti,
906 1697 1051 1733 graviter
1071 1702 1158 1728 esset
1175 1699 1210 1728 in

201 1747 432 1784 spiritualiluis
454 1751 483 1776 et
510 1747 745 1785 temporalibus
762 1748 981 1778 deformatum
998 1759 1035 1780 ac
1056 1751 1090 1780 in
1113 1751 1210 1782 bonis

199 1800 279 1829 adeo
295 1800 508 1835 diminutum,
526 1805 561 1829 ut
578 1800 701 1830 ibidem
718 1809 782 1830 non
801 1801 867 1830 nisi
882 1802 911 1831 V
927 1801 978 1831 vel
993 1803 1038 1832 VI
1054 1804 1210 1834 monachi

199 1852 394 1882 residerent.
414 1852 545 1882 tandem
562 1852 671 1890 ipsum
687 1853 725 1883 de
743 1853 959 1884 Cisterciensi
977 1855 1092 1885 ordine
1109 1856 1210 1886 refor-

200 1910 324 1934 matum
343 1905 402 1934 suit
424 1909 454 1934 et
471 1914 536 1934 una
550 1914 624 1934 cum
637 1905 770 1944 juribus
787 1915 822 1935 ae
835 1906 1048 1944 pertinentiis
1061 1908 1131 1938 suis
1144 1917 1209 1938 non

200 1957 240 1986 ab
258 1957 321 1987 alio
338 1966 437 1996 qnam
457 1957 496 1986 ab
513 1957 630 1987 abbate
648 1959 843 1988 monasterii
862 1959 967 1988 sancti
984 1960 1155 1990 Anastasii
1170 1961 1209 1992 de

199 2010 288 2041 Urbe
304 2020 408 2048 usque
424 2019 522 2045 nunc,
539 2015 700 2049 quantum
714 2012 864 2049 permisit
879 2012 1024 2042 conditio
1039 2015 1206 2052 temporis,

199 2062 378 2092 salubriter
394 2066 423 2092 et
442 2063 576 2100 provide
594 2063 832 2100 gubernatum,
852 2064 960 2100 vobis,
982 2065 1043 2094 filii
1059 2066 1160 2097 abbas
1177 2071 1208 2097 et

198 2120 379 2145 conventus
393 2115 543 2154 jamdicti
561 2116 754 2146 monasterii
770 2117 877 2147 sancti
890 2118 1071 2154 Anastasii,
1085 2129 1144 2158 pro
1158 2129 1208 2150 eo-

198 2168 271 2197 dem
289 2168 489 2197 1n‹5»naste1·io
503 2168 609 2197 sancti
624 2169 713 2199 Justi
728 2178 763 2198 ac
778 2169 934 2207 predictis
944 2171 1077 2209 juribus
1089 2177 1120 2202 et
1133 2182 1208 2211 per-

198 2221 350 2249 tinentiis
376 2221 481 2258 ipsius
511 2226 633 2250 certam
662 2221 813 2260 episcopo
844 2223 1020 2254 diocesano
1052 2224 1115 2255 loci
1141 2226 1207 2256 sol-

198 2273 352 2302 ventibus
388 2282 533 2303 annuam
571 2274 775 2312 pensionem.
819 2276 862 2306 Ut
896 2280 1005 2306 autem
1044 2278 1207 2315 premissa

198 2325 394 2361 gubernatio
411 2326 600 2355 eoruimlem
623 2327 728 2356 sancti
747 2328 917 2357 Anastasii
937 2333 968 2358 et
991 2330 1096 2359 sancti
1116 2331 1206 2361 Justi

199 2378 475 2406 monasterioruni
497 2388 532 2407 ac
552 2379 773 2415 predictorum
792 2380 919 2418 jurium
939 2385 969 2411 et
987 2382 1206 2420 pertinentia—

199 2439 271 2458 rum
303 2439 432 2467 svmper
458 2430 490 2459 111
518 2440 577 2459 suo
603 2431 717 2461 robort¹
743 2438 940 2469 perseveret.
970 2443 1044 2469 nos,
1069 2435 1204 2465 obtentu

198 2482 377 2511 cardinalis
403 2482 565 2521 ejusdem,
591 2485 786 2513 auctoritate
814 2486 1018 2523 presentium
1051 2487 1205 2517 duximus

198 2534 420 2563 statuemlum.
436 2535 521 2573 qnod
536 2537 736 2566 monasteria
752 2537 821 2575 ipsa
835 2548 907 2567 cum
919 2539 1052 2578 juribus
1065 2544 1095 2570 et
1107 2541 1205 2578 perti-

200 2587 322 2616 nentiis
339 2588 527 2617 nwmoratis
543 2598 559 2617 a
576 2593 615 2623 te,
630 2588 675 2617 fili
690 2589 790 2619 abbas
805 2591 911 2620 sancti
926 2593 1107 2627 Anastasii,
1124 2593 1206 2623 tuis-

199 2649 261 2678 que
279 2640 527 2669 successor-ibus
544 2641 710 2678 perpetuis
728 2643 850 2671 futuris
867 2644 1069 2681 temporibus
1086 2645 1206 2682 guber-

199 2697 319 2721 nentur
332 2702 510 2731 eorumque
523 2693 605 2722 bona
621 2694 687 2723 sint
703 2696 890 2725 communia
904 2701 932 2725 et
946 2702 1128 2727 conventus
1145 2699 1206 2728 sub

198 2750 252 2775 tua
276 2750 303 2775 et
329 2755 557 2775 successorum
578 2747 723 2784 ipsorum
748 2748 936 2779 obedientia
959 2755 1147 2781 moraturus
1171 2752 1205 2781 in

198 2799 325 2836 prefato
342 2798 446 2827 sancti
463 2799 549 2827 Justi
572 2801 772 2829 monasterio
789 2800 950 2831 l‘ial'ieatur
966 2812 1002 2832 ac
1018 2803 1052 2832 111
1069 2803 1140 2841 ipso
1157 2804 1207 2833 vi·-

200 2856 268 2885 ncat
285 2850 494 2880 observantia
512 2851 686 2888 regularis,
704 2854 830 2890 prefata
845 2858 952 2884 tamen
966 2856 1126 2893 pensione
1140 2856 1205 2886 dio-

198 2912 317 2932 cesano
337 2903 488 2940 episcopo
507 2912 636 2941 semper
652 2904 751 2934 salva.
772 2906 863 2935 Nulli
881 2911 941 2936 etc.
960 2913 1070 2939 nostre
1087 2909 1206 2939 consti-

1297 325 1436 355 tutionis
1456 329 1515 355 etc.
1539 327 1613 357 Dat.
1633 329 1802 366 Anagnie,
1818 329 1884 360 XII
1908 328 2068 360 kalendas
2090 331 2305 369 septembris,

1296 387 1383 408 anno
1399 388 1516 417 primo.
1537 391 1550 406 n

1368 544 1455 572 ¹244

1332 604 1462 640 Capitnlo
1479 605 1630 633 Tei-visino
1642 628 1648 638 ‚
1665 607 1742 633 clero
1763 607 1891 634 civitatis
1907 611 1937 634 et
1951 607 2078 634 diocesis
2091 607 2306 636 Tervisina1·um

1298 654 1422 686 mandat,
1437 658 1467 680 ut
1482 655 1598 681 fratrem
1618 655 1769 682 Albertum
1786 655 1897 682 ordinis
1912 655 2067 688 Minoi-um,
2081 656 2214 683 lectorem
2227 659 2309 692 81115-

1296 702 1359 728 dem
1381 703 1502 734 ordinis,
1523 711 1608 737 quem
1630 704 1673 730 eis
1692 703 1720 730 in
1741 704 1910 738 episcopum
1933 705 2071 739 praeficit,
2088 704 2191 732 devote
2210 705 2310 733 susci-

1297 751 1374 786 piant
1391 752 1474 786 eique
1490 752 1681 779 obedientiam
1698 752 1822 779 debitam
1842 752 2019 787 impendant.
2036 753 2121 787 (Rae.
2139 753 2183 785 24,
2199 761 2224 781 c.
2243 753 2307 787 593,

1297 799 1314 826 f.
1331 799 1381 831 903
1401 799 1546 827 Ιύττωιετ
1562 800 1669 834 16008.)

1800 545 1926 580 Anagni,
1944 546 1959 574 3
1975 547 2139 581 septembre
2156 546 2233 574 1255,

1337 913 1350 927 α
1369 902 1510 939 θαρὶιηίο
1527 903 1684 931 Tervisino
1701 908 1727 932 el
1743 904 1821 932 clero
1839 904 1976 933 civitatis
1989 909 2015 932 el
2029 904 2155 934 diocesis
2174 904 2309 934 Tervisi-

1266 983 1272 987 ,
1295 963 1421 983 narum.
1435 954 1517 985 Cum
1535 963 1595 984 nos
1612 954 1837 985 venerabilem
1851 973 1898 985 —.
1914 957 1989 986 Dat.
2007 956 2170 994 Anagnie,
2186 957 2237 987 111
2250 964 2307 987 no-

1296 1016 1354 1036 nas
1373 1007 1582 1045 septembris,
1601 1017 1688 1038 anno
1704 1008 1822 1047 primo.
1840 1021 1853 1035 »

1367 1172 1455 1200 ’245
1873 1173 1999 1207 Anagni,
2016 1173 2050 1199 ‘25
2065 1173 2134 1200 avril
2154 1172 2231 1201 ¹255.

1330 1233 1516 1263 Rodericum.
1531 1234 1765 1261 archidiaconum
1784 1234 2005 1269 Legionensem,
2019 1234 2054 1261 de
2069 1234 2304 1263 archidiaconatu

1293 1282 1328 1309 de
1353 1282 1475 1317 Maliayo
1500 1286 1528 1308 et
1553 1283 1769 1317 praestimoniis
1795 1283 1942 1318 aliquibus
1966 1283 1992 1309 in
2018 1284 2142 1310 ecclesia
2165 1283 2306 1312 Ovetensi

1294 1332 1452 1366 provisum,
1469 1332 1628 1358 confirmat.
1647 1331 1730 1366 (Rea.
1748 1331 1793 1364 24,
1814 1339 1840 1359 c.
1855 1332 1916 1364 594,
1931 1332 1950 1358 f.
1967 1332 2022 1367 90.)

1335 1444 1348 1459 (1
1374 1433 1530 1466 Βοιῐενίεο,
1558 1433 1778 1463 archidiacono
1798 1434 1985 1471 Leyionensi.
2010 1433 2227 1472 Exigentibus
2249 1438 2306 1466 tue

1292 1485 1478 1515 devotionis
1502 1485 1650 1521 meritis,
1677 1486 1762 1518 votis
1781 1486 1847 1516 tuis
1864 1490 1925 1516 etc.
1942 1495 2049 1525 usque
2067 1496 2074 1516 :
2095 1487 2304 1518 exaudimus.

1292 1538 1375 1568 Cum
1391 1538 1503 1575 igitur,
1523 1538 1608 1568 sicut
1623 1542 1653 1568 te
1671 1539 1835 1569 referente
1853 1539 2052 1578 accepimus,
2070 1539 2179 1570 felicis
2193 1549 2307 1570 recor-

1292 1591 1436 1621 dationis
1454 1592 1479 1621 I.
1494 1600 1592 1630 papa,
1608 1591 1822 1630 predecessor
1836 1596 1958 1628 noster,
1973 1592 2092 1623 dilecto
2107 1592 2176 1622 filio
2191 1598 2306 1624 nostro

1292 1636 1342 1678 O.,
1355 1648 1467 1674 sancte
1480 1644 1584 1674 Marie
1595 1644 1630 1673 in
1638 1645 1700 1675 Via
1713 1645 1795 1675 Lata·
1807 1645 1945 1675 diacono
1957 1645 2130 1681 cardinali,
2142 1645 2204 1676 sub
2215 1649 2307 1676 certa

1292 1697 1397 1725 forma
1414 1696 1484 1726 suis
1499 1696 1624 1726 dederit
1638 1696 1760 1727 litteris
1777 1697 1811 1726 in
1824 1697 2002 1733 mandatis,
2016 1702 2051 1727 ut
2065 1698 2127 1728 tibi
2142 1697 2177 1728 in
2191 1697 2306 1737 aliqua

1292 1748 1507 1778 ecclesiarum
1529 1749 1623 1787 regni
1647 1749 1865 1787 Legionensis
1887 1749 1937 1780 vel
1957 1750 2100 1781 Castelle
2120 1749 2305 1780 cathedrali

1292 1800 1343 1831 vel
1357 1800 1421 1830 alia
1438 1801 1476 1831 de
1493 1800 1605 1840 aliquo
1621 1806 1798 1839 personatu
1815 1802 1865 1831 vel
1882 1802 2044 1840 dignitate
2058 1811 2133 1833 cum
2149 1802 2300 1839 canonia,

1291 1853 1457 1891 prebenda
1473 1858 1503 1883 et
1520 1854 1747 1891 prestimoniis
1764 1855 1944 1891 consuetiS,
1958 1859 2155 1893 personatus
2166 1854 2218 1885 vel
2229 1854 2304 1893 dig-

1292 1906 1412 1936 nitates
1429 1906 1642 1941 habentibus,
1661 1906 1841 1944 assignari,
1860 1915 1934 1936 cum
1954 1915 2032 1936 cura
2049 1906 2101 1937 vel
2119 1907 2192 1937 sine
2209 1916 2301 1943 cura,

1292 1968 1349 1989 seu
1362 1959 1426 1989 alio
1436 1959 1660 1989 ecclesiastico
1672 1959 1833 1989 beneficio
1843 1959 2037 1997 prebendali
2048 1959 2099 1989 vel
2111 1959 2186 1995 alio,
2201 1959 2303 1989 etiam

1292 2013 1319 2042 si
1338 2021 1450 2042 curam
1465 2012 1652 2042 animarum
1671 2011 1806 2042 haberet
1825 2016 1854 2041 et
1873 2017 1951 2042 tunc
1967 2016 2099 2042 vacaret
2115 2011 2167 2042 vel
2184 2021 2304 2051 quam-

1291 2065 1355 2095 cito
1371 2065 1412 2094 ad
1430 2065 1463 2094 id
1479 2074 1513 2095 se
1532 2064 1672 2094 facultas
1689 2064 1832 2099 offerret,
1852 2065 1909 2102 per·
1925 2073 1960 2094 se
1977 2063 2026 2094 vel
2040 2072 2098 2102 per
2112 2063 2214 2094 alium
2230 2073 2303 2102 pro-

1290 2118 1426 2152 videret,
1448 2118 1574 2147 faciens
1592 2121 1621 2146 te
1638 2117 1673 2146 in
1693 2116 1831 2147 ecclesia
1852 2117 1885 2146 in
1903 2126 1967 2156 qua
1984 2117 2045 2146 tibi
2060 2116 2302 2155 providendum

1290 2171 1439 2205 duceret,
1465 2171 1492 2200 si
1518 2170 1729 2208 prebendalis
1754 2169 1805 2199 vel
1822 2169 1995 2207 collegiata
2017 2170 2117 2204 foret,
2142 2169 2246 2208 recipi
2264 2170 2301 2199 in

1290 2224 1487 2253 canonicum
1503 2227 1532 2253 et
1550 2212 1737 2252 inii-atrem
1752 2233 1757 2257 ;
1776 2222 1862 2252 idem
1880 2222 2060 2252 cardinalis
2078 2222 2117 2252 de
2133 2221 2303 2266 archidia-

1289 2280 1408 2306 conatu
1425 2276 1463 2306 de
1481 2275 1626 2314 Maliayo
1642 2280 1672 2305 et
1693 2275 1921 2313 prestimoniis
1942 2284 2005 2314 que
2029 2274 2170 2304 dilectus
2190 2274 2299 2311 filius,

1291 2352 1323 2363 ..,
1337 2329 1462 2358 electus
1474 2328 1704 2365 Legionensis,
1722 2328 1754 2357 in
1770 2328 1909 2357 ecclesia
1925 2327 2084 2358 Ovetensi
2097 2327 2253 2362 obtinuit,
2268 2332 2302 2358 et.

1289 2384 1429 2413 canonia
1447 2388 1478 2413 et
1493 2383 1659 2421 prebenda
1677 2392 1750 2412 cum
1762 2382 1999 2420 ‚prestimoniis
2024 2391 2087 2420 que
2108 2383 2226 2412 Petrus
2241 2383 2301 2413 Jo-

1288 2436 1421 2471 hannis,
1436 2435 1602 2474 quondam
1616 2435 1796 2465 canonicus
1810 2435 1998 2470 ovetensis,
2016 2435 2051 2464 in
2067 2435 2180 2465 eadem
2195 2434 2302 2465 ecele-

1287 2490 1337 2519 sia
1351 2489 1506 2523 obtinuit,
1520 2488 1590 2517 tibi.
1608 2487 1778 2526 capellano
1792 2498 1862 2518 suo.
1877 2487 2100 2526 predictarum
2112 2487 2302 2517 litterarum

1287 2541 1499 2575 auctoritate,
1519 2540 1657 2578 providit
1678 2544 1709 2570 et
1727 2546 1755 2569 tc
1772 2541 1810 2569 de
1827 2540 1984 2578 predictis
2002 2548 2058 2578 per
2076 2548 2174 2569 suum
2190 2548 2299 2569 annu-

1288 2595 1356 2624 lum
1376 2593 1565 2623 investivit:
1591 2598 1622 2622 et
1643 2593 1670 2622 si
1692 2592 1872 2622 cardinalis
1891 2592 1998 2630 ipsius
2021 2592 2166 2630 provisio
2188 2591 2302 2630 aliquo

1288 2656 1367 2676 casu
1383 2646 1530 2675 debitum
1547 2645 1672 2684 dejure
1690 2654 1755 2674 nou
1772 2644 1948 2674 sortiretur
1964 2645 2128 2679 eflectum,
2146 2652 2300 2682 persona-

1289 2704 1357 2729 tum
1374 2698 1424 2728 vel
1441 2698 1646 2735 dignitatem,
1667 2698 1840 2728 canoniam
1860 2706 1933 2727 cum
1949 2696 2117 2735 prebenda
2130 2700 2162 2726 et
2178 2696 2301 2735 presti-

1289 2752 1410 2782 moniis
1435 2751 1603 2780 consuetis
1626 2755 1821 2788 personatus
1844 2737 2048 2779 haberititms
2065 2749 2246 2786 assignari,
2269 2749 2299 2779 si

1289 2814 1353 2843 qua
1374 2809 1450 2833 tunt·
1470 2808 1624 2833 vacarent
1646 2803 1696 2833 vel
1714 2803 1961 2841 quamprimum
1983 2802 2023 2831 ad
2045 2802 2078 2830 id
2101 2810 2135 2832 se
2157 2801 2300 2832 facultas

1289 2858 1432 2889 offerret,
1450 2856 1619 2886 donationi
1638 2866 1695 2886 sue
1714 2857 1773 2885 tibi
1792 2855 2027 2885 conferendam
2044 2864 2100 2894 per
2117 2864 2207 2891 eum,
2225 2863 2300 2885 car-

1290 2909 1411 2939 dinalis
1428 2909 1516 2947 ipse,
1539 2909 1641 2939 donec
1659 2909 1719 2938 tibi
1736 2917 1809 2938 cum
1827 2908 1980 2938 effectum
1995 2907 2088 2946 juxta
2104 2901 2300 2937 mandatum
