2498 3325
0 1362 6 1399 ἰ

0 1410 8 1467 l

0 1484 10 1553 1

0 1566 9 1580 ,

1051 241 1281 281 110οΧ10110
1303 243 1462 280 ANNEE.
2250 252 2308 282 305

211 316 450 355 parrochianos
476 325 569 347 suos,
595 320 784 351 exerceant,
813 325 887 345 cum
914 325 971 354 pro
999 316 1068 346 suis
1094 316 1219 345 suerint

211 370 401 399 excessibus
416 369 614 407 corrigendi,
631 378 688 398 nec
701 369 741 398 ob
754 369 815 399 hoc
830 373 1054 407 exemptorum
1071 369 1219 407 ipsorum

211 426 459 452 conservatores
485 421 663 460 quicquam
687 425 800 451 contra
821 422 951 451 eosdem
977 422 1146 460 episcopos
1164 430 1219 451 va-

210 474 300 504 leant
326 479 532 512 attemptare.
557 474 709 504 Oratoria
735 483 811 504 vero
837 474 887 503 vel
911 474 1054 512 capellas
1080 475 1115 503 in
1138 474 1219 504 10015

212 536 277 557 non
309 527 486 565 exemptis,
519 527 591 556 sine
617 527 867 556 diocesanoiaim
896 527 1043 556 locorum
1072 527 1219 565 ipsorum

211 579 358 614 licentia,
374 579 473 609 iidem
492 579 634 618 exempti
648 583 839 609 construere
855 588 919 608 11011
936 584 1139 617 presumant,
1160 588 1219 608 000

211 633 247 661 in
274 633 321 662 sic
348 633 558 667 constructis,
578 641 683 671 neque
707 633 741 661 111
764 633 845 662 10015
870 642 934 662 non
955 633 1124 670 exemptis,
1146 641 1219 662 cum

213 685 252 715 ab
269 685 449 715 ordinariis
475 685 601 715 fuerint
621 686 808 719 interdicta,
831 685 998 715 celebrent
1022 685 1073 715 vel
1097 686 1220 715 faciant

213 738 374 768 celebrari
393 738 518 767 divina.
536 739 629 774 Quod
652 738 680 767 si
701 738 779 767 talia
802 739 1076 776 presumpserint,
1095 738 1135 767 ab
1153 738 1220 767 hiis

212 799 269 828 per
295 790 442 820 locorum
464 791 611 828 ipsorum
636 791 822 820 ordinarios
846 795 1116 829 compescantur,
1139 795 1169 820 et
1193 791 1221 819 si

212 852 306 881 quas,
327 847 459 881 propter
477 843 549 877 hoc,
568 847 791 881 exemptor-um
808 844 955 881 ipsorum
973 847 1221 872 conservatores

213 897 397 926 sententias
427 897 461 925 in
493 896 697 925 contrarium
728 896 953 933 protulerunt,
984 895 1059 925 illas
1087 896 1220 933 penitus

212 957 417 978 revocamus.
452 948 648 978 Inliibemus
692 952 819 981 autem,
858 957 898 977 nc
935 948 970 977 in
1005 948 1085 977 locis
1122 948 1221 977 etiam

213 1001 384 1039 exemptis,
405 1001 465 1031 1100
483 1001 548 1039 ipsi
566 1001 707 1038 exempti
733 1001 842 1030 facere
866 1001 1020 1031 audeant.
1040 1001 1105 1029 nisi
1124 1009 1223 1038 super

212 1053 279 1083 hiis
296 1054 465 1084 licentiam
483 1053 577 1083 Sedis
595 1053 772 1091 apostolice
794 1053 938 1083 habeant
956 1053 1006 1083 vel
1027 1053 1133 1091 ipsius
1155 1053 1223 1090 pri-

213 1106 371 1144 vilegium
401 1106 555 1145 speciale.
580 1106 706 1136 Causas
732 1115 862 1144 quoque
884 1107 953 1136 sive
974 1106 1050 1136 lites
1074 1106 1223 1144 proprias

214 1168 349 1189 suorum
376 1159 558 1189 liberorum
585 1158 775 1203 hominum,
804 1168 866 1197 que
890 1158 1044 1188 videlicet
1069 1159 1109 1188 ad
1134 1158 1224 1196 ipsos

214 1217 343 1242 tantum
360 1213 513 1243 homines
529 1212 708 1251 pertinent,
724 1212 825 1241 iidem
842 1212 985 1250 exempti
1002 1222 1060 1241 suo
1078 1212 1222 1247 nomine,

214 1265 283 1295 sive
300 1271 336 1295 ut
350 1270 488 1296 actores.
502 1266 571 1295 sive
589 1270 623 1295 ut
639 1265 843 1300 defensores,
858 1265 961 1295 veluti
976 1275 1052 1295 suas
1066 1265 1224 1304 aliquate-

214 1328 277 1348 nus
306 1328 370 1348 non
397 1323 580 1354 assumant,
599 1319 699 1349 etiam
725 1319 753 1348 si
778 1319 844 1348 sint
865 1319 947 1357 ipsis
971 1319 1051 1348 dieti
1071 1319 1224 1349 homines

214 1371 400 1408 censuales,
419 1381 493 1401 cum
511 1372 544 1401 id
561 1380 771 1410 nequaquam
795 1371 923 1401 licitum
942 1372 985 1401 sit
1007 1372 1142 1401 eisdem.
1162 1373 1225 1402 Pro

213 1429 346 1463 peccato
359 1433 435 1455 vero
448 1425 617 1462 incognito
632 1429 662 1454 et
676 1424 813 1460 occulto,
826 1428 915 1454 certa
931 1433 1016 1462 pena
1033 1424 1225 1454 nullatenus

215 1482 390 1513 statuatur,
409 1487 447 1507 ex
465 1487 540 1516 qua,
560 1478 588 1507 si
601 1487 659 1516 per
676 1486 748 1507 eam
765 1477 941 1507 satisfiant.
958 1477 1061 1516 possit
1076 1486 1225 1516 quoquo-

214 1531 309 1561 modo
339 1535 511 1569 peccatum
540 1531 649 1569 ipsum
681 1531 821 1570 percipi,
850 1531 970 1570 conjici
1003 1531 1054 1561 vel
1085 1531 1222 1560 adverti.

213 1584 307 1615 Nulli
337 1589 396 1615 etc.
425 1588 537 1614 nostre
566 1584 816 1614 constitutionis
847 1588 878 1613 et
914 1583 1129 1613 inhibitionis
1163 1588 1222 1614 etc.

214 1638 288 1667 Dat.
307 1638 474 1673 Laterani,
490 1638 554 1667 VII
570 1637 731 1667 kalendas
748 1637 875 1676 aprilis,
890 1646 977 1667 anno
994 1637 1148 1667 secundo.
1171 1649 1183 1663 n

291 1802 403 1830 1322
802 1801 914 1834 Lati-an,
933 1802 965 1828 ‘26
984 1810 1059 1827 mars
1079 1801 1155 1828 1256.

252 1863 388 1890 inhibitio
405 1868 504 1890 contra
519 1868 673 1898 questores
691 1864 717 1889 in
736 1871 825 1898 regno
841 1863 977 1890 Franciac
993 1864 1167 1898 apostolicas
1184 1863 1227 1890 lit-

217 1916 293 1939 teras
313 1921 364 1947 pro
381 1912 514 1947 petendis
534 1912 720 1938 eleemosinis
736 1911 911 1939 deserentes.
929 1911 1012 1944 (nco.
1035 1911 1064 1938 Ψ
1079 1933 1085 1942 ,
1111 1912 1128 1938 f,
1154 1911 1227 1944 issssv,

217 1970 284 1989 ann.
303 1960 340 1995 11,
357 1970 382 1988 c.
400 1961 486 1993 268⁸.)

260 2077 272 2090 <t
290 2064 520 2101 Adperpetuam
536 2065 582 2092 rei
596 2064 786 2092 memoriam.
804 2062 1128 2099 Quiaintclleximus
1143 2063 1230 2101 qnod

217 2116 371 2147 nonnulli
389 2121 561 2155 questores
583 2116 618 2146 in
640 2125 741 2154 regno
763 2116 902 2146 Francic
923 2115 1120 2154 apostolicas
1140 2116 1229 2146 litte-

219 2180 273 2200 ras
289 2179 346 2208 pro
363 2169 515 2208 petendis
534 2173 565 2199 et
582 2169 777 2207 colligendis
801 2178 818 2198 a
841 2168 968 2200 Christi
992 2169 1146 2198 fidelibus
1164 2169 1230 2199 ele-

218 2223 359 2253 mosinis
378 2222 580 2257 deferentes,
601 2222 635 2251 in
657 2222 727 2251 suis
748 2221 923 2260 questibus
941 2225 972 2252 et
989 2221 1230 2252 monitionibus

222 2285 258 2306 ac
276 2275 579 2309 exhortationibus,
598 2283 680 2313 quas
701 2279 832 2313 propter
855 2274 917 2304 hoc
938 2274 1068 2313 populis
1091 2275 1230 2309 faciunt,

220 2329 326 2359 multa
352 2332 549 2366 presumunt
575 2327 608 2356 in
635 2327 776 2357 aliorum
796 2327 989 2357 scandalum
1007 2332 1038 2357 et
1058 2328 1230 2363 offensam,

221 2382 306 2411 festa
323 2385 354 2410 et
372 2381 561 2410 vacationes
579 2380 613 2409 in
631 2379 711 2409 locis
729 2380 769 2409 ad
785 2389 847 2418 que
863 2380 1054 2414 deveniunt,
1073 2380 1233 2418 quamdiu

221 2434 256 2463 in
275 2433 344 2463 illis
365 2442 423 2471 pro
445 2432 637 2471 hujusmodi
660 2432 879 2470 procurandis
906 2433 1080 2471 questibus
1102 2442 1232 2471 perma-

222 2491 313 2521 nent,
338 2486 546 2521 inducentes,
570 2490 599 2515 et
621 2485 734 2523 plebes
763 2485 803 2515 ad
828 2494 906 2515 snas
933 2485 1176 2523 predicationes
1203 2491 1234 2516 et

222 2539 480 2575 exhortationes,
492 2548 550 2577 per
562 2538 737 2568 citationes
750 2542 781 2568 et
795 2538 1148 2568 excommunicationis
1161 2547 1232 2568 sen-

224 2593 346 2623 tentias
373 2601 431 2622 seu
456 2591 731 2621 comminationes
755 2591 793 2621 de
813 2591 1021 2630 proferendis
1042 2591 1233 2630 hujusmodi

223 2645 411 2680 sententiis,
430 2644 664 2683 compellentes
683 2644 837 2674 accedere
855 2653 890 2674 ac
906 2644 990 2673 inibi
1006 2648 1093 2674 stare
1110 2644 1232 2675 invitas

224 2707 397 2738 quousque
433 2697 520 2729 circa
550 2701 687 2735 questus
722 2701 751 2726 et
781 2696 980 2727 elemosinas
1017 2696 1230 2734 colligendas,

224 2760 321 2782 suum
338 2751 562 2780 ministerium
581 2750 630 2780 vel
648 2750 842 2780 exercitium
862 2749 1073 2788 impleverint
1097 2750 1233 2780 inchoa-

225 2809 384 2846 tuni,·110s
402 2803 526 2833 eisdem
544 2802 768 2841 qnestoribus,
790 2812 829 2832 ne
847 2812 993 2840 unquam
1012 2802 1167 2841 deinceps
1186 2807 1233 2832 ta-

225 2858 270 2887 lia
288 2858 397 2887 facere
417 2856 575 2892 audeant,
601 2855 796 2885 auctoritate
820 2855 1014 2893 apostolica.
1034 2855 1071 2884 110
1093 2856 1232 2885 fratrum

224 2915 412 2941 nostrorum
433 2908 587 2944 consilio,
609 2908 794 2937 districtius
818 2907 1019 2937 inhibeinns.
1043 2909 1233 2937 statuentes

1303 316 1399 354 quod,
1419 316 1446 345 si
1464 316 1522 346 hec
1542 317 1810 356 attemptaverint
1830 321 1860 347 01
1882 318 1909 347 51
1933 317 2022 347 aliud
2044 322 2155 357 preter
2173 319 2205 347 id
2222 318 2308 356 quod

1302 367 1336 396 111
1353 367 1474 398 litteris
1494 377 1552 398 seu
1569 369 1788 407 indulgentiis
1808 370 1998 408 apostolicis
2019 371 2219 406 continetur,
2238 379 2308 409 pro-

1302 429 1422 458 ponere
1434 421 1483 450 vel
1493 431 1669 459 suggerere
1678 423 1952 460 presumpserint,
1963 423 2002 452 ab
2017 423 2083 453 hiis
2092 432 2150 461 per
2161 423 2309 452 locorum

1302 473 1488 503 ordinarios
1504 479 1765 512 compescantur.
1783 475 1875 504 Nulli
1888 479 1947 504 etc.
1967 479 2077 505 nostre
2095 475 2308 505 inhibitionis

1304 530 1333 554 et
1352 527 1601 556 constitutionis
1619 531 1677 556 etc.
1698 528 1770 556 Dat.
1791 531 1953 565 utsupra.
1974 540 1986 553 η

1377 691 1491 719 1323
1894 690 2007 721 Latran,
2024 692 2057 718 20
2073 692 2141 717 avril
2163 692 2237 719 listi.

1340 752 1485 778 Statutum
1510 761 1543 778 ne
1565 753 1650 786 legati
1673 761 1723 778 sen
1747 752 1843 778 nuncii
1867 753 2040 786 apostolicae
2064 753 2147 779 Sedis
2171 754 2311 780 ecclesias

1304 801 1347 826 vel
1364 800 1577 826 ecclesiasticas
1594 808 1733 834 personas
1750 800 1886 826 indebitis
1908 801 2109 826 exactionibus
2125 810 2245 835 gravare
2267 805 2311 827 at—

1305 852 1453 882 temptent⁴
1472 848 1555 881 (Rho.
1570 848 1613 878 ⁶24,
1633 848 1650 873 f.
1671 848 1741 880 1602
1759 856 1825 873 ann.
1843 848 1884 880 11,
1902 858 1926 874 c.
1944 848 2029 880 ‘les-³.)

1348 962 1359 974 (ι
1378 949 1422 977 Ad
1436 954 1612 987 perpetuam
1638 950 1682 977 'rei
1707 950 1900 978 nmaoricvm.
1921 950 1969 979 'Ne
1993 949 2092 987 legati
2110 958 2167 979 seu
2187 950 2312 984 nuncii,

1307 1010 1388 1040 quos
1412 1001 1607 1039 plerumque
1629 1001 1809 1039 apostolica
1829 1002 1929 1031 Sedes
1956 1002 2068 1031 mittit.
2090 1002 2247 1032 eeclesias
2263 1003 2315 1033 vel

1306 1054 1549 1084 ecclesiasticas
1566 1063 1724 1092 personas
1742 1053 1900 1083 indebitis
1922 1055 2149 1084 exactionibus
2166 1055 2204 1084 de
2225 1055 2316 1084 facili

1307 1107 1422 1137 amodo
1442 1116 1578 1145 gravare
1595 1111 1800 1145 attemptent,
1819 1107 1857 1137 de
1875 1108 2014 1137 fratrum
2033 1112 2221 1137 nostrornm
2238 1117 2316 1137 con—

1307 1160 1383 1190 silio
1400 1160 1553 1189 duximus
1571 1160 1796 1195 statuendum,
1812 1164 1858 1195 ut,
1876 1169 1949 1189 cum
1967 1160 2066 1189 iidem
2082 1170 2099 1189 a
2116 1160 2250 1198 prelatis
2264 1160 2317 1190 vel

1308 1213 1383 1242 aliis
1410 1212 1561 1251 personis
1590 1212 1827 1242 ecclesiasticis
1858 1212 1985 1251 aliquid
2012 1213 2222 1250 postularint,
2254 1213 2314 1248 eis,

1309 1266 1440 1304 quando
1457 1265 1611 1295 videlicet
1628 1265 1692 1303 ipsi
1713 1265 1813 1303 legati
1836 1274 1894 1295 seu
1919 1266 2034 1294 nuncii
2056 1270 2227 1303 presentes
2249 1267 2316 1296 fue-

1308 1319 1375 1348 rint
1392 1319 1443 1348 vel
1465 1318 1584 1353 vicini,
1605 1317 1734 1347 litteras
1754 1317 1951 1355 apostolicas
1975 1318 2183 1348 continentes
2205 1327 2317 1356 perso—

1310 1380 1427 1401 narum
1451 1375 1482 1400 et
1504 1370 1712 1400 evectionum
1736 1379 1928 1401 numerum.
1953 1380 2026 1400 cum
2051 1380 2114 1409 quo
2139 1371 2240 1409 recipi
2262 1372 2318 1401 de-

1309 1425 1418 1454 beant.
1437 1424 1574 1460 Quando
1595 1427 1705 1453 autem
1722 1427 1894 1461 presentes
1911 1423 1962 1453 vel
1978 1423 2081 1453 vicini
2098 1432 2161 1453 non
2179 1423 2315 1455 suerint,

1309 1478 1442 1507 illarum
1478 1477 1715 1515 transcriptum
1747 1476 1857 1514 sigillo
1889 1476 2056 1507 autentico
2086 1477 2319 1514 consignatum

1310 1531 1484 1561 ostendere
1507 1534 1693 1560 teneantur.
1720 1529 1879 1568 Alioquin
1903 1529 2005 1559 iidem
2027 1529 2144 1568 prelati
2169 1539 2227 1560 500
2245 1538 2319 1568 per-

1310 1593 1390 1614 sone
1409 1593 1474 1614 000
1492 1587 1668 1613 teneantur
1681 1583 1749 1612 illis
1764 1583 1798 1612 in
1816 1582 1927 1621 aliquo
1943 1583 2154 1620 respondere.
2175 1582 2320 1613 Univer-

1311 1646 1364 1668 sos
1381 1642 1491 1667 tamen
1508 1636 1650 1675 prelatos
1668 1640 1698 1665 et
1714 1644 1872 1674 personas
1885 1635 2129 1665 ecclesiasticas
2146 1644 2319 1665 monemus

1311 1695 1342 1721 et
1358 1691 1530 1720 hortamur
1547 1694 1686 1725 attente,
1706 1693 1742 1719 ut
1759 1689 1883 1720 eisdem
1906 1689 2024 1727 legatis
2048 1689 2117 1718 sive
2135 1689 2268 1718 nunciis
2285 1689 2319 1718 in

1311 1743 1569 1774 necessitatibus
1587 1743 1668 1777 suis,
1689 1742 1844 1771 victualia
1863 1751 1920 1780 pro
1939 1751 2154 1780 personarum
2172 1745 2202 1771 01
2219 1750 2320 1780 equo-

1311 1806 1384 1827 rum
1400 1805 1537 1826 numero
1556 1796 1590 1824 in
1609 1795 1731 1825 litteris
1751 1794 1940 1833 apostolicis
1962 1794 2210 1833 comprehenso,
2227 1795 2322 1833 Juxta

1312 1854 1440 1887 tempus
1466 1849 1501 1878 in
1529 1857 1593 1887 quo
1622 1848 1710 1886 ipsos
1736 1847 1858 1877 morari
1884 1847 2070 1885 contigerit,
2099 1850 2322 1884 competenter

1313 1903 1467 1933 studeant
1489 1902 1694 1931 ministrare.
1727 1902 1761 1931 Si
1791 1910 1867 1931 vero
1895 1901 1959 1930 alia
1988 1910 2050 1939 qne
2077 1910 2112 1930 ex
2134 1900 2321 1930 litterarum

1313 1955 1569 1994 apostolicarum
1597 1954 1758 1984 beneficio
1785 1954 1914 1991 exigere
1945 1954 2057 1983 forsan
2088 1957 2252 1991 poterunt,
2287 1956 2322 1981 ut

1312 2012 1401 2046 puta,
1423 2016 1525 2046 equos
1542 2006 1592 2036 vel
1609 2011 1717 2036 vestes
1735 2011 1789 2035 ant
1811 2006 1986 2044 pecuniam
2004 2014 2060 2043 pro
2080 2004 2324 2043 procurationi-

1312 2061 1385 2095 bus,
1405 2060 1455 2090 vel
1474 2059 1539 2089 alia
1557 2068 1656 2088 causa
1673 2068 1730 2088 5011
1755 2059 1965 2092 necessitate,
1985 2058 2025 2087 ab
2045 2058 2168 2087 eisdem
2187 2057 2323 2095 prelatis

1314 2117 1369 2142 aut
1386 2113 1548 2151 personis,
1570 2112 1638 2142 sive
1654 2111 1693 2141 ad
1711 2120 1765 2141 eos
1783 2111 2035 2143 declinaverint,
2053 2111 2122 2139 sive
2141 2119 2204 2139 non
2223 2110 2324 2139 duxe-

1314 2166 1381 2195 rint
1408 2165 1579 2202 exigenda,
1606 2164 1664 2194 illa
1692 2164 1901 2201 exigentibus
1929 2163 2083 2193 exhibere
2112 2163 2249 2192 minime
2274 2166 2323 2192 te-

1315 2223 1467 2253 neantur,
1494 2218 1560 2247 nisi
1582 2218 1630 2247 eis
1652 2217 1780 2247 litteras
1809 2225 1885 2246 suas
1912 2220 2061 2254 patentes
2086 2215 2322 2250 concesserint,

1315 2272 1484 2309 exigentes
1503 2280 1566 2309 que
1593 2279 1745 2309 expresse
1772 2269 1963 2299 contineant
1988 2269 2084 2307 quid,
2110 2272 2271 2307 quantum
2294 2271 2325 2298 et

1315 2325 1446 2364 quando
1464 2324 1649 2362 receperint
1665 2323 1705 2352 ab
1725 2323 1861 2352 eisdem.
1880 2323 1948 2358 Que
1966 2321 2098 2360 quidem
2116 2321 2224 2351 littere
2242 2321 2324 2350 loco-

1315 2387 1387 2407 rum
1405 2377 1585 2407 ordinariis
1603 2376 1818 2413 assignentur
1835 2375 1902 2413 qni,
1922 2374 1949 2403 51
1967 2374 2091 2412 legatos
2109 2383 2166 2403 seu
2184 2373 2324 2403 nuncios

1315 2431 1349 2460 in
1378 2430 1444 2459 hiis
1472 2429 1659 2460 constiterit
1689 2428 1881 2462 excessisse,
1908 2427 1968 2457 hoc
1995 2428 2143 2456 Romano
2172 2426 2325 2456 Pontifici

1316 2483 1475 2513 nunciare
1485 2486 1673 2521 procurent,
1687 2486 1721 2511 ut
1734 2490 1818 2519 pena.
1830 2480 1992 2517 condigna
2005 2479 2101 2509 feriat
2117 2479 2323 2509 excedentes.

1315 2536 1453 2573 Quando
1471 2540 1580 2565 autem
1596 2535 1750 2564 absentes
1762 2533 1924 2572 premissa
1939 2543 1995 2571 per
2007 2536 2252 2570 procuratorem
2270 2535 2326 2560 aut

1317 2590 1476 2619 nuncium
1499 2589 1666 2627 petierint,
1686 2588 1744 2622 liii,
1764 2598 1781 2617 a
1798 2587 1919 2626 quibus
1940 2586 1997 2615 illa
2013 2590 2176 2624 petentur.
2196 2585 2325 2614 litteras

1317 2652 1430 2673 eorum
1451 2652 1549 2680 super
1568 2642 1627 2671 1100
1646 2641 1788 2671 directas
1807 2640 1858 2670 vel
1879 2649 1992 2669 earum
2014 2639 2248 2676 transcriptum
2265 2646 2324 2667 au—

1317 2697 1439 2726 tentico
1456 2696 1567 2733 sigillo
1584 2695 1767 2733 signatum,
1794 2693 1822 2722 si
1843 2694 1925 2723 sorte
1948 2692 2099 2730 pluribus
2123 2691 2322 2727 dirigantur,

1317 2749 1483 2779 retineant
1500 2748 1533 2777 in
1551 2757 1661 2777 reruni
1680 2746 1907 2776 testimonium
1928 2745 2116 2783 petitarum,
2137 2747 2165 2773 ct
2184 2742 2245 2772 sub
2263 2741 2325 2771 ali-

1318 2811 1458 2840 quorum
1480 2800 1670 2830 testimonio
1696 2799 1745 2828 illi
1771 2797 1975 2837 procuratori
1999 2800 2053 2826 aut
2079 2796 2199 2825 nuncio
2224 2794 2326 2832 petita

1317 2854 1386 2889 illa,
1405 2853 1559 2883 videlicet
1575 2861 1637 2891 que
1655 2861 1691 2882 ex
1709 2852 1814 2881 forma
1832 2860 1944 2880 earnm
1965 2850 2003 2879 de
2022 2849 2206 2877 litterarum
2229 2855 2325 2885 apos-

1321 2907 1493 2937 tolicarum
1518 2906 1673 2935 exhibere
1698 2905 1909 2935 tenebuntur,
1936 2902 2124 2936 exhibeant,
2155 2905 2185 2929 nt
2213 2900 2258 2929 sic
2286 2900 2324 2929 de
