2498 3325
220 260 277 289 204
947 263 1187 294 REGISTRES
1209 263 1517 297 D'ALEXANDRE
1541 269 1598 298 Iv.

217 325 332 352 domina
349 325 503 352 Ambaziac
518 331 546 352 et
567 326 673 354 Montis
688 327 836 355 'ru-ichardi
853 337 952 356 mense
969 330 1035 356 maii
1050 328 1226 356 MCCXLIII

217 374 331 400 factam,
347 374 430 407 (Rea.
448 374 492 406 Ἡ,
509 383 534 402 c.
552 375 625 409 549¹,
642 376 661 402 f.
679 376 734 407 80.»

259 488 271 499 «ι
342 476 454 513 priori,
475 481 501 505 et
522 479 687 506 conventui
710 479 889 507 monasterii
907 479 941 508 de
956 479 1051 509 Pareo
1068 480 1147 508 beate
1161 481 1227 509 Ma-

215 529 271 556 rie.
291 528 495 558 Car-tusiensis
511 529 641 565 ordinis,
662 530 896 560 Cenomanensis
911 531 1046 561 diocesis.
1065 531 1154 562 Solet
1171 541 1226 562 an-

216 588 318 609 nuere
342 584 402 610 etc.
429 589 536 619 usque
557 591 564 610 ε
589 582 763 620 impertiri.
789 582 946 612 Exhibita
968 583 1103 622 quidem
1130 583 1226 614 nobis

215 637 322 662 vestra
340 633 456 670 petitio
472 634 679 670 continebat,
703 635 789 674 quod
805 636 971 674 quondam
992 636 1156 672 Matildis,
1176 637 1227 666 vi-

214 685 423 715 cecomitissa
449 685 680 718 Bellimontis.
710 687 844 718 domina
865 688 1022 719 Ambazie
1047 693 1078 719 et
1104 689 1226 720 Montis

213 736 398 771 Trichardi,
412 737 447 767 in
462 738 602 777 festagio
617 748 676 769 suo
690 740 813 770 Montis
823 740 1007 776 Trichardi,
1020 742 1226 772 Turonensis

213 788 368 825 diocesis,
386 798 535 820 annuum
550 792 614 821 XX
626 792 789 822 librarum
803 793 1047 824 Turonensium
1059 794 1227 825 redditum

213 841 306 872 vobis
323 842 377 880 pia
394 847 425 872 et
440 844 577 881 provida
591 844 792 876 liberalitate
808 847 989 882 concessit,
1007 851 1103 886 prout
1121 847 1156 877 in
1174 848 1226 886 ip-

213 894 284 924 sius
307 894 428 926 litteris
453 897 614 927 confectis
635 898 753 928 exinde
777 898 910 937 plenius
934 900 1134 930 continetur.
1155 901 1224 931 Nos

212 947 324 986 itaque
341 949 461 978 vestris
478 949 631 987 precibus
647 950 820 986 inclinati,
839 952 1089 983 concessionem
1105 953 1224 993 hujus-

211 1000 299 1030 modi
316 1005 421 1030 ratam
433 1001 594 1032 habentes
610 1007 641 1033 et
653 1007 791 1041 gratam,
805 1004 898 1034 illam
915 1006 1111 1036 auctoritate
1127 1015 1223 1045 apos-

213 1052 312 1082 tolica
337 1054 572 1085 confirmamus
595 1060 656 1085 etc.
682 1065 788 1096 usque
811 1067 817 1086 :
840 1059 1096 1089 communimus.
1118 1059 1223 1090 Litte-

211 1114 323 1135 rarum
360 1107 583 1144 predictarum
620 1112 768 1139 tenorem
804 1110 843 1140 de
879 1111 978 1141 verbo
1009 1111 1050 1141 ad
1084 1112 1223 1143 verbum

210 1159 422 1195 presentibus
438 1160 543 1190 inseri
559 1161 731 1197 facientes,
750 1163 807 1201 qui
823 1163 900 1194 talis
916 1168 965 1194 est
983 1174 989 1193 :

996 1263 1053 1290 Mai
1070 1264 1148 1292 1243.

251 1333 263 1346 (ι
283 1320 459 1351 Universis
479 1327 650 1359 presentes
672 1323 801 1354 litteras
820 1324 1036 1363 inspecturis,
1059 1327 1218 1363 Matildis‚

210 1384 223 1399 i>
248 1373 492 1404 vicecomitissa
509 1375 735 1409 Bellimontis,
754 1377 887 1408 domina
907 1379 1031 1409 Montis
1046 1380 1220 1410 Trichardi

209 1437 222 1451 »
248 1430 279 1455 et
297 1426 463 1462 Ambazie,
481 1427 623 1458 salutem
638 1429 673 1458 in
690 1430 840 1460 omnium
858 1430 1039 1462 Salvatore.
1056 1433 1220 1464 Noverint

210 1490 223 1504 ›>
248 1479 398 1509 universi
416 1480 501 1518 quod
516 1489 586 1518 ego,
604 1481 820 1512 considerans
842 1487 872 1513 et
888 1484 1062 1515 attendens
1077 1494 1220 1525 pauper-

209 1543 221 1557 »
247 1535 346 1561 tatem
375 1541 433 1561 seu
457 1532 603 1570 inopiam
627 1534 766 1564 ecclesie
790 1535 885 1566 beate
906 1537 1010 1567 Marie
1035 1537 1074 1568 de
1097 1539 1215 1575 Pareo,

208 1596 221 1610 »
245 1584 472 1615 Cartusiensis
488 1586 626 1621 ordinis,
645 1587 684 1617 de
701 1596 785 1618 novo
800 1589 937 1620 fundate
955 1590 990 1619 in
1009 1595 1096 1622 terra
1111 1596 1142 1622 et
1160 1593 1217 1623 do-

207 1649 220 1663 »
244 1637 348 1666 minio
365 1638 569 1669 vicecomitis
586 1639 808 1676 Bellimontis,
825 1641 1088 1675 Cenomanensis
1111 1645 1217 1676 dioce-

207 1704 220 1717 »
245 1692 302 1721 sis.
333 1693 412 1723 adeo
440 1694 526 1732 quod
549 1699 681 1733 propter
706 1696 757 1725 sui
781 1700 880 1727 tenue
903 1698 1157 1730 fundamentum
1185 1706 1217 1732 et

207 1757 219 1770 »
245 1750 463 1783 proventuum
486 1747 660 1785 penuriam
681 1748 812 1779 debitus
829 1750 969 1780 fratrum
985 1760 1144 1783 numerus
1163 1763 1216 1784 se-

206 1811 219 1825 n
244 1800 388 1829 cundum
406 1805 529 1831 statuta
545 1802 772 1833 Cartusiensis
788 1805 915 1835 ordinis
931 1806 1055 1837 ibidem
1071 1814 1215 1848 nequeat

206 1864 218 1877 »
244 1852 413 1883 commode
440 1855 633 1889 sustentari,
660 1864 718 1893 pro
742 1857 891 1896 remedio
914 1862 945 1888 et
968 1859 1073 1890 salute
1098 1861 1214 1893 inclite

205 1915 218 1930 ³>
243 1905 482 1936 recordationis
501 1907 675 1942 Richardi‚
701 1909 867 1947 quondam
885 1910 1090 1943 vicecomitis
1110 1914 1215 1945 Belli-

204 1970 217 1983 »
242 1958 376 1993 montis,
392 1959 504 1988 mariti
523 1960 600 1995 mei,
619 1965 649 1991 et
670 1962 780 1992 anime
801 1971 883 1999 mee,
903 1968 933 1994 et
950 1966 1137 1997 animarum
1156 1978 1214 2007 pa-

205 2023 217 2036 »
243 2016 375 2041 rentum
397 2017 427 2042 et
454 2016 703 2043 antecessorum
728 2023 889 2051 meorum,
909 2016 984 2047 dedi
1011 2022 1042 2048 et
1063 2022 1214 2052 concessi

203 2076 215 2089 n
241 2064 504 2095 irrewcabiliter
523 2070 553 2095 ct
571 2067 670 2096 etiam
691 2067 779 2098 inter
795 2069 886 2099 vivos
902 2070 937 2099 in
953 2080 1070 2109 puram
1089 2077 1119 2103 et
1137 2083 1212 2113 per-

204 2130 216 2142 »
242 2122 374 2155 petuam
393 2117 609 2148 elemosinam
629 2120 767 2151 ecclesie
790 2127 970 2154 memorate
989 2147 1021 2160 ..,
1041 2126 1160 2163 priori,
1181 2131 1213 2157 et

204 2182 215 2195 ι)
241 2170 401 2200 fratribus
415 2180 473 2209 pro
485 2176 630 2210 tempore
645 2173 768 2204 ibidem
781 2175 1012 2213 existentibus,
1027 2178 1067 2207 ad
1083 2184 1211 2210 susten—

202 2235 215 2248 »
241 2223 399 2253 tationem
417 2223 556 2253 duorum
572 2225 713 2255 fratrum
729 2226 764 2256 in
780 2228 908 2266 prefata
924 2229 1064 2261 ecclesia
1078 2232 1140 2262 sub
1155 2232 1212 2263 ha-

202 2288 215 2301 »
240 2275 310 2305 bitu
324 2276 469 2314 regulari
482 2282 638 2315 perpetuo
652 2279 793 2310 Domino
804 2280 1051 2318 famulantium,
1070 2293 1211 2323 quorum

202 2340 214 2353 »
240 2328 417 2366 specialius
434 2329 641 2360 orationibus
658 2336 688 2360 et
705 2331 780 2361 aliis
798 2333 893 2363 bonis
909 2335 1064 2373 operibus
1081 2347 1210 2369 necnon

202 2392 214 2405 »
240 2385 268 2409 et
288 2380 427 2409 aliorum
447 2380 678 2418 religiosorum
692 2384 841 2422 ejusdem
856 2385 930 2422 loci,
949 2387 1050 2419 immo
1064 2394 1093 2420 et
1109 2392 1209 2422 totius

202 2444 214 2457 »
239 2432 466 2462 Cartusiensis
483 2433 609 2464 ordinis
624 2435 809 2472 predictum
822 2438 1039 2475 Richardum,
1052 2443 1211 2473 maritum

201 2496 214 2510 n
240 2493 360 2513 meum.
373 2489 402 2514 ct
413 2493 474 2519 me,
488 2491 642 2523 parentes
658 2492 687 2516 et
699 2489 949 2526 predecessores
961 2501 1062 2529 meos,
1076 2500 1209 2533 expecto

201 2549 214 2563 »
238 2536 372 2566 facilius
391 2542 599 2575 pcccatorum
616 2541 747 2570 veniam
764 2542 925 2579 obtinere,
942 2545 1006 2576 XX
1021 2546 1124 2577 libras
1144 2550 1210 2579 Tu-

200 2603 213 2615 »
238 2590 431 2620 renensium
449 2592 551 2620 annui
568 2592 717 2623 redditus
733 2600 890 2633 perpetuo
909 2607 926 2626 a
946 2599 1055 2636 priore
1074 2601 1125 2631 vel
1140 2602 1209 2632 fra-

200 2656 213 2668 »
239 2643 344 2672 tribus
361 2644 591 2680 prenominata
603 2645 742 2676 ecclesia
754 2657 812 2685 pro
828 2652 971 2688 tempore
988 2652 1208 2685 existentibus

199 2708 212 2721 »
239 2696 308 2725 sive
331 2704 445 2725 eorum
461 2701 689 2734 procuratore,
715 2700 869 2738 syndico,
894 2703 945 2732 vel
968 2713 1129 2742 yconomo
1152 2712 1208 2738 aut

200 2761 212 2774 »
237 2753 325 2778 certo
347 2749 470 2779 nuncio
495 2750 674 2780 eorundem
693 2753 924 2791 percipiendas
944 2757 1042 2787 annis
1065 2759 1207 2798 singulis

200 2813 212 2826 »
238 2805 267 2829 et
284 2800 461 2834 *habendas
481 2801 516 2830 in
535 2799 661 2833 octabis
681 2804 838 2835 Omnium
859 2807 1055 2839 Sanctorum
1074 2811 1110 2840 in
1131 2822 1207 2851 pro-

198 2866 211 2879 »
237 2853 391 2883 ventibus
411 2862 468 2883 seu
491 2854 675 2886 redditibus
698 2857 804 2895 primo
824 2861 988 2899 perceptis
1007 2862 1076 2893 sive
1099 2865 1207 2902 perci-

199 2918 211 2931 »
236 2906 367 2944 piendis
383 2906 418 2935 in
434 2896 663 2945 festagio'meo
679 2909 718 2940 de
736 2911 847 2942 Monte
867 2913 1041 2944 Trichardi
1062 2915 1202 2955 integre,

1312 343 1325 357 »
1349 331 1485 369 pacifice
1501 338 1533 363 et
1552 335 1680 373 quiete;
1699 337 1900 376 precipiens,
1918 342 1955 369 ut
1968 339 2170 380 quicumque
2185 341 2221 371 in
2237 341 2325 374 dicto

1312 396 1324 411 n
1349 386 1490 424 festagio
1517 388 1620 418 michi
1647 390 1881 426 successerint,
1912 391 1983 422 sive
2005 392 2081 432 jure
2107 393 2322 431 hereditario.

1311 449 1324 464 n
1349 438 1420 468 sive
1434 439 1510 478 jure
1529 439 1631 479 legati
1651 446 1707 472 aut
1729 442 1794 473 fide
1813 444 1985 474 commissi
2004 444 2056 475 vel
2074 445 2264 478 donationis
2280 447 2324 477 ti-

1311 503 1324 516 »
1349 490 1429 526 tulo,
1454 492 1494 521 ad
1518 492 1718 524 solutionem
1736 495 1984 526 nominatarum
2004 497 2069 527 XX
2090 496 2255 529 librarum
2270 507 2324 530 se-

1311 554 1324 569 »
1349 543 1494 574 cundum
1510 549 1659 576 tenorem
1677 548 1831 586 superius
1854 553 2089 585 ennarratum,
2113 550 2239 590 absque
2254 551 2324 583 ullo

1310 608 1324 623 »
1349 596 1557 636 subterfugio
1571 603 1757 636 teneantur,
1773 601 1835 631 sub
1846 610 1931 640 pena
1946 602 2048 633 unius
2064 611 2174 634 marce
2191 604 2324 643 argenti

1311 661 1324 676 n
1348 658 1406 688 pro
1429 650 1578 689 qualibet
1597 651 1803 683 hebdomada
1824 653 2002 685 solutionis
2023 654 2123 686 dilate
2143 655 2231 686 ultra
2255 660 2324 687 ter-

1311 713 1324 728 »
1349 702 1478 732 minum
1498 704 1652 742 superius
1676 706 1895 736 nominatum.
1919 707 1959 737 In
1982 707 2078 747 cujus
2101 707 2151 738 rei
2170 708 2323 740 testimo-

1311 766 1324 781 »
1349 754 1443 784 nium
1459 759 1490 786 et
1508 756 1692 792 munimen,
1710 757 1786 788 dedi
1801 758 1960 797 predictis
1973 759 2136 791 fratribus
2149 764 2323 799 presentes

1310 818 1324 834 n
1347 806 1478 838 litteras
1505 808 1609 847 sigilli
1635 810 1702 840 mei
1731 815 1898 842 caractere
1919 811 2103 843 roboratas.
2130 813 2206 843 Dat.
2234 822 2324 851 anno

1311 872 1324 887 n
1348 860 1483 890 Domini
1497 861 1747 899 M⁰CC⁰XLIII⁰,
1762 872 1877 894 mense
1894 864 1987 894 Maii.
2008 877 2022 892 ι,

1348 913 1441 943 Nulli
1463 918 1525 944 etc.
1549 919 1660 946 nostre
1679 915 1943 947 confirmationis
1966 921 2028 948 etc.
2049 918 2122 948 Dat.
2147 918 2320 957 Anagnie,

1306 967 1371 997 VII
1386 966 1462 997 idus
1477 968 1632 1006 Augusti,
1651 977 1738 999 anno
1750 969 1868 1008 primo.
1889 981 1902 996 n

1377 1139 1467 1168 (335
1906 1139 2034 1174 Anagni,
2052 1141 2067 1167 7
2082 1141 2151 1168 nom
2165 1140 2245 1169 1255.

1340 1199 1456 1227 Eisdem
1481 1209 1610 1227 annuum
1635 1200 1695 1227 XX
1721 1201 1859 1228 librarum
1883 1201 2084 1228 turonensium
2109 1202 2252 1230 redditum
2278 1203 2316 1231 ab

1303 1250 1442 1284 episcopo
1465 1249 1696 1276 Cenomannensi
1721 1249 1859 1276 Gaut'rido
1885 1250 1983 1276 datum
2013 1258 2102 1286 super
2130 1250 2252 1278 decimis
2279 1251 2316 1278 de

1303 1298 1451 1333 Mayroliis
1465 1298 1617 1332 Leberaut,
1634 1299 1670 1325 de
1685 1307 1770 1326 manu
1787 1299 1879 1326 laicali
1894 1299 2043 1332 extractis,
2059 1299 2221 1334 confirmat,
2237 1300 2316 1328 litte-

1303 1356 1350 1374 ras
1366 1355 1466 1374 mense
1481 1347 1656 1382 septembris
1671 1346 1830 1374 MCCLIHI
1845 1347 1977 1375 Gauri-idi
1991 1347 2157 1376 inserendo.
2171 1347 2256 1382 (Rus.
2266 1347 2315 1381 24,

1303 1404 1327 1423 c.
1347 1395 1420 1426 549²,
1436 1396 1456 1422 f.
1472 1395 1528 1429 80.)

1343 1511 1357 1526 α
1374 1499 1505 1529 Eisdem.
1521 1498 1611 1529 Solet
1626 1507 1774 1528 annuere
1790 1502 1851 1528 etc.
1868 1506 1975 1537 usque
1991 1507 1998 1526 :
2015 1497 2191 1537 impertiri.
2210 1498 2315 1530 Exhi-

1300 1552 1369 1582 bita
1388 1551 1523 1591 quidem
1536 1551 1632 1581 nobis
1648 1555 1759 1581 vestra
1773 1551 1889 1589 petitio
1905 1550 2108 1587 continebat,
2125 1551 2213 1591 quod
2227 1551 2314 1583 bone

1299 1605 1459 1636 memorie
1483 1628 1516 1640 ..,
1533 1604 1797 1635 Cenomanensis
1815 1603 1989 1642 episcopus
2002 1627 2009 1639 ‚
2026 1607 2254 1643 paupertatem
2275 1613 2314 1636 ac

1298 1657 1496 1696 religionem
1507 1657 1703 1687 monasterii
1714 1657 1816 1687 vestri
1830 1656 1918 1695 quod
1928 1656 2060 1687 noviter
2073 1660 2124 1687 est
2135 1657 2314 1688 fundatum

1299 1710 1478 1748 diligenter
1487 1709 1672 1745 attendens,
1683 1718 1831 1740 annuum
1840 1709 1903 1739 XX
1910 1709 2073 1739 librarum
2079 1710 2314 1741 turonensium

1297 1763 1465 1794 redditum
1486 1763 1523 1792 in
1547 1762 1685 1793 decimis
1708 1762 1747 1793 de
1771 1762 1946 1801 Mayroliis
1966 1762 2125 1793 Liberaut
2148 1762 2313 1794 Cenoma-

1298 1816 1414 1846 nensis
1427 1816 1580 1847 diocesis,
1596 1824 1679 1854 quas
1693 1815 1732 1846 de
1746 1824 1847 1845 manu
1861 1819 2046 1846 extraxerat
2060 1815 2184 1852 laicali,
2202 1815 2310 1852 vobis,

1297 1868 1436 1907 capituli
1452 1868 1504 1898 sui
1520 1868 1561 1898 ad
1580 1868 1641 1898 hoc
1658 1868 1833 1898 accedente
1853 1876 2019 1898 consensu
2030 1891 2037 1904 ,
2055 1868 2111 1907 pia
2127 1872 2159 1899 et
2172 1868 2311 1907 provida

1295 1920 1498 1952 liberalitate
1512 1921 1686 1956 concessit,
1706 1924 1803 1959 prout
1818 1920 1854 1950 in
1872 1919 1995 1950 litteris
2012 1920 2204 1951 eorumdem
2221 1921 2311 1960 epis-

1296 1961 1369 2013 copi
1381 1979 1412 2004 et
1429 1973 1566 2012 capituli
1579 1973 1740 2004 confectis
1753 1972 1871 2004 exinde
1882 1973 2016 2011 plenius
2024 1973 2226 2004 continetur.
2240 1974 2310 2005 Nos

1296 2028 1408 2067 itaque
1431 2031 1492 2057 etc.
1516 2035 1622 2065 usque
1643 2036 1649 2055 ε
1670 2018 1813 2064 gratam,
1838 2027 2005 2064 prefatum
2025 2026 2193 2056 redditum
2213 2026 2309 2058 vobis

1296 2084 1327 2111 et
1346 2089 1404 2119 per
1427 2089 1484 2110 vos
1506 2079 1627 2110 vestris
1649 2078 1898 2109 successoribus
1922 2082 1954 2109 et
1975 2078 2084 2109 eidem
2105 2079 2310 2110 monasterio

1296 2132 1491 2162 auctoritate
1508 2131 1688 2170 apostolica
1711 2131 1946 2161 confirmamus
1971 2135 2032 2161 etc.
2056 2140 2164 2170 usque
2187 2141 2195 2161 z
2218 2140 2309 2162 com-

1295 2186 1477 2215 munimus.
1495 2185 1698 2215 Litterarum
1713 2188 1773 2214 etc.
1792 2192 1898 2222 usque
1917 2193 1924 2213 ε
1944 2183 2147 2222 inspecturis
2165 2194 2172 2214 :

1963 2275 2134 2312 Septembre
2153 2277 2234 2304 ¹254.

1337 2352 1349 2367 »
1377 2340 1577 2375 Gaufridus‚
1601 2339 1662 2370 Dei
1691 2339 1798 2377 gratia
1825 2337 2089 2369 Cenomanensis
2118 2338 2305 2378 episcopus,

1295 2406 1308 2420 n
1334 2393 1476 2424 salutem
1494 2393 1530 2422 in
1545 2392 1698 2423 Domino.
1715 2391 1882 2430 Quicquid
1901 2390 2001 2421 habet
2021 2390 2161 2422 ecclesia
2181 2396 2307 2430 tempo-

1295 2458 1308 2473 »
1332 2445 1402 2476 rale
1420 2446 1460 2476 ad
1476 2445 1538 2476 hoc
1554 2449 1603 2476 est
1621 2444 1811 2484 specialiter
1827 2444 2032 2482 deputatum,
2048 2447 2086 2473 ut
2101 2444 2220 2475 exinde
2231 2453 2307 2476 sus·

1294 2511 1308 2525 »
1334 2499 1480 2529 tineatur
1504 2497 1725 2536 spiritualitas
1750 2501 1780 2527 et
1803 2505 1877 2526 cum
1902 2495 1995 2526 locus
2019 2496 2122 2526 fuerit
2145 2505 2307 2535 augmen-

1294 2563 1308 2577 »
1334 2555 1430 2581 tetur.
1454 2551 1563 2587 Quare
1586 2559 1646 2580 nos
1668 2549 1919 2580 considerantes
1944 2548 2142 2579 tenuitatem
2165 2549 2307 2579 nimiam

1294 2615 1307 2630 n
1331 2603 1522 2633 reddituum
1541 2603 1658 2633 domus
1674 2602 1768 2632 beate
1787 2601 1891 2632 Marie
1909 2601 1949 2632 de
1965 2601 2085 2637 Pareo,
2105 2605 2219 2632 nostre
2233 2601 2306 2632 dio-

1293 2669 1306 2683 »
1331 2657 1433 2691 cesis,
1451 2656 1678 2687 Cartusiensis
1701 2654 1844 2690 ordinis,
1862 2662 1927 2692 que
1943 2653 1982 2683 de
2000 2662 2084 2684 novo
2099 2653 2239 2684 fundata
2255 2657 2306 2684 est

1293 2721 1306 2736 ι)
1330 2710 1366 2739 in
1375 2709 1519 2739 maxima
1529 2712 1733 2747 paupertate,
1749 2707 1958 2738 advertentes
1975 2706 2074 2736 etiam
2085 2714 2306 2745 personarum

1293 2774 1306 2789 »
1331 2762 1392 2792 sub
1408 2766 1475 2792 tam
1491 2762 1606 2792 stricto
1619 2761 1734 2791 ordine
1751 2760 1875 2790 ibidem
1889 2759 2169 2790 commorantium
2184 2759 2305 2790 sancti-

1292 2827 1306 2842 »
1330 2819 1447 2850 tatem,
1473 2820 1504 2844 et
1524 2814 1679 2844 timentes
1698 2822 1739 2844 ne
1757 2813 1868 2843 future
1895 2811 2007 2850 inopie
2030 2811 2225 2849 magnitudo
2247 2820 2303 2843 eos

1291 2879 1305 2894 »
1330 2871 1475 2905 egestate
1488 2876 1662 2906 oppressos
1676 2870 1805 2904 cogeret
1817 2865 1858 2895 ad
1868 2872 2050 2899 recessum,
2062 2864 2128 2894 XX
2139 2863 2305 2894 librarum

1292 2932 1304 2946 >2
1329 2920 1562 2951 turonensium
1584 2919 1688 2950 annui
1708 2918 1859 2949 redditus
1879 2925 1979 2956 super
1994 2916 2144 2953 decimis,
2162 2924 2246 2956 quas
2264 2916 2304 2947 in
