2441 3330
970 232 1192 270 PREMIERE
1214 234 1374 272 ANNEE.
2080 258 2083 261 ·
2161 249 2216 279 157

124 305 248 339 fuerat,
266 313 332 334 non
353 309 484 343 poteras
503 305 541 334 de
561 305 654 334 facili
673 305 879 335 commodum
896 305 1062 339 obtinere,
1081 306 1132 335 di-

124 357 230 388 lectus
252 356 342 387 filius
366 357 516 387 Andreas
540 357 579 387 de
603 357 765 392 Lavania,
792 357 983 395 capellanus
1008 362 1130 393 noster,

124 414 296 448 precentor
319 410 595 445 Saresbiriensis,
619 415 715 448 prout
732 410 820 439 idem
837 411 1050 448 predecessor
1066 411 1132 440 sibi

123 463 199 492 viva
213 471 291 492 voce
309 463 536 498 commiserat,
559 463 664 493 libera
686 472 703 492 a
721 463 848 501 prefato
866 463 1024 500 magistro
1046 464 1131 492 Ros-

123 515 222 545 tando
236 515 274 545 de
286 515 425 545 ecclesia
439 515 545 545 sancti
559 515 649 545 Petri
662 515 701 545 de
711 517 858 550 Vensan,
872 515 1131 553 Burdegalensis

123 567 280 603 diocesis,
305 568 399 607 cujus
422 572 500 597 tunc
523 572 608 603 erat,
631 568 857 605 resignatione
873 572 1020 606 recepta,
1039 567 1132 597 illam

123 629 197 650 cum
213 621 367 650 omnibus
380 621 513 660 juribus
533 625 563 650 et
580 621 793 658 pertinentiis
815 621 884 650 suis
904 620 965 650 tihi
981 621 1131 650 conferre

125 677 156 702 et
171 673 342 710 assignare
359 681 395 702 ac
418 677 448 702 te
468 673 507 702 de
524 681 561 702 ea
579 673 739 702 investire
757 673 900 707 curavit,
918 676 1014 711 prout
1029 672 1064 701 in
1081 672 1131 710 ip-

124 725 195 755 sius
210 725 413 763 precentoris
428 725 550 755 litteris
569 725 728 755 confectis
745 725 861 755 exinde
877 724 1009 763 plenius
1025 724 1132 754 conti-

125 782 232 812 netur,
250 777 404 815 idemque
419 778 632 815 predecessor
648 777 788 815 gratiam
800 786 862 815 que
876 777 938 806 tibi
954 786 1012 815 per
1027 776 1131 806 dictas

123 829 251 858 litteras
265 829 469 866 competebat
480 830 514 858 in
528 838 703 867 personam
716 829 863 868 ejusdem
880 829 1031 867 magistri
1047 830 1132 858 Ros-

124 881 216 911 tandi
238 881 276 911 de
300 882 406 919 gratia
428 882 638 920 (s)t1·anstulit
664 882 812 921 speciali.
840 883 908 912 Nos
935 882 1038 920 igitur
1065 881 1131 911 tuis

123 933 422 972 supplicationibus
438 935 602 970 inclinati,
622 935 709 973 quod
724 944 741 964 a
758 935 989 973 predecessore
1005 943 1041 963 ac
1057 942 1132 972 pre-

122 991 254 1017 centore
270 987 428 1025 predictis
445 997 544 1026 super
563 988 736 1026 premissis
758 988 880 1017 sactum
896 987 1004 1017 extitit
1024 991 1132 1015 ratum

124 1045 155 1072 et
171 1046 300 1080 gratum
315 1041 488 1077 habentes,
506 1042 540 1071 id
556 1043 751 1072 auctoritate
767 1041 945 1080 apostolica
962 1041 1132 1070 confirma-

123 1103 197 1124 mus
209 1098 269 1124 etc.
286 1103 390 1133 usque
405 1105 410 1124 τ
426 1095 680 1125 communimus.
693 1096 854 1124 Tenorem
865 1095 1051 1124 litterarum
1062 1103 1132 1132 pre-

122 1147 183 1177 fati
198 1149 403 1185 precentoris
425 1148 637 1186 presentibus
656 1149 761 1178 inseri
781 1148 960 1182 facientes;
982 1147 1039 1186 qui
1056 1147 1131 1177 talis

123 1205 183 1230 est.

706 1248 831 1281 Anagni,
846 1248 880 1274 25
896 1249 963 1274 aout
982 1247 1058 1274 1254.

165 1310 348 1340 «Andreas
365 1310 403 1340 de
420 1311 577 1345 Lavania,
596 1310 856 1341 Saresbiriensis
872 1314 1055 1348 precentor,
1074 1310 1131 1339 do-

125 1373 138 1387 »
164 1362 246 1391 mini
260 1371 342 1400 pape
354 1371 455 1401 nepos
470 1367 500 1392 et
513 1363 714 1401 capellanus,
733 1363 851 1393 dilecto
865 1363 931 1393 sibi
946 1363 981 1392 in
997 1362 1131 1393 Christo

125 1426 138 1439 »
163 1414 321 1452 magistro
350 1415 583 1445 Bartholomeo
613 1415 651 1446 de
681 1415 802 1453 Regio.
833 1415 991 1445 canonico
1024 1415 1131 1445 sancti

162 1468 317 1505 Prosperi
334 1468 474 1506 Regini,
492 1469 527 1498 in
543 1469 645 1499 Curia
662 1469 840 1503 residenti,
859 1468 999 1498 salutem
1015 1468 1051 1498 in
1064 1469 1130 1498 Do-

122 1532 135 1545 »
159 1520 261 1550 mino.
280 1520 363 1551 Cum
379 1521 575 1550 auctoritate
592 1521 718 1558 domini
736 1530 819 1559 pape
835 1525 866 1551 et
882 1521 1036 1551 mandato
1055 1530 1130 1559 spe-

120 1584 133 1598 >³
160 1572 236 1602 ciali
262 1573 337 1602 viva
366 1582 444 1603 voce
472 1573 568 1603 nobis
595 1574 682 1604 facto
711 1574 935 1612 receperimus
961 1574 996 1603 in
1028 1574 1130 1605 Curia

121 1637 133 1651 »
159 1625 280 1655 summi
295 1626 462 1663 pontificis
479 1626 651 1655 constituti
675 1630 705 1656 et
722 1626 808 1664 apud
823 1635 895 1656 eam
911 1626 1130 1656 residentiam

121 1690 134 1704 ›>
159 1677 319 1708 facientes
336 1687 354 1707 a
376 1678 535 1716 magistro
551 1678 721 1708 Rostando
738 1679 886 1718 ejusdem
907 1679 1033 1709 domini
1050 1679 1129 1709 sub-

121 1743 134 1757 »
159 1731 296 1761 diacono
320 1735 350 1761 et
367 1731 552 1770 capellano,
573 1732 731 1762 canonico
749 1732 854 1762 sancti
873 1733 1025 1763 Severini
1043 1733 1129 1762 Bur-

121 1797 134 1810 »
159 1784 358 1822 degalensis,
387 1785 649 1823 resignationem
679 1785 818 1815 ecclesie
843 1786 950 1815 sancti
977 1786 1067 1816 Petri
1090 1786 1128 1816 de

121 1849 134 1863 »ι
160 1837 286 1871 Vesan,
309 1837 568 1875 Burdegalensis
590 1838 749 1873 diocesis,
770 1839 863 1877 cujus
887 1838 1025 1869 ecclesie
1041 1839 1129 1868 idem

122 1903 135 1916 »
160 1890 319 1928 magister
333 1891 522 1921 Rostandus
537 1891 697 1922 existebat
706 1896 823 1927 rector,
835 1901 905 1922 nos.
922 1892 1028 1922 libera
1045 1893 1129 1931 ejus-

123 1956 135 1969 »
161 1943 234 1973 dem
259 1943 410 1981 magistri
434 1945 471 1974 R.
500 1944 539 1974 de
564 1945 710 1982 predicta
737 1945 876 1975 ecclesia
903 1945 1130 1983 resignatione

123 2008 136 2021 »
161 2000 302 2033 recepta,
333 1996 447 2026 eadem
477 1997 672 2027 auctoritate
699 2002 731 2027 et
763 2007 799 2027 ex
832 1998 947 2028 eodem
976 1998 1130 2028 mandato

124 2061 136 2074 n
161 2048 257 2078 nobis
284 2053 439 2078 oretenus
464 2049 566 2084 facto,
589 2050 682 2079 vobis
706 2050 843 2079 eandem
861 2050 1034 2080 ecclesiam
1055 2059 1131 2080 cum

124 2114 137 2127 »
158 2102 291 2141 juribus
303 2106 334 2131 et
349 2102 560 2140 pertinentiis
575 2103 645 2132 suis
659 2103 862 2133 conserimus
876 2108 905 2133 et
918 2104 1129 2141 assignamus

124 2147 137 2180 i>
157 2158 188 2184 et
204 2163 260 2184 vos
277 2154 315 2184 de
332 2154 403 2192 ipsa
419 2164 476 2193 per
494 2155 632 2193 pilleum
648 2160 797 2185 nostrum
814 2156 1061 2194 presentialiter
1079 2156 1131 2185 in-

124 2219 137 2232 »
156 2207 327 2241 vestimus,
345 2207 560 2237 decernentes
577 2216 706 2237 exnunc
721 2207 855 2237 irritum
873 2212 903 2238 et
920 2209 1020 2238 inane
1038 2209 1132 2247 quic—

123 2272 136 2286 »
161 2259 241 2298 quid
252 2260 290 2289 de
302 2259 448 2297 predicta
460 2259 600 2290 ecclesia
614 2265 723 2298 preter
736 2260 928 2299 hujusmodi
939 2262 1132 2291 mandatum

123 2325 136 2339 η
161 2313 378 2353 apostolicum
392 2317 423 2343 et
437 2313 647 2343 collationem
659 2318 805 2344 nostram
819 2323 837 2343 a
849 2323 1015 2353 quoquam
1031 2314 1132 2344 suerit

122 2378 134 2391 n
159 2369 401 2403 attemptatum.
434 2366 473 2395 In
501 2375 641 2404 quorum
667 2366 816 2395 omnium
846 2367 1074 2396 testimonium
1101 2370 1132 2396 et

124 2430 137 2443 »
161 2421 353 2456 perpetuam
372 2418 562 2448 firmitatem
579 2418 639 2447 has
651 2418 779 2448 litteras
792 2419 896 2448 nostri
908 2418 1011 2456 sigilli
1025 2419 1131 2448 muni-

123 2482 136 2496 »
160 2470 250 2500 mine
269 2470 450 2506 roboratas,
468 2471 589 2509 quibus
604 2471 753 2509 prefatus
769 2472 928 2509 magister
941 2471 1131 2501 Rostandus

121 2535 134 2549 n
160 2522 309 2561 sigillum
322 2523 465 2553 suumin
478 2523 707 2553 testimonium
718 2524 956 2561 resignationis
969 2524 1131 2562 premisse

122 2589 134 2602 n
159 2576 280 2614 apponi·
292 2576 372 2606 fecit
385 2580 416 2605 et
431 2576 545 2611 voluit,
562 2576 655 2607 vohis
669 2577 881 2607 concedimus
896 2580 925 2606 et
940 2586 995 2606 eas
1008 2586 1026 2606 a
1037 2576 1130 2606 vobis

121 2642 134 2655 n
161 2629 312 2659 volumus
342 2629 492 2659 retineri.
530 2630 649 2659 Actum
678 2629 849 2667 Anagnie,
882 2619 968 2659 anno
983 2628 1131 2665 ,Domini

122 2694 135 2708 n
160 2681 395 2717 M⁰CC⁰LIIII⁰,
429 2682 611 2712 indictione
642 2683 724 2717 XII,
755 2683 836 2712 VIII
868 2681 1027 2711 kalendas
1057 2690 1131 2719 sep-

122 2747 135 2760 n
161 2734 309 2764 tembris.
341 2734 552 2772 pontificatus
582 2735 708 2764 domini
741 2734 930 2764 Innocentii
955 2743 1037 2772 pape
1062 2734 1131 2764 1111

123 2799 137 2813 »
162 2795 248 2816 anno
262 2786 354 2816 X110.
380 2799 393 2812 n
916 2785 925 2792 ”

161 2838 255 2869 Nulli
271 2843 332 2869 etc.
351 2843 461 2869 nostre
476 2839 737 2869 confirmationis
754 2844 815 2870 etc.
833 2839 868 2869 Si
885 2838 960 2877 quis
977 2841 1038 2868 etc.
1056 2838 1130 2868 Dat.

122 2891 274 2930 Neapoli,
291 2892 354 2921 VII
370 2891 444 2921 idus
461 2891 551 2926 maii,
569 2900 656 2921 anno
672 2892 787 2930 primo.
809 2904 822 2918 n

124 1479 130 1492 )

1283 308 1370 335 539

1250 368 1334 395 Petro
1357 369 1506 404 Fet-nandi,
1528 374 1631 399 rectori
1652 375 1791 400 ecclesiae
1815 383 1840 401 s.
1865 374 2020 402 salvatoris
2042 376 2076 402 de
2100 377 2215 404 Avella-

1213 417 1298 448 neda,
1317 417 1523 445 Bracharensis
1538 420 1678 455 diocesis,
1695 422 1852 456 dispensat,
1873 427 1902 449 ut
1918 432 1983 450 cum
2000 424 2075 451 dicta
2090 425 2215 451 ecclesia

1213 465 1364 492 ecclesiam
1376 475 1399 492 s.
1414 466 1569 494 salvatoris
1580 469 1615 495 de
1627 469 1754 496 Varzena
1765 480 1849 505 quam
1862 471 2045 499 Lamecensis
2060 475 2214 508 episcopus

1213 513 1267 547 ipsi
1279 515 1491 542 commendavit
1501 516 1589 543 libere
1604 518 1726 544 retinere
1737 520 1837 546 valeat.
1849 520 1931 553 (Rau.
1944 521 1987 551 Q-i,
2001 530 2026 547 c.
2039 522 2099 554 445,
2113 522 2132 548 f.
2145 522 2214 554 flav.)

1812 312 1928 347 Napies,
1945 314 1977 340 115
1993 314 2048 340 mai
2067 315 2142 343 1255.

1255 625 1268 639 «
1294 615 1379 643 Petro
1400 616 1572 652 Ferncmcli,
1600 620 1711 647 rectori
1734 620 1851 648 ecclesie
1871 622 1970 649 sancti
1992 622 2159 651 Salvatoris
2181 623 2214 650 <le

1211 667 1409 702 Avedaneda,
1434 669 1652 699 Bracharensis
1673 672 1807 700 diocesis.
1824 672 1893 701 Tua
1908 673 2025 702 merita
2040 674 2214 711 probitatis

1213 734 1262 746 —.
1277 719 1350 748 Dat.
1366 720 1516 757 Neapoli,
1534 721 1644 752 idibus
1661 723 1752 756 maii,
1771 732 1857 753 anno
1873 725 1989 762 primo.
2007 737 2019 751 »

1283 902 1374 930 540

1250 964 1356 990 Abbati
1386 966 1552 992 monasterii
1581 966 1802 1001 Gurguiiensis‚
1832 969 2051 1002 Andegavensis
2080 969 2214 1003 diocesiS,

1213 1012 1355 1045 concedit,
1373 1017 1404 1039 ut
1419 1022 1507 1047 super
1522 1014 1723 1041 observatione
1739 1019 1913 1042 statutorum
1928 1025 2001 1050 quae
2012 1017 2046 1043 de
2055 1019 2217 1044 substantia

1214 1062 1330 1094 regulae
1347 1069 1371 1088 s.
1391 1061 1540 1088 Benedicti
1562 1071 1617 1088 non
1637 1063 1766 1090 existunt
1786 1065 1934 1091 monachis
1953 1066 2118 1092 monasterii
2137 1068 2218 1100 ejus·

1213 1118 1269 1144 que
1289 1110 1482 1136 membrorum
1503 1111 1670 1145 dispensare
1691 1113 1798 1147 possit.
1816 1113 1993 1147 injungendo
2008 1115 2117 1141 eisdem
2132 1115 2217 1142 abso-

1212 1159 1281 1184 lutis
1298 1159 1501 1192 poeuiteutiam
1518 1160 1683 1188 salutarem.
1701 1161 1791 1187 Priori
1809 1163 1973 1188 monasterii
1986 1163 2104 1190 eandem
2121 1168 2218 1198 potes-

1212 1210 1298 1233 tatem
1316 1207 1454 1242 indulget.
1470 1208 1552 1241 (Rso.
1569 1208 1612 1242 24,
1630 1217 1655 1235 c.
1672 1210 1734 1243 446,
1750 1210 1770 1237 f.
1788 1210 1843 1241 63.)

1810 905 1928 940 Napies,
1945 908 1978 934 2⁸5
1995 908 2049 933 mai
2070 908 2144 934 1255.

1255 1321 1267 1335 ε(
1290 1331 1322 1344 ..,
1340 1310 1441 1338 abbati
1460 1312 1640 1339 vizonasterii
1661 1303 2030 1348 Guryulz‘erzsis,*ordinis
2047 1316 2147 1344 saneti
2163 1316 2216 1344 Bi-

1212 1362 1342 1397 nedicti,
1368 1363 1592 1400 studegavensis
1617 1364 1750 1394 diocesis.
1774 1365 1821 1394 Ex
1841 1370 1932 1403 parte
1957 1370 2013 1396 tua
2034 1368 2099 1396 suit
2120 1367 2216 1398 nobis

1212 1414 1386 1445 humiliter
1402 1415 1633 1453 supplicatum,
1651 1421 1697 1451 ut,
1716 1426 1790 1446 cum
1806 1418 2013 1448 observantia
2030 1420 2079 1449 tui
2089 1420 2215 1450 ordinis

1213 1467 1253 1497 ab
1270 1467 1342 1505 ipsa
1358 1468 1410 1497 sui
1430 1468 1641 1499 institutione
1666 1469 1807 1499 multum
1830 1471 1871 1500 sit
1894 1471 2000 1509 rigida
2023 1476 2053 1502 et
2071 1472 2215 1503 difficilis

1212 1521 1252 1550 ad
1267 1521 1441 1550 ferendum
1458 1521 1649 1560 fuerintque
1665 1523 1872 1560 postmodum
1886 1528 1951 1553 tam
1967 1533 2024 1562 per
2039 1524 2146 1555 felicis
2162 1534 2216 1555 re-

1212 1573 1413 1602 cordationis
1440 1574 1478 1603 G.
1506 1583 1623 1612 papam
1652 1575 1917 1613 predecessorem
1942 1582 2092 1608 nostrum
2118 1588 2217 1617 quam

1210 1635 1268 1664 per
1289 1626 1436 1656 locorum
1458 1627 1727 1665 metropolitanos
1750 1633 1780 1659 et
1811 1629 2003 1661 diocesanos
2026 1640 2062 1661 ac
2092 1632 2216 1670 legatos

1212 1678 1307 1708 Sedis
1317 1678 1494 1716 apostolice
1505 1684 1534 1709 et
1545 1680 1711 1718 delegatos
1720 1681 1826 1719 ipsius
1838 1683 1997 1712 nonnulla
2007 1685 2217 1722 superaddita

1212 1735 1332 1761 statuta
1351 1732 1465 1769 gravia
1481 1736 1511 1761 et
1529 1738 1682 1771 precepta
1703 1734 1909 1764 diversarum
1929 1746 2089 1774 penarum
2109 1738 2217 1777 adJ'ec-

1211 1784 1300 1814 tione
1320 1784 1452 1819 vallata,
1470 1794 1510 1815 ne
1527 1786 1697 1824 contingat
1712 1787 1773 1816 sul]
1789 1788 1890 1817 tantis
1907 1789 2063 1819 oneribus
2079 1790 2218 1821 deficere

1212 1841 1376 1873 oneratos,
1397 1838 1569 1875 providere
1586 1848 1684 1877 super
1699 1839 1760 1869 hoc
1773 1845 1910 1878 paterna
1926 1841 2149 1872 sollicitudine
2165 1852 2217 1873 cu-

1211 1899 1374 1920 raremus.
1389 1891 1458 1920 Nos
1474 1891 1577 1928 igitur
1591 1892 1798 1922 attendentes
1813 1893 1900 1931 quod
1913 1895 2041 1932 expedit
2055 1895 2217 1925 calamum

1213 1947 1406 1982 quassatum
1425 1952 1491 1973 non
1505 1945 1630 1974 conteri
1647 1949 1677 1974 et
1693 1945 1729 1974 in
1746 1946 1897 1976 erasione
1913 1948 2062 1985 eruginis
2078 1957 2135 1978 vas
2152 1958 2218 1979 non

1211 1997 1337 2034 frangi,
1364 1997 1549 2026 devotionis
1572 2002 1626 2027 tue
1648 1998 1801 2035 precibus
1823 1999 1992 2035 inclinati,
2013 2002 2218 2038 presentium

1212 2049 1275 2078 tibi
1300 2049 1495 2079 auctoritate
1522 2050 1750 2085 concedimus,
1779 2056 1832 2086 ut,
1860 2061 1958 2090 super
1988 2053 2217 2084 observatione

1213 2106 1412 2132 statutorum
1435 2102 1582 2139 ipsorum
1607 2107 1637 2132 et
1660 2107 1887 2141 preceptorum
1911 2113 1974 2143 que
1999 2105 2038 2135 de
2060 2110 2114 2135 tue
2138 2106 2216 2136 sub-

1214 2154 1336 2184 stantia
1352 2154 1464 2191 regule
1482 2163 1547 2183 non
1564 2154 1723 2189 existunt,
1744 2159 1778 2184 tu
1794 2164 1830 2185 ac
1853 2165 2060 2187 successores
2075 2159 2124 2187 tui
2146 2168 2215 2189 mo-

1214 2206 1353 2236 nasterii
1370 2206 1417 2235 tui
1432 2207 1568 2245 ejusque
1584 2207 1808 2236 membrorum
1823 2208 1993 2238 monachis
2006 2211 2216 2247 presentibus

1214 2264 1245 2289 et
1273 2259 1396 2289 futuris
1430 2259 1566 2297 possitis
1601 2259 1704 2289 libere
1742 2260 1945 2298 dispensare.
1978 2262 2053 2292 Hiis
2085 2264 2216 2294 casibus

1214 2312 1383 2342 dumtaxat
1405 2312 1564 2350 exceptis,
1589 2321 1687 2350 super
1710 2313 1831 2351 quibus
1851 2313 1886 2342 in
1905 2314 2018 2344 eadem
2034 2316 2147 2353 regula
2167 2322 2216 2346 est

1214 2365 1417 2403 dispensatio
1433 2364 1625 2400 interdicta,
1649 2365 1683 2393 in
1706 2365 1828 2403 quibus
1850 2366 1982 2397 casibus
2003 2367 2216 2406 dispensandi

1214 2426 1312 2455 super
1328 2417 1422 2455 penis
1439 2417 1576 2455 adjectis
1592 2421 1623 2447 et
1643 2417 1946 2455 irregularitatibus
1967 2429 2049 2457 quas
2070 2421 2118 2450 tui
2138 2422 2217 2451 suh-

1213 2469 1273 2499 diti
1285 2469 1325 2499 ob
1339 2469 1401 2499 hoc
1414 2469 1574 2499 hactenus
1585 2469 1798 2500 incurrerunt
1811 2470 1863 2500 vel
1875 2471 2047 2502 incurrent
2059 2473 2097 2503 de
2109 2478 2216 2504 cetero

1214 2531 1335 2560 eosque
1361 2521 1553 2552 absolvendi
1578 2522 1618 2552 ab
1643 2522 1812 2553 interdicti
1833 2523 1884 2554 vel
1909 2525 2137 2563 suspensionis
2162 2532 2217 2556 aut

1213 2575 1564 2604 excommunicationis
1584 2575 1718 2605 vinculo
1734 2585 1798 2614 quo
1813 2576 1902 2615 ipsos
1919 2577 1959 2607 ob
1980 2580 2217 2616 transgressio-

1214 2636 1291 2657 nem
1323 2627 1512 2657 eorumdem
1545 2632 1744 2658 statutorum
1775 2633 1806 2659 et
1836 2635 2065 2669 preceptorum
2092 2632 2216 2662 involvi

1214 2679 1352 2717 contigit
1365 2679 1416 2710 vel
1433 2680 1612 2718 continget.
1631 2681 1781 2720 injuncta
1797 2682 1844 2711 sic
1858 2683 2018 2713 absolutis
2035 2684 2217 2721 penitentia

1214 2732 1352 2762 salutari
1367 2732 1472 2762 libera
1489 2732 1532 2762 sit
1551 2733 1611 2762 tibi
1634 2733 1764 2772 tuisque
1784 2736 2030 2766 successoribus
2049 2736 2087 2766 de
2104 2740 2215 2766 nostra

1212 2784 1431 2822 permissione
1454 2784 1610 2820 facultas;
1640 2808 1672 2820 ..‚
1696 2786 1798 2823 priori
1820 2787 2058 2818 nichilominus
2084 2798 2216 2819 monas-

1213 2836 1289 2866 terii
1309 2836 1359 2865 tui
1379 2845 1415 2865 ac
1437 2836 1685 2867 successoribus
1704 2838 1775 2877 ejus
1792 2839 1990 2870 concedendi
2009 2840 2067 2869 tibi
2084 2841 2215 2879 tuisque

1214 2889 1462 2919 successoribus
1475 2889 1666 2928 hujusmodi
1683 2890 1941 2929 dispensationis
1955 2897 1985 2923 et
1999 2893 2216 2924 absolutionis
