2441 3330
173 199 210 229 80
867 176 872 180 ⁴
899 196 1139 228 REG1s'rREs
1160 195 1469 226 D'ALEXANDRE
1490 197 1547 227 1v.

172 271 244 294 ram
260 263 355 293 nobis
377 271 435 300 pro
452 262 607 292 sedandis
623 262 822 301 capitalibus
838 262 1027 292 inimicitiis
1043 270 1106 301 que
1123 261 1184 291 du-

173 315 250 345 dum
267 315 354 345 inter
369 314 597 353 progenitores
615 314 762 353 ipsorum
785 318 895 345 exorte
920 314 1061 350 fuerint,
1084 322 1184 354 spon-

172 367 256 397 salia
267 367 346 396 olim
355 367 443 397 inter
453 375 508 397 eos
521 367 646 397 fuerint
657 376 714 406 per
726 366 824 397 verba
833 367 872 398 de
881 367 993 398 futuro
1003 370 1181 403 contracta,

173 427 232 449 nos
246 419 323 458 quia
338 419 489 458 cupimus
503 423 537 449 ut
551 419 638 450 inter
651 420 819 450 discordes
831 428 892 458 pax
905 425 936 450 et
947 420 1122 450 concordia
1133 428 1182 450 re-

172 472 343 507 formetur,
366 472 562 502 mandamus
578 472 736 511 quatinus
753 473 780 502 si
798 477 847 503 est
863 473 909 502 ita
926 482 1001 503 cum
1017 473 1066 503 eis
1082 472 1180 511 quod,

173 533 238 555 non
254 525 405 555 obstante
428 525 515 564 quod
536 526 604 556 sint
623 530 740 565 quarto
756 526 1057 564 consanguinitatis
1079 525 1182 564 gradu

173 578 351 617 conjuncti,
367 578 495 616 possint
508 578 548 608 ad
562 578 704 608 invicem
718 578 1009 609 matrimonialiter
1021 578 1180 616 copulari,

173 631 368 661 auctoritate
390 635 501 661 nostra
527 631 710 669 dispenses.
735 632 808 661 Dat.
832 631 986 670 Neapoli,
1007 631 1093 662 XIII
1113 632 1181 661 Ka-

173 683 288 715 lendas
305 684 431 722 aprilis,
449 692 536 714 anno
553 684 670 722 primo.
693 696 706 710 »

244 835 334 864 295

208 897 352 932 Episcopo
370 897 564 924 Londoniensi
580 898 711 925 concedit
726 898 889 925 facultatem
912 898 1099 933 dispensandi
1114 906 1180 925 cum

174 945 307 981 Philippo
324 951 351 972 et
371 945 520 973 WVillelmo
536 947 658 981 clericis,
677 947 750 974 natis
767 947 870 973 nobilis
885 947 938 973 viri
953 946 1096 974 ‹loh‘annis
1112 947 1181 974 Gal-

755 835 871 869 Naples,
890 835 920 862 14
938 843 1014 862 mars
1032 836 1107 862 1255.

173 996 254 1028 fridi,
280 997 492 1023 Lincolnicnsis
516 997 657 1032 diocesis,
680 1001 711 1024 ut
741 1006 795 1024 non
819 998 952 1024 obstante
976 998 1182 1026 constitutione

174 1045 287 1072 concilii
303 1045 446 1080 generalis
461 1050 487 1072 et
505 1045 618 1073 defectu
634 1047 750 1078 aetatis,
769 1046 849 1081 plura
867 1046 1004 1074 beneficia
1026 1048 1181 1074 ecclesias-

175 1095 323 1128 ticajuxta
334 1102 404 1120 suae
415 1093 572 1121 nobilitatis
583 1095 757 1129 exigentiam
769 1095 896 1130 recipere
908 1096 1028 1122 valeant.
1041 1096 1124 1129 (Rae.
1136 1096 1180 1128 24,

174 1151 200 1170 c.
215 1143 278 1176 249,
296 1143 315 1169 f.
334 1144 389 1177 33.)

217 1251 229 1265 «
250 1262 282 1273 ..,
307 1240 440 1276 episcopo
459 1239 672 1268 Lomloniensi.
698 1238 886 1277 Apostolice
909 1240 1004 1270 Sedis
1027 1240 1183 1279 benigni-

174 1296 224 1322 tas
240 1309 288 1320 —.
306 1293 369 1321 Dat
386 1291 536 1330 Neapoli,
555 1293 587 1322 11
604 1292 679 1322 idus
697 1292 820 1327 martii,
839 1302 926 1323 anno
940 1293 1058 1331 primo.
1078 1306 1091 1320 »

246 1449 336 1477 296

211 1510 448 1544 Bai-tholomaeo,
473 1511 610 1546 episcopo
635 1511 832 1544 Ncmofimsi,
857 1513 1004 1547 concedit,
1032 1517 1062 1540 ut
1083 1518 1183 1541 contra

754 1449 872 1485 Naples,
890 1451 921 1477 111
939 1459 1014 1478 mars
1034 1450 1110 1479 ¹255.

175 1560 307 1588 subditos
342 1561 425 1587 etiam
456 1566 536 1588 extra
571 1561 709 1588 diocesim
739 1563 851 1597 positus
888 1562 1010 1590 officium
1048 1572 1184 1591 exercere

176 1610 276 1636 valeat.
293 1609 375 1644 (Rau.
391 1610 435 1643 ⁴24,
453 1618 478 1637 c.
495 1610 558 1644 250,
576 1611 595 1637 f.
612 1610 668 1643 33.)

216 1717 229 1732 «
246 1706 463 1740 Bar-tholomeo,
482 1706 615 1743 episcopo
630 1706 823 1735 Nimotiensi.
844 1706 927 1737 Cum
949 1695 1085 1737 fructus¹
1098 1708 1184 1738 divi·

174 1766 237 1787 nus
254 1757 296 1787 sit
312 1766 441 1795 semper
457 1761 488 1787 et
502 1755 627 1796 ubique
639 1758 809 1796 justiciam
825 1767 987 1794 exercere,
1003 1763 1039 1788 ut
1051 1764 1184 1798 propter

173 1809 358 1840 absentiam
376 1813 466 1839 tuam
483 1810 518 1839 in
535 1810 678 1841 subditis
694 1810 911 1850 delinquendi
926 1811 1062 1850 impune
1075 1813 1183 1851 perni-

173 1863 263 1893 ciosa
288 1862 424 1892 licentia
456 1863 634 1898 inolescat,
665 1864 868 1894 fraternitati
895 1868 950 1894 tue
977 1866 1183 1903 presentium

172 1915 367 1945 auctoritate
401 1916 630 1952 concedimus,
658 1920 694 1946 ut
723 1921 838 1946 contra
872 1918 1004 1947 eosdem
1031 1918 1182 1949 subditos

171 1968 279 2006 possis
304 1968 405 1997 etiam
427 1973 517 1998 extra
538 1973 628 1999 tuam
649 1969 806 1999 diocesim
826 1969 954 2008 positus
976 1978 1049 1999 cum
1075 1970 1182 2000 delin-

172 2021 305 2060 querint
321 2021 421 2051 officii
438 2021 488 2051 tui
503 2021 651 2051 debitum
668 2031 820 2052 exercere
836 2026 867 2052 et
883 2022 1107 2054 ecclesiastice
1125 2033 1182 2054 su-

172 2073 282 2118 bicere
299 2073 485 2112 discipline.
503 2075 577 2104 Dat.
597 2079 633 2104 ut
651 2084 762 2113 supra.
782 2087 794 2101 »

241 2232 327 2260 292

205 2293 392 2320 Abbatissam
408 2295 582 2327 ,monasterii
603 2303 627 2321 s.
646 2293 768 2321 Cosmae
790 2295 824 2321 de
839 2295 1024 2326 'l‘alllacensi.
1043 2298 1182 2324 canonice

170 2340 288 2367 electam
307 2350 416 2368 necnon
437 2342 471 2368 ab
494 2343 596 2369 abbate
612 2342 764 2370 Casinensi
783 2348 867 2378 prout
882 2344 915 2370 ad
938 2346 1035 2379 ipsum
1061 2345 1183 2379 pertinet

170 2389 376 2421 confirmatam,
396 2391 558 2416 confirmat.
576 2390 659 2423 (Res.
676 2391 726 2422 24,
743 2400 769 2418 c.
786 2392 848 2425 ²251,
867 2393 885 2418 s.
904 2392 962 2425 33.)

753 2234 870 2268 NapIcS,
885 2234 918 2261 ‘23
937 2243 1012 2261 mars
1032 2235 1110 2265 1255.

212 2496 224 2509 «
255 2507 287 2519 ..,
311 2485 457 2513 abbatisse
477 2487 658 2515 monasterii
680 2488 780 2516 sancti
803 2487 903 2516 Cosme
928 2488 961 2516 de
985 2488 1177 2524 Talliacensi,

169 2536 289 2565 ordinis
301 2539 402 2566 sancti
414 2538 576 2573 Benedicti,
595 2539 635 2567 acl
647 2541 868 2568 monasterium
886 2542 1048 2578 spectantis
1069 2541 1180 2570 Marsi-

169 2597 243 2618 cam
259 2589 392 2619 diocesis.
411 2589 493 2620 Cum
510 2600 527 2619 a
544 2590 640 2620 nobis
655 2609 702 2620 —.
718 2592 790 2621 Dat.
809 2592 959 2630 Neapoli,
977 2593 1007 2622 X
1021 2592 1180 2624 kalendas

169 2641 296 2680 aprilis,
315 2651 401 2672 anuo
419 2642 536 2681 primo.
556 2656 568 2670 »

238 2793 326 2822 298
769 2795 888 2830 Naples,
907 2795 921 2822 3
937 2797 1007 2823 avril
1028 2796 1106 2823 4255.

203 2854 348 2890 Episcopo
365 2856 578 2883 Man-rochitano
589 2878 595 2888 ,
611 2857 786 2891 apostolicae
806 2857 890 2884 sodis
905 2859 998 2893 legato
1019 2859 1046 2885 in
1064 2859 1178 2891 Africa,

1266 261 1415 294 concedit,
1433 265 1477 292 ut,
1495 269 1550 288 non
1577 260 1765 296 ingrediendo
1790 260 1978 296 personaliter
2001 261 2029 287 iu
2053 260 2166 295 Africa,
2183 261 2276 287 mittat
2303 247 2307 251 ”

1266 310 1336 336 alias
1356 317 1495 344 personas
1511 311 1537 337 in
1552 318 1596 336 ea.
1612 309 1696 343 (Rso.
1709 309 1753 340 94,
1772 317 1800 337 c.
1816 308 1883 343 252,
1899 309 1918 335 ἰ.
1936 308 1991 342 33.)

1307 423 1320 437 α
1343 433 1376 446 ..,
1394 411 1528 449 episcopo
1542 411 1782 445 illarrochilano,
1799 411 1959 449 apostolice
1973 410 2058 440 Sedis
2075 410 2181 447 legato.
2203 409 2275 440 Etsi

1263 462 1408 493 libenter
1423 463 1613 501 petentibus
1631 463 1772 501 gratiam
1788 462 2029 502 impendamus,
2047 462 2208 493 fratribus
2224 465 2275 492 ta—

1264 524 1341 545 men
1371 515 1575 554 coepiscopis
1598 515 1721 546 nostris
1744 515 1801 555 qui
1824 515 1859 545 in
1880 519 2008 554 partem
2036 513 2275 545 sollicitudinis

1264 567 1390 598 evocati
1406 568 1511 598 nostri
1524 568 1624 598 officii
1639 568 1811 598 nobiscum
1825 577 1925 598 onera
1939 567 2081 602 solvunt,
2097 575 2136 597 eo
2149 566 2274 597 favora-

1263 619 1400 650 biliores
1417 629 1476 650 nos
1492 620 1647 651 convenit
1663 620 1697 649 in
1714 620 1784 650 suis
1800 619 2018 659 petitionibus
2037 618 2193 650 exhibere
2208 627 2274 658 quo

1262 681 1321 711 per
1337 681 1392 702 eos
1407 673 1468 703 Dei
1485 673 1633 703 Ecclesia
1655 673 1827 703 decentius
1845 672 2030 703 decoratur.
2051 672 2139 703 Cum
2148 672 2272 711 itaque,

1264 725 1349 756 sicut
1373 725 1409 754 in
1430 730 1541 755 nostra
1562 725 1765 764 proposuisti
1787 725 1956 764 presentia
1977 724 2194 760 constitutus,
2215 732 2275 755 ne-

1263 778 1352 816 gotio
1366 777 1543 816 legationis
1558 778 1619 808 tibi
1634 778 1810 808 commisse
1823 786 1881 816 per
1896 777 2053 808 Affricam
2070 777 2273 814 universam,
2323 774 2329 778 “

1264 831 1439 860 admodum
1456 830 1609 870 expedire
1626 835 1792 866 noscatur,
1808 830 1894 870 quod
1911 834 1945 860 tu
1958 839 2016 869 pro
2030 829 2136 869 ipsius
2148 837 2274 869 promo-

1263 884 1353 914 tione
1370 884 1494 921 ncgotii
1511 893 1585 914 cum
1601 884 1753 922 prelatis,
1772 883 1921 922 regibus,
1942 883 2134 919 baronibus,
2152 881 2276 912 nobili·
2326 912 2346 923 Π

1263 936 1325 966 bus
1342 940 1373 966 et
1389 936 1465 966 aliis
1478 936 1605 968 Christi
1623 936 1776 967 fidelibus
1793 936 1876 966 citra
1891 944 1982 966 mare
1997 934 2200 975 colloquium
2215 934 2276 965 ha-

1263 989 1342 1019 beas
1373 993 1579 1020 contractum
1606 994 1637 1020 et
1664 998 1738 1019 cum
1768 989 1817 1019 eis
1848 992 1980 1028 propter
2008 988 2070 1018 hoc
2092 992 2123 1018 te
2149 995 2277 1018 moram

1265 1042 1460 1072 contrahere
1476 1046 1623 1080 oporteat
1640 1041 1840 1080 longiorem,
1864 1050 1923 1071 nos
1944 1041 2030 1071 dicto
2048 1040 2180 1079 negotio
2198 1047 2276 1079 pro-

1263 1095 1376 1126 videre
1396 1095 1562 1131 volentes,
1586 1095 1793 1134 presentium
1822 1094 1883 1124 tibi
1907 1094 2103 1124 auctoritate
2127 1092 2275 1124 concedi-

1264 1157 1338 1178 mus
1355 1148 1393 1178 de
1416 1149 1521 1186 gratia
1538 1148 1684 1183 liberali,
1702 1152 1752 1183 ut,
1774 1157 1838 1178 non
1855 1147 2007 1178 obstante
2023 1146 2111 1186 quod
2129 1145 2276 1176 nondum

1264 1202 1387 1232 Affrice
1416 1202 1604 1240 provincias
1631 1211 1665 1232 es
1695 1201 1884 1239 ingressus,
1916 1200 2085 1240 aliquibus
2122 1194 2285 1238 personis'

1264 1254 1404 1293 ydoneis
1428 1263 1526 1292 super
1548 1254 1663 1284 eodem
1683 1254 1814 1292 negotio
1844 1254 1878 1283 in
1898 1253 2067 1293 Jamdictis
2093 1251 2275 1291 provinciis

1265 1308 1422 1338 canonice
1451 1307 1562 1338 valeas
1591 1312 1687 1346 prout
1719 1307 1871 1346 expedire
1900 1306 2025 1337 videris
2048 1306 2113 1345 ipsi
2141 1305 2275 1344 negotio

1264 1361 1354 1390 vices
1379 1364 1464 1390 tuas.
1494 1360 1588 1390 Nulli
1615 1364 1676 1390 etc.
1709 1364 1820 1390 nostre
1849 1359 2075 1390 concessionis
2107 1362 2168 1389 etc.
2197 1359 2273 1389 Dat.

1264 1413 1416 1452 Neapoli.
1434 1414 1484 1443 ΙΙΙ
1498 1421 1602 1443 nonas
1621 1412 1748 1452 aprilis,
1769 1421 1856 1443 anno
1867 1412 1986 1451 primo.
2007 1424 2021 1439 »

1336 1592 1423 1620 299
1848 1588 1966 1625 Naples,
1982 1590 2016 1617 ‘20
2032 1598 2108 1616 mars
2127 1589 2204 1618 ¹255.

1302 1654 1478 1687 Quaestione
1494 1654 1569 1681 inter
1584 1653 1724 1681 decanum
1742 1657 1770 1680 et
1786 1653 1996 1680 thesaurarium
2011 1653 2150 1679 ecclesiae
2159 1652 2279 1680 Tullen-

1266 1704 1308 1730 sis
1323 1703 1372 1738 qui
1388 1711 1420 1729 se
1435 1703 1604 1730 asserebant
1621 1703 1648 1728 in
1666 1700 1836 1738 episcopum
1854 1701 1984 1736 eJusdern
2008 1701 2148 1728 ecclesiae
2167 1701 2276 1729 electos

1265 1753 1405 1786 exposita,
1418 1752 1557 1778 decanum
1571 1753 1599 1778 in
1610 1752 1780 1786 episcopum
1792 1749 2020 1785 praeficiefflm.
2032 1749 2184 1784 24,c.253,
2195 1749 2278 1784 [ΒΞ-3.)

1307 1866 1320 1880 «
1388 1855 1476 1882 electo
1494 1854 1639 1882 Tullensi.
1657 1852 1764 1883 Justis
1775 1852 1960 1895 petentium
1971 1856 2032 1881 etc.
2045 1860 2152 1890 usque
2165 1861 2172 1881 :
2186 1860 2276 1882 com-

1265 1905 1364 1944 plere.
1384 1905 1466 1936 Cum
1484 1906 1596 1943 igitur,
1615 1905 1701 1936 sicut
1723 1915 1761 1935 ex
1783 1910 1875 1944 parte
1903 1910 1960 1935 tua
1985 1905 2049 1935 fuit
2071 1905 2277 1944 propositum

1265 1967 1375 1988 coram
1393 1958 1489 1988 nobis
1505 1958 1592 1988 inter
1608 1962 1650 1992 te,
1664 1962 1740 1988 tunc
1753 1958 1925 1991 decanum,
1939 1962 1970 1988 et
1983 1981 2015 1993 ..‚
2029 1957 2276 1988 thesaurarium

1265 2011 1403 2042 ecclesie
1426 2011 1604 2045 Tullensis,
1627 2020 1726 2049 super
1753 2020 1790 2041 eo
1813 2010 1899 2049 quod
1921 2015 2060 2049 uterque
2076 2015 2223 2041 vestrum
2240 2010 2276 2040 in

1265 2064 1454 2102 episcopum
1471 2064 1577 2102 ipsius
1595 2064 1734 2094 ecclesie
1756 2068 1834 2094 tunc
1856 2064 2005 2094 vacantis
2023 2067 2154 2102 pastore
2170 2072 2206 2094 se
2221 2071 2276 2094 ca·-

1264 2117 1382 2147 nonice
1399 2117 1568 2147 asserebat
1583 2117 1735 2152 electum,
1753 2126 1862 2147 coram
1876 2117 1996 2147 dilecto
2009 2116 2077 2146 filio
2093 2121 2206 2147 nostro
2218 2116 2274 2153 H„

1264 2170 1354 2200 tituli
1373 2175 1485 2200 sancte
1504 2171 1626 2201 Sabine
1642 2170 1837 2209 presbytero
1854 2169 2028 2205 cardinali,
2049 2174 2127 2200 tunc
2142 2169 2178 2199 in
2198 2178 2276 2208 par-

1264 2223 1353 2253 tibus
1369 2223 1437 2253 illis
1454 2223 1631 2261 apostolice
1649 2223 1743 2254 Sedis
1760 2223 1878 2261 legato,
1904 2222 1944 2253 ad
1969 2231 2068 2261 quem
2090 2230 2191 2253 causa
2211 2221 2276 2252 bu-

1260 2276 1406 2315 jusmodi
1442 2276 1482 2305 ab
1512 2275 1683 2306 audientia
1716 2275 1919 2306 venerabilis
1955 2275 2070 2305 fratris
2101 2275 2207 2305 nostri
2234 2297 2253 2304 ..
2265 2298 2272 2310 ‚

1263 2328 1504 2367 archiepiscopi
1528 2329 1753 2359 Treverensis.
1778 2328 2024 2367 metropolitani
2043 2328 2119 2363 loci,
2138 2336 2197 2367 per
2218 2336 2276 2366 ap-

1261 2381 1474 2419 pellationem
1488 2385 1577 2410 tuam
1588 2380 1695 2411 delata
1710 2382 1818 2411 fuerat
1831 2381 1961 2419 questio
1972 2385 2168 2411 verteretur.
2183 2380 2275 2411 Idem

1239 2452 1245 2457 -
1263 2433 1454 2468 cardinalis,
1470 2434 1612 2471 cognitis
1627 2443 1725 2464 cause
1740 2434 1868 2464 meritis
1883 2438 1913 2464 et
1926 2434 2013 2473 juris
2029 2433 2145 2464 ordine
2161 2433 2275 2464 obser·-

1262 2491 1348 2522 vato,
1367 2486 1527 2516 electione
1549 2487 1588 2515 de
1613 2487 1684 2525 ipso
1707 2487 1916 2517 thesaurario
1939 2487 2026 2516 facta
2045 2486 2109 2516 rite
2132 2489 2272 2522 cassata,

1261 2539 1354 2569 illam
1370 2539 1408 2569 de
1424 2543 1455 2569 tc
1472 2539 1671 2569 celebratam
1687 2549 1744 2577 per
1758 2540 1971 2569 diffinitivam
1985 2539 2186 2569 sententiam
2199 2547 2273 2569 con-

1262 2591 1416 2621 firmavit.
1427 2592 1495 2621 Nos
1506 2592 1609 2629 igitur
1620 2592 1686 2622 tuis
1698 2592 1997 2630 supplicationibus
2009 2591 2173 2627 inclinati,
2186 2590 2274 2630 quod

1262 2643 1302 2673 ab
1319 2643 1433 2674 eodem
1453 2644 1621 2674 cardinale
1643 2645 1766 2674 sactum
1790 2649 1839 2675 est
1857 2645 1891 2674 in
1912 2644 1974 2675 hac
1993 2649 2086 2683 parte
2110 2647 2219 2674 ratum
2239 2647 2271 2674 et

1261 2701 1391 2734 gratum
1403 2696 1576 2731 habentes,
1589 2697 1623 2726 id
1634 2697 1829 2727 auctoritate
1844 2696 2023 2735 apostolica
2037 2696 2272 2727 confirmamus

1261 2753 1322 2780 etc.
1340 2758 1445 2788 usque
1464 2759 1470 2778 ε
1488 2749 1743 2779 communimus.
1763 2749 1855 2779 Nulli
1877 2754 1937 2780 etc.
1962 2753 2074 2779 nostre
2096 2737 2272 2779 confirma-

1260 2802 1362 2832 tionis
1382 2806 1442 2832 etc.
1467 2802 1540 2831 Dat.
1559 2802 1714 2840 Neapoli,
1735 2803 1818 2832 XIII
1840 2802 1999 2833 kalendas
2027 2801 2158 2840 aprilis,
2185 2809 2272 2832 anno

1260 2854 1380 2893 primo.
1400 2866 1413 2880 »
