<?xml version="1.0" encoding="UTF-8"?>
<!DOCTYPE html PUBLIC "-//W3C//DTD XHTML 1.0 Transitional//EN"
    "http://www.w3.org/TR/xhtml1/DTD/xhtml1-transitional.dtd">
<html xmlns="http://www.w3.org/1999/xhtml" xml:lang="en" lang="en">
 <head>
  <title>
</title>
<meta http-equiv="Content-Type" content="text/html;charset=utf-8" />
  <meta name='ocr-system' content='tesseract 3.04.00' />
  <meta name='ocr-capabilities' content='ocr_page ocr_carea ocr_par ocr_line ocrx_word'/>
</head>
<body>
  <div class='ocr_page' id='page_1' title='image "./lesregistresdale01cathuoft_0358.png"; bbox 0 0 2498 3325; ppageno 0'>
   <div class='ocr_carea' id='block_1_1' title="bbox 245 243 1620 277">
    <p class='ocr_par' dir='ltr' id='par_1_1' title="bbox 245 243 1620 277">
     <span class='ocr_line' id='line_1_1' title="bbox 245 243 1620 277; baseline -0.001 -1"><span class='ocrx_word' id='word_1_1' title='bbox 245 247 303 277; x_wconf 70' lang='lat'>348</span> <span class='ocrx_word' id='word_1_2' title='bbox 973 244 1212 275; x_wconf 85' lang='lat' dir='ltr'>REGISTRES</span> <span class='ocrx_word' id='word_1_3' title='bbox 1234 243 1541 275; x_wconf 82' lang='lat' dir='ltr'><strong>D&#39;ALEXANDRE</strong></span> <span class='ocrx_word' id='word_1_4' title='bbox 1566 246 1620 275; x_wconf 93' lang='lat' dir='ltr'>IV.</span> 
     </span>
    </p>
   </div>
   <div class='ocr_carea' id='block_1_2' title="bbox 243 310 1257 1245">
    <p class='ocr_par' dir='ltr' id='par_1_2' title="bbox 243 310 1257 1245">
     <span class='ocr_line' id='line_1_2' title="bbox 244 310 1256 351; baseline -0.003 -8"><span class='ocrx_word' id='word_1_5' title='bbox 244 322 321 351; x_wconf 79' lang='lat' dir='ltr'>pus,</span> <span class='ocrx_word' id='word_1_6' title='bbox 340 312 624 350; x_wconf 68' lang='lat' dir='ltr'>procurationem,</span> <span class='ocrx_word' id='word_1_7' title='bbox 648 320 761 341; x_wconf 88' lang='lat' dir='ltr'>curam</span> <span class='ocrx_word' id='word_1_8' title='bbox 785 315 814 341; x_wconf 83' lang='grc'>01</span> <span class='ocrx_word' id='word_1_9' title='bbox 836 310 1161 340; x_wconf 86' lang='lat' dir='ltr'>administrationem</span> <span class='ocrx_word' id='word_1_10' title='bbox 1181 318 1256 348; x_wconf 89' lang='lat' dir='ltr'>pre-</span> 
     </span>
     <span class='ocr_line' id='line_1_3' title="bbox 244 363 1256 404; baseline -0.003 -9"><span class='ocrx_word' id='word_1_11' title='bbox 244 365 325 395; x_wconf 81' lang='lat' dir='ltr'><strong>dicti</strong></span> <span class='ocrx_word' id='word_1_12' title='bbox 336 365 480 404; x_wconf 77' lang='lat' dir='ltr'>episcopi</span> <span class='ocrx_word' id='word_1_13' title='bbox 492 364 525 394; x_wconf 91' lang='lat' dir='ltr'>in</span> <span class='ocrx_word' id='word_1_14' title='bbox 537 363 768 403; x_wconf 73' lang='lat' dir='ltr'>spiritualibus</span> <span class='ocrx_word' id='word_1_15' title='bbox 781 368 812 394; x_wconf 84' lang='lat' dir='ltr'>et</span> <span class='ocrx_word' id='word_1_16' title='bbox 822 363 1070 402; x_wconf 58' lang='lat' dir='ltr'>temporali-hus,</span> <span class='ocrx_word' id='word_1_17' title='bbox 1083 371 1256 402; x_wconf 84' lang='lat' dir='ltr'>quousque</span> 
     </span>
     <span class='ocr_line' id='line_1_4' title="bbox 244 415 1257 456; baseline -0.002 -9"><span class='ocrx_word' id='word_1_18' title='bbox 244 418 392 456; x_wconf 85' lang='lat' dir='ltr'>prefatus</span> <span class='ocrx_word' id='word_1_19' title='bbox 409 417 590 447; x_wconf 89' lang='lat' dir='ltr'>canonicus</span> <span class='ocrx_word' id='word_1_20' title='bbox 611 417 644 446; x_wconf 89' lang='lat' dir='ltr'>in</span> <span class='ocrx_word' id='word_1_21' title='bbox 672 417 743 455; x_wconf 88' lang='lat' dir='ltr'>ipso</span> <span class='ocrx_word' id='word_1_22' title='bbox 766 416 823 455; x_wconf 85' lang='grc'><strong>11111</strong></span> <span class='ocrx_word' id='word_1_23' title='bbox 847 425 935 446; x_wconf 86' lang='lat' dir='ltr'>nnnc</span> <span class='ocrx_word' id='word_1_24' title='bbox 953 416 994 446; x_wconf 84' lang='lat' dir='ltr'>ab</span> <span class='ocrx_word' id='word_1_25' title='bbox 1010 416 1162 446; x_wconf 75' lang='lat' dir='ltr'>hostibus</span> <span class='ocrx_word' id='word_1_26' title='bbox 1179 415 1257 446; x_wconf 83' lang='lat' dir='ltr'>fidei</span> 
     </span>
     <span class='ocr_line' id='line_1_5' title="bbox 244 467 1255 508; baseline -0.003 -8"><span class='ocrx_word' id='word_1_27' title='bbox 244 470 412 500; x_wconf 87' lang='lat' dir='ltr'>detinetur</span> <span class='ocrx_word' id='word_1_28' title='bbox 433 469 536 508; x_wconf 81' lang='lat' dir='ltr'>possit</span> <span class='ocrx_word' id='word_1_29' title='bbox 555 470 588 498; x_wconf 92' lang='lat' dir='ltr'>in</span> <span class='ocrx_word' id='word_1_30' title='bbox 606 469 796 508; x_wconf 84' lang='lat' dir='ltr'>episcopum</span> <span class='ocrx_word' id='word_1_31' title='bbox 818 474 848 499; x_wconf 85' lang='lat' dir='ltr'>et</span> <span class='ocrx_word' id='word_1_32' title='bbox 865 473 1030 507; x_wconf 73' lang='lat' dir='ltr'>pastorem</span> <span class='ocrx_word' id='word_1_33' title='bbox 1047 469 1171 507; x_wconf 87' lang='lat' dir='ltr'>prefici,</span> <span class='ocrx_word' id='word_1_34' title='bbox 1190 467 1255 498; x_wconf 84' lang='lat' dir='ltr'>sibi</span> 
     </span>
     <span class='ocr_line' id='line_1_6' title="bbox 245 520 1256 560; baseline -0.002 -8"><span class='ocrx_word' id='word_1_35' title='bbox 245 523 283 553; x_wconf 89' lang='lat' dir='ltr'>de</span> <span class='ocrx_word' id='word_1_36' title='bbox 307 522 443 560; x_wconf 86' lang='lat' dir='ltr'>speciali</span> <span class='ocrx_word' id='word_1_37' title='bbox 466 522 619 552; x_wconf 86' lang='lat' dir='ltr'>mandato</span> <span class='ocrx_word' id='word_1_38' title='bbox 640 526 669 551; x_wconf 89' lang='lat' dir='ltr'>et</span> <span class='ocrx_word' id='word_1_39' title='bbox 688 522 883 552; x_wconf 85' lang='lat' dir='ltr'>auctoritate</span> <span class='ocrx_word' id='word_1_40' title='bbox 905 526 1015 552; x_wconf 88' lang='lat' dir='ltr'>nostra</span> <span class='ocrx_word' id='word_1_41' title='bbox 1037 520 1202 551; x_wconf 72' lang='lat' dir='ltr'>commisit</span> <span class='ocrx_word' id='word_1_42' title='bbox 1219 529 1256 550; x_wconf 87' lang='lat' dir='ltr'>ac</span> 
     </span>
     <span class='ocr_line' id='line_1_7' title="bbox 244 574 1255 614; baseline -0.003 -9"><span class='ocrx_word' id='word_1_43' title='bbox 244 576 354 614; x_wconf 89' lang='lat' dir='ltr'>ipsum</span> <span class='ocrx_word' id='word_1_44' title='bbox 367 575 464 605; x_wconf 86' lang='lat' dir='ltr'>etiam</span> <span class='ocrx_word' id='word_1_45' title='bbox 479 575 516 605; x_wconf 86' lang='lat' dir='ltr'>de</span> <span class='ocrx_word' id='word_1_46' title='bbox 528 574 597 604; x_wconf 85' lang='lat' dir='ltr'>illis</span> <span class='ocrx_word' id='word_1_47' title='bbox 611 584 666 613; x_wconf 92' lang='lat' dir='ltr'>per</span> <span class='ocrx_word' id='word_1_48' title='bbox 681 584 777 604; x_wconf 78' lang='grc'><strong>51111111</strong></span> <span class='ocrx_word' id='word_1_49' title='bbox 791 574 951 604; x_wconf 86' lang='lat' dir='ltr'>annulum</span> <span class='ocrx_word' id='word_1_50' title='bbox 966 574 1148 609; x_wconf 80' lang='lat' dir='ltr'>investivit,</span> <span class='ocrx_word' id='word_1_51' title='bbox 1160 577 1255 612; x_wconf 86' lang='lat' dir='ltr'>prout</span> 
     </span>
     <span class='ocr_line' id='line_1_8' title="bbox 244 625 1256 667; baseline -0.002 -10"><span class='ocrx_word' id='word_1_52' title='bbox 244 628 278 657; x_wconf 91' lang='lat' dir='ltr'>in</span> <span class='ocrx_word' id='word_1_53' title='bbox 291 628 361 667; x_wconf 82' lang='lat' dir='ltr'>ejus</span> <span class='ocrx_word' id='word_1_54' title='bbox 374 627 495 657; x_wconf 78' lang='lat' dir='ltr'>litteris</span> <span class='ocrx_word' id='word_1_55' title='bbox 510 627 585 656; x_wconf 88' lang='lat' dir='ltr'>inde</span> <span class='ocrx_word' id='word_1_56' title='bbox 603 627 762 657; x_wconf 80' lang='lat' dir='ltr'>consectis</span> <span class='ocrx_word' id='word_1_57' title='bbox 780 631 811 657; x_wconf 84' lang='lat' dir='ltr'>et</span> <span class='ocrx_word' id='word_1_58' title='bbox 827 636 886 657; x_wconf 76' lang='lat' dir='ltr'>sno</span> <span class='ocrx_word' id='word_1_59' title='bbox 903 626 1014 665; x_wconf 77' lang='lat' dir='ltr'>sigillo</span> <span class='ocrx_word' id='word_1_60' title='bbox 1031 626 1170 656; x_wconf 88' lang='lat' dir='ltr'>munitis</span> <span class='ocrx_word' id='word_1_61' title='bbox 1186 625 1256 664; x_wconf 90' lang='lat' dir='ltr'>ple-</span> 
     </span>
     <span class='ocr_line' id='line_1_9' title="bbox 245 679 1255 718; baseline -0.001 -8"><span class='ocrx_word' id='word_1_62' title='bbox 245 681 320 711; x_wconf 84' lang='lat' dir='ltr'>nius</span> <span class='ocrx_word' id='word_1_63' title='bbox 342 681 543 710; x_wconf 74' lang='lat' dir='ltr'>continetur.</span> <span class='ocrx_word' id='word_1_64' title='bbox 563 681 646 716; x_wconf 66' lang='grc'><strong>011111</strong></span> <span class='ocrx_word' id='word_1_65' title='bbox 671 689 747 709; x_wconf 85' lang='lat' dir='ltr'>vero</span> <span class='ocrx_word' id='word_1_66' title='bbox 769 688 828 709; x_wconf 86' lang='lat' dir='ltr'>nos</span> <span class='ocrx_word' id='word_1_67' title='bbox 848 680 879 709; x_wconf 90' lang='lat' dir='ltr'>id</span> <span class='ocrx_word' id='word_1_68' title='bbox 898 689 955 718; x_wconf 89' lang='lat' dir='ltr'>per</span> <span class='ocrx_word' id='word_1_69' title='bbox 974 679 1103 709; x_wconf 82' lang='lat' dir='ltr'>litteras</span> <span class='ocrx_word' id='word_1_70' title='bbox 1125 682 1255 709; x_wconf 86' lang='lat' dir='ltr'>nostras</span> 
     </span>
     <span class='ocr_line' id='line_1_10' title="bbox 243 732 1255 769; baseline -0.003 -6"><span class='ocrx_word' id='word_1_71' title='bbox 243 734 398 763; x_wconf 78' lang='lat' dir='ltr'>duximus</span> <span class='ocrx_word' id='word_1_72' title='bbox 417 733 695 768; x_wconf 83' lang='lat' dir='ltr'>contirmandnm,</span> <span class='ocrx_word' id='word_1_73' title='bbox 721 732 973 762; x_wconf 75' lang='lat' dir='ltr'>universitatem</span> <span class='ocrx_word' id='word_1_74' title='bbox 995 736 1138 762; x_wconf 83' lang='lat' dir='ltr'>vestram</span> <span class='ocrx_word' id='word_1_75' title='bbox 1160 740 1255 769; x_wconf 85' lang='lat' dir='ltr'>roga-</span> 
     </span>
     <span class='ocr_line' id='line_1_11' title="bbox 245 783 1255 824; baseline -0.004 -8"><span class='ocrx_word' id='word_1_76' title='bbox 245 796 318 816; x_wconf 79' lang='lat' dir='ltr'>mus</span> <span class='ocrx_word' id='word_1_77' title='bbox 342 791 371 816; x_wconf 87' lang='lat' dir='ltr'>et</span> <span class='ocrx_word' id='word_1_78' title='bbox 394 786 564 815; x_wconf 90' lang='lat' dir='ltr'>hortamur</span> <span class='ocrx_word' id='word_1_79' title='bbox 585 789 709 815; x_wconf 86' lang='lat' dir='ltr'>attente</span> <span class='ocrx_word' id='word_1_80' title='bbox 730 785 925 815; x_wconf 83' lang='lat' dir='ltr'>mandantes</span> <span class='ocrx_word' id='word_1_81' title='bbox 943 789 1107 824; x_wconf 84' lang='lat' dir='ltr'>quatenns</span> <span class='ocrx_word' id='word_1_82' title='bbox 1126 783 1255 822; x_wconf 90' lang='lat' dir='ltr'>predic-</span> 
     </span>
     <span class='ocr_line' id='line_1_12' title="bbox 245 836 1254 877; baseline -0.003 -8"><span class='ocrx_word' id='word_1_83' title='bbox 245 845 312 869; x_wconf 91' lang='lat' dir='ltr'>tum</span> <span class='ocrx_word' id='word_1_84' title='bbox 330 839 549 877; x_wconf 81' lang='lat' dir='ltr'>capellanum.</span> <span class='ocrx_word' id='word_1_85' title='bbox 564 848 637 867; x_wconf 83' lang='lat' dir='ltr'>cnm</span> <span class='ocrx_word' id='word_1_86' title='bbox 655 838 695 868; x_wconf 90' lang='lat' dir='ltr'>ad</span> <span class='ocrx_word' id='word_1_87' title='bbox 710 847 766 868; x_wconf 78' lang='lat' dir='ltr'>vos</span> <span class='ocrx_word' id='word_1_88' title='bbox 782 838 980 876; x_wconf 71' lang='lat' dir='ltr'>pervenerit,</span> <span class='ocrx_word' id='word_1_89' title='bbox 1000 838 1114 867; x_wconf 76' lang='lat' dir='ltr'>devote</span> <span class='ocrx_word' id='word_1_90' title='bbox 1131 846 1167 867; x_wconf 80' lang='lat' dir='ltr'>ac</span> <span class='ocrx_word' id='word_1_91' title='bbox 1183 836 1254 875; x_wconf 64' lang='lat' dir='ltr'>yla-</span> 
     </span>
     <span class='ocr_line' id='line_1_13' title="bbox 244 890 1251 929; baseline -0.003 -7"><span class='ocrx_word' id='word_1_92' title='bbox 244 893 324 922; x_wconf 87' lang='lat' dir='ltr'>riter</span> <span class='ocrx_word' id='word_1_93' title='bbox 339 892 563 926; x_wconf 76' lang='lat' dir='ltr'>admittentes,</span> <span class='ocrx_word' id='word_1_94' title='bbox 576 892 605 920; x_wconf 81' lang='lat' dir='ltr'>ei</span> <span class='ocrx_word' id='word_1_95' title='bbox 618 891 818 929; x_wconf 69' lang='lat' dir='ltr'>condignum</span> <span class='ocrx_word' id='word_1_96' title='bbox 829 891 1029 929; x_wconf 85' lang='lat' dir='ltr'>impendatis</span> <span class='ocrx_word' id='word_1_97' title='bbox 1040 890 1198 920; x_wconf 78' lang='lat' dir='ltr'>honorem</span> <span class='ocrx_word' id='word_1_98' title='bbox 1210 894 1251 924; x_wconf 78' lang='lat' dir='ltr'>ct,</span> 
     </span>
     <span class='ocr_line' id='line_1_14' title="bbox 244 943 1252 984; baseline -0.003 -9"><span class='ocrx_word' id='word_1_99' title='bbox 244 955 343 984; x_wconf 86' lang='lat' dir='ltr'>super</span> <span class='ocrx_word' id='word_1_100' title='bbox 370 945 437 974; x_wconf 85' lang='lat' dir='ltr'>hiis</span> <span class='ocrx_word' id='word_1_101' title='bbox 463 954 526 983; x_wconf 85' lang='lat' dir='ltr'>qne</span> <span class='ocrx_word' id='word_1_102' title='bbox 543 944 789 974; x_wconf 77' lang='lat' dir='ltr'>administratio</span> <span class='ocrx_word' id='word_1_103' title='bbox 812 944 875 973; x_wconf 79' lang='lat' dir='ltr'>sihi</span> <span class='ocrx_word' id='word_1_104' title='bbox 901 944 1077 973; x_wconf 84' lang='lat' dir='ltr'>commissa</span> <span class='ocrx_word' id='word_1_105' title='bbox 1100 943 1252 982; x_wconf 81' lang='lat' dir='ltr'>requirit,</span> 
     </span>
     <span class='ocr_line' id='line_1_15' title="bbox 244 996 1253 1036; baseline -0.003 -8"><span class='ocrx_word' id='word_1_106' title='bbox 244 999 349 1029; x_wconf 86' lang='lat' dir='ltr'>eidem</span> <span class='ocrx_word' id='word_1_107' title='bbox 363 1002 417 1028; x_wconf 87' lang='lat' dir='ltr'>ant</span> <span class='ocrx_word' id='word_1_108' title='bbox 434 998 566 1027; x_wconf 87' lang='lat' dir='ltr'>nunciis</span> <span class='ocrx_word' id='word_1_109' title='bbox 582 1006 639 1027; x_wconf 82' lang='lat' dir='ltr'>seu</span> <span class='ocrx_word' id='word_1_110' title='bbox 657 997 926 1036; x_wconf 73' lang='lat' dir='ltr'>procuratoribus</span> <span class='ocrx_word' id='word_1_111' title='bbox 939 997 1010 1036; x_wconf 80' lang='lat' dir='ltr'>ejus</span> <span class='ocrx_word' id='word_1_112' title='bbox 1024 996 1201 1034; x_wconf 70' lang='lat' dir='ltr'>diligenter</span> <span class='ocrx_word' id='word_1_113' title='bbox 1217 1005 1253 1025; x_wconf 86' lang='lat' dir='ltr'>ac</span> 
     </span>
     <span class='ocr_line' id='line_1_16' title="bbox 244 1050 1254 1089; baseline -0.003 -7"><span class='ocrx_word' id='word_1_114' title='bbox 244 1052 421 1083; x_wconf 85' lang='lat' dir='ltr'>efficaciter</span> <span class='ocrx_word' id='word_1_115' title='bbox 438 1051 630 1086; x_wconf 74' lang='lat' dir='ltr'>intendatis,</span> <span class='ocrx_word' id='word_1_116' title='bbox 648 1051 692 1080; x_wconf 91' lang='lat' dir='ltr'>ita</span> <span class='ocrx_word' id='word_1_117' title='bbox 707 1051 791 1089; x_wconf 84' lang='lat' dir='ltr'>quod</span> <span class='ocrx_word' id='word_1_118' title='bbox 809 1056 917 1081; x_wconf 83' lang='lat' dir='ltr'>vestra</span> <span class='ocrx_word' id='word_1_119' title='bbox 933 1050 1108 1080; x_wconf 76' lang='lat' dir='ltr'>sinceritas</span> <span class='ocrx_word' id='word_1_120' title='bbox 1122 1053 1254 1088; x_wconf 89' lang='lat' dir='ltr'>propter</span> 
     </span>
     <span class='ocr_line' id='line_1_17' title="bbox 244 1103 1251 1143; baseline -0.003 -9"><span class='ocrx_word' id='word_1_121' title='bbox 244 1105 304 1135; x_wconf 89' lang='lat' dir='ltr'>hoc</span> <span class='ocrx_word' id='word_1_122' title='bbox 333 1104 417 1143; x_wconf 85' lang='lat' dir='ltr'>apud</span> <span class='ocrx_word' id='word_1_123' title='bbox 447 1114 505 1134; x_wconf 85' lang='lat' dir='ltr'>nos</span> <span class='ocrx_word' id='word_1_124' title='bbox 534 1103 643 1133; x_wconf 85' lang='lat' dir='ltr'>laudis</span> <span class='ocrx_word' id='word_1_125' title='bbox 671 1108 701 1133; x_wconf 86' lang='lat' dir='ltr'>et</span> <span class='ocrx_word' id='word_1_126' title='bbox 729 1104 852 1133; x_wconf 71' lang='lat' dir='ltr'>favoris</span> <span class='ocrx_word' id='word_1_127' title='bbox 883 1103 1046 1141; x_wconf 79' lang='lat' dir='ltr'>premium</span> <span class='ocrx_word' id='word_1_128' title='bbox 1074 1107 1251 1133; x_wconf 84' lang='lat' dir='ltr'>mereatur.</span> 
     </span>
     <span class='ocr_line' id='line_1_18' title="bbox 243 1156 1253 1196; baseline -0.003 -9"><span class='ocrx_word' id='word_1_129' title='bbox 243 1157 399 1196; x_wconf 73' lang='lat' dir='ltr'>Alioquin</span> <span class='ocrx_word' id='word_1_130' title='bbox 419 1156 618 1186; x_wconf 87' lang='lat' dir='ltr'>sententiam</span> <span class='ocrx_word' id='word_1_131' title='bbox 637 1161 697 1185; x_wconf 83' lang='lat' dir='ltr'>etc.</span> <span class='ocrx_word' id='word_1_132' title='bbox 713 1166 819 1194; x_wconf 85' lang='lat' dir='ltr'>usqne</span> <span class='ocrx_word' id='word_1_133' title='bbox 835 1166 840 1184; x_wconf 93' lang='lat'><strong>:</strong></span> <span class='ocrx_word' id='word_1_134' title='bbox 859 1156 1038 1185; x_wconf 72' lang='lat' dir='ltr'>observari.</span> <span class='ocrx_word' id='word_1_135' title='bbox 1059 1156 1179 1185; x_wconf 88' lang='lat' dir='ltr'>Datum</span> <span class='ocrx_word' id='word_1_136' title='bbox 1191 1156 1253 1184; x_wconf 89' lang='lat' dir='ltr'>La-</span> 
     </span>
     <span class='ocr_line' id='line_1_19' title="bbox 243 1209 1091 1245; baseline -0.001 -7"><span class='ocrx_word' id='word_1_137' title='bbox 243 1210 360 1245; x_wconf 82' lang='lat' dir='ltr'>terani,</span> <span class='ocrx_word' id='word_1_138' title='bbox 379 1210 461 1239; x_wconf 79' lang='lat' dir='ltr'>XIII</span> <span class='ocrx_word' id='word_1_139' title='bbox 478 1209 636 1239; x_wconf 73' lang='lat' dir='ltr'>kalendas</span> <span class='ocrx_word' id='word_1_140' title='bbox 651 1209 778 1244; x_wconf 83' lang='lat' dir='ltr'>martii,</span> <span class='ocrx_word' id='word_1_141' title='bbox 797 1218 884 1238; x_wconf 89' lang='lat' dir='ltr'>anno</span> <span class='ocrx_word' id='word_1_142' title='bbox 900 1209 1056 1238; x_wconf 84' lang='lat' dir='ltr'>secundo.</span> <span class='ocrx_word' id='word_1_143' title='bbox 1079 1221 1091 1234; x_wconf 85' lang='lat'>»</span> 
     </span>
    </p>
   </div>
   <div class='ocr_carea' id='block_1_3' title="bbox 240 1327 1252 1844">
    <p class='ocr_par' dir='ltr' id='par_1_3' title="bbox 241 1327 1251 1410">
     <span class='ocr_line' id='line_1_20' title="bbox 276 1327 1251 1354; baseline 0 -1"><span class='ocrx_word' id='word_1_144' title='bbox 276 1327 306 1353; x_wconf 91' lang='lat' dir='ltr'>ln</span> <span class='ocrx_word' id='word_1_145' title='bbox 325 1336 349 1354; x_wconf 92' lang='lat' dir='ltr'>e.</span> <span class='ocrx_word' id='word_1_146' title='bbox 369 1336 404 1353; x_wconf 90' lang='lat' dir='ltr'>m.</span> <span class='ocrx_word' id='word_1_147' title='bbox 421 1328 570 1354; x_wconf 82' lang='lat' dir='ltr'>canonicis</span> <span class='ocrx_word' id='word_1_148' title='bbox 587 1327 783 1353; x_wconf 80' lang='lat' dir='ltr'>Sebastiensis</span> <span class='ocrx_word' id='word_1_149' title='bbox 799 1327 922 1353; x_wconf 75' lang='lat' dir='ltr'>ecclesie</span> <span class='ocrx_word' id='word_1_150' title='bbox 937 1327 962 1353; x_wconf 90' lang='lat' dir='ltr'>in</span> <span class='ocrx_word' id='word_1_151' title='bbox 980 1328 1182 1353; x_wconf 79' lang='lat' dir='ltr'>transmarinis</span> <span class='ocrx_word' id='word_1_152' title='bbox 1200 1335 1251 1353; x_wconf 85' lang='lat' dir='ltr'>scu</span> 
     </span>
     <span class='ocr_line' id='line_1_21' title="bbox 241 1375 1250 1410; baseline 0 -8"><span class='ocrx_word' id='word_1_153' title='bbox 241 1376 405 1403; x_wconf 83' lang='lat' dir='ltr'>cismarinis</span> <span class='ocrx_word' id='word_1_154' title='bbox 426 1376 555 1410; x_wconf 73' lang='lat' dir='ltr'>partibus</span> <span class='ocrx_word' id='word_1_155' title='bbox 578 1375 745 1402; x_wconf 81' lang='lat' dir='ltr'>constitutis</span> <span class='ocrx_word' id='word_1_156' title='bbox 767 1379 918 1410; x_wconf 80' lang='lat' dir='ltr'>presentes</span> <span class='ocrx_word' id='word_1_157' title='bbox 939 1375 1047 1402; x_wconf 84' lang='lat' dir='ltr'>litteras</span> <span class='ocrx_word' id='word_1_158' title='bbox 1065 1376 1250 1409; x_wconf 80' lang='lat' dir='ltr'>inspecturis.</span> 
     </span>
    </p>

    <p class='ocr_par' dir='ltr' id='par_1_4' title="bbox 242 1423 1250 1507">
     <span class='ocr_line' id='line_1_22' title="bbox 278 1423 1250 1459; baseline 0 -9"><span class='ocrx_word' id='word_1_159' title='bbox 278 1424 308 1450; x_wconf 89' lang='lat' dir='ltr'>In</span> <span class='ocrx_word' id='word_1_160' title='bbox 321 1433 346 1450; x_wconf 88' lang='grc'>0.</span> <span class='ocrx_word' id='word_1_161' title='bbox 364 1434 398 1450; x_wconf 89' lang='grc'><strong>111.</strong></span> <span class='ocrx_word' id='word_1_162' title='bbox 420 1425 524 1459; x_wconf 87' lang='lat' dir='ltr'>populo</span> <span class='ocrx_word' id='word_1_163' title='bbox 536 1424 661 1451; x_wconf 80' lang='lat' dir='ltr'>civitatis</span> <span class='ocrx_word' id='word_1_164' title='bbox 677 1424 874 1450; x_wconf 79' lang='lat' dir='ltr'>Sebastiensis</span> <span class='ocrx_word' id='word_1_165' title='bbox 891 1432 983 1458; x_wconf 85' lang='lat' dir='ltr'>usquc</span> <span class='ocrx_word' id='word_1_166' title='bbox 997 1435 1002 1450; x_wconf 77' lang='lat' dir='ltr'><em>z</em></span> <span class='ocrx_word' id='word_1_167' title='bbox 1017 1429 1168 1450; x_wconf 82' lang='lat' dir='ltr'>mereatur.</span> <span class='ocrx_word' id='word_1_168' title='bbox 1188 1423 1250 1451; x_wconf 78' lang='lat' dir='ltr'>Dat.</span> 
     </span>
     <span class='ocr_line' id='line_1_23' title="bbox 242 1473 976 1507; baseline 0 -8"><span class='ocrx_word' id='word_1_169' title='bbox 242 1473 383 1507; x_wconf 81' lang='lat' dir='ltr'>Laterani,</span> <span class='ocrx_word' id='word_1_170' title='bbox 402 1473 458 1499; x_wconf 73' lang='lat' dir='ltr'>xil</span> <span class='ocrx_word' id='word_1_171' title='bbox 476 1473 610 1500; x_wconf 82' lang='lat' dir='ltr'>kalendas</span> <span class='ocrx_word' id='word_1_172' title='bbox 626 1473 729 1505; x_wconf 81' lang='lat' dir='ltr'>martii,</span> <span class='ocrx_word' id='word_1_173' title='bbox 744 1482 818 1499; x_wconf 82' lang='lat' dir='ltr'>anuo</span> <span class='ocrx_word' id='word_1_174' title='bbox 836 1473 976 1500; x_wconf 87' lang='lat' dir='ltr'>secundo.</span> 
     </span>
    </p>

    <p class='ocr_par' dir='ltr' id='par_1_5' title="bbox 240 1521 1252 1844">
     <span class='ocr_line' id='line_1_24' title="bbox 278 1521 1250 1556; baseline 0 -8"><span class='ocrx_word' id='word_1_175' title='bbox 278 1522 307 1548; x_wconf 89' lang='lat' dir='ltr'>Iu</span> <span class='ocrx_word' id='word_1_176' title='bbox 325 1531 350 1549; x_wconf 88' lang='lat' dir='ltr'>e.</span> <span class='ocrx_word' id='word_1_177' title='bbox 368 1530 405 1548; x_wconf 83' lang='lat' dir='ltr'>m.</span> <span class='ocrx_word' id='word_1_178' title='bbox 423 1523 559 1556; x_wconf 82' lang='lat' dir='ltr'>episeopo</span> <span class='ocrx_word' id='word_1_179' title='bbox 576 1521 738 1548; x_wconf 83' lang='lat' dir='ltr'>Cesarieusi</span> <span class='ocrx_word' id='word_1_180' title='bbox 756 1530 847 1556; x_wconf 81' lang='lat' dir='ltr'>nsque</span> <span class='ocrx_word' id='word_1_181' title='bbox 866 1534 870 1548; x_wconf 80' lang='lat' dir='ltr'>z</span> <span class='ocrx_word' id='word_1_182' title='bbox 888 1522 1131 1553; x_wconf 85' lang='lat' dir='ltr'>confirmandum,</span> <span class='ocrx_word' id='word_1_183' title='bbox 1149 1522 1250 1548; x_wconf 77' lang='lat' dir='ltr'>frater-</span> 
     </span>
     <span class='ocr_line' id='line_1_25' title="bbox 242 1571 1252 1605; baseline 0 -8"><span class='ocrx_word' id='word_1_184' title='bbox 242 1571 358 1597; x_wconf 82' lang='lat' dir='ltr'>nitatem</span> <span class='ocrx_word' id='word_1_185' title='bbox 373 1578 508 1603; x_wconf 73' lang='lat' dir='ltr'>rogamus</span> <span class='ocrx_word' id='word_1_186' title='bbox 523 1574 550 1597; x_wconf 90' lang='lat' dir='ltr'>et</span> <span class='ocrx_word' id='word_1_187' title='bbox 563 1571 712 1596; x_wconf 82' lang='lat' dir='ltr'>hortamur</span> <span class='ocrx_word' id='word_1_188' title='bbox 722 1574 839 1600; x_wconf 81' lang='lat' dir='ltr'>attente,</span> <span class='ocrx_word' id='word_1_189' title='bbox 853 1571 1023 1597; x_wconf 79' lang='lat' dir='ltr'>mandantes</span> <span class='ocrx_word' id='word_1_190' title='bbox 1034 1572 1171 1604; x_wconf 77' lang='lat' dir='ltr'>quatinus</span> <span class='ocrx_word' id='word_1_191' title='bbox 1184 1579 1252 1605; x_wconf 86' lang='lat' dir='ltr'>pre-</span> 
     </span>
     <span class='ocr_line' id='line_1_26' title="bbox 241 1619 1251 1654; baseline 0 -9"><span class='ocrx_word' id='word_1_192' title='bbox 241 1620 316 1646; x_wconf 92' lang='lat' dir='ltr'>dicto</span> <span class='ocrx_word' id='word_1_193' title='bbox 332 1620 489 1654; x_wconf 83' lang='lat' dir='ltr'>capellano,</span> <span class='ocrx_word' id='word_1_194' title='bbox 506 1628 570 1646; x_wconf 90' lang='lat' dir='ltr'>cum</span> <span class='ocrx_word' id='word_1_195' title='bbox 587 1619 619 1645; x_wconf 85' lang='lat' dir='ltr'>ad</span> <span class='ocrx_word' id='word_1_196' title='bbox 638 1623 733 1654; x_wconf 85' lang='lat' dir='ltr'>partes</span> <span class='ocrx_word' id='word_1_197' title='bbox 750 1620 812 1645; x_wconf 79' lang='lat' dir='ltr'>illas</span> <span class='ocrx_word' id='word_1_198' title='bbox 829 1619 1000 1654; x_wconf 82' lang='lat' dir='ltr'>pervenerit,</span> <span class='ocrx_word' id='word_1_199' title='bbox 1017 1620 1151 1646; x_wconf 79' lang='lat' dir='ltr'>affectum</span> <span class='ocrx_word' id='word_1_200' title='bbox 1169 1620 1251 1654; x_wconf 85' lang='lat' dir='ltr'>plene</span> 
     </span>
     <span class='ocr_line' id='line_1_27' title="bbox 240 1667 1251 1702; baseline -0.002 -7"><span class='ocrx_word' id='word_1_201' title='bbox 240 1669 368 1695; x_wconf 83' lang='lat' dir='ltr'>caritatis</span> <span class='ocrx_word' id='word_1_202' title='bbox 390 1668 528 1694; x_wconf 77' lang='lat' dir='ltr'>exhibeas</span> <span class='ocrx_word' id='word_1_203' title='bbox 551 1671 579 1694; x_wconf 86' lang='lat' dir='ltr'>et</span> <span class='ocrx_word' id='word_1_204' title='bbox 605 1668 710 1694; x_wconf 81' lang='lat' dir='ltr'>favoris</span> <span class='ocrx_word' id='word_1_205' title='bbox 732 1668 865 1702; x_wconf 88' lang='lat' dir='ltr'>oportuni</span> <span class='ocrx_word' id='word_1_206' title='bbox 883 1667 1040 1702; x_wconf 78' lang='lat' dir='ltr'>presidium</span> <span class='ocrx_word' id='word_1_207' title='bbox 1058 1668 1202 1701; x_wconf 66' lang='lat' dir='ltr'>largiaris,</span> <span class='ocrx_word' id='word_1_208' title='bbox 1221 1671 1251 1694; x_wconf 86' lang='lat' dir='ltr'>ut</span> 
     </span>
     <span class='ocr_line' id='line_1_28' title="bbox 240 1717 1251 1751; baseline 0 -8"><span class='ocrx_word' id='word_1_209' title='bbox 240 1717 463 1744; x_wconf 81' lang='lat' dir='ltr'>sollicitudinem</span> <span class='ocrx_word' id='word_1_210' title='bbox 481 1717 535 1742; x_wconf 87' lang='lat' dir='ltr'>sihi</span> <span class='ocrx_word' id='word_1_211' title='bbox 552 1717 684 1742; x_wconf 83' lang='lat' dir='ltr'>traditam</span> <span class='ocrx_word' id='word_1_212' title='bbox 703 1717 794 1751; x_wconf 83' lang='lat' dir='ltr'>possit</span> <span class='ocrx_word' id='word_1_213' title='bbox 811 1717 930 1743; x_wconf 87' lang='lat' dir='ltr'>liherius</span> <span class='ocrx_word' id='word_1_214' title='bbox 941 1725 973 1742; x_wconf 87' lang='lat' dir='ltr'>ac</span> <span class='ocrx_word' id='word_1_215' title='bbox 991 1717 1101 1743; x_wconf 81' lang='lat' dir='ltr'>facilius</span> <span class='ocrx_word' id='word_1_216' title='bbox 1116 1717 1251 1751; x_wconf 78' lang='lat' dir='ltr'>prosequi</span> 
     </span>
     <span class='ocr_line' id='line_1_29' title="bbox 240 1765 1249 1800; baseline -0.001 -8"><span class='ocrx_word' id='word_1_217' title='bbox 240 1770 268 1792; x_wconf 85' lang='lat' dir='ltr'>et</span> <span class='ocrx_word' id='word_1_218' title='bbox 285 1775 336 1792; x_wconf 87' lang='lat' dir='ltr'>nos</span> <span class='ocrx_word' id='word_1_219' title='bbox 353 1767 403 1792; x_wconf 82' lang='lat' dir='ltr'>tibi</span> <span class='ocrx_word' id='word_1_220' title='bbox 421 1766 525 1792; x_wconf 80' lang='lat' dir='ltr'>exinde</span> <span class='ocrx_word' id='word_1_221' title='bbox 541 1766 697 1800; x_wconf 88' lang='lat' dir='ltr'>specialius</span> <span class='ocrx_word' id='word_1_222' title='bbox 714 1766 822 1799; x_wconf 71' lang='lat' dir='ltr'>gratias</span> <span class='ocrx_word' id='word_1_223' title='bbox 838 1766 1006 1792; x_wconf 80' lang='lat' dir='ltr'>referamus.</span> <span class='ocrx_word' id='word_1_224' title='bbox 1025 1765 1089 1792; x_wconf 87' lang='lat' dir='ltr'>Dat.</span> <span class='ocrx_word' id='word_1_225' title='bbox 1109 1765 1249 1797; x_wconf 78' lang='lat' dir='ltr'>Laterani,</span> 
     </span>
     <span class='ocr_line' id='line_1_30' title="bbox 243 1814 866 1844; baseline -0.005 -4"><span class='ocrx_word' id='word_1_226' title='bbox 243 1814 313 1841; x_wconf 80' lang='lat' dir='ltr'>xlii</span> <span class='ocrx_word' id='word_1_227' title='bbox 333 1815 467 1840; x_wconf 81' lang='lat' dir='ltr'>kalendas</span> <span class='ocrx_word' id='word_1_228' title='bbox 485 1814 588 1844; x_wconf 72' lang='lat' dir='ltr'>martii,</span> <span class='ocrx_word' id='word_1_229' title='bbox 607 1822 680 1839; x_wconf 89' lang='lat' dir='ltr'>anno</span> <span class='ocrx_word' id='word_1_230' title='bbox 696 1814 835 1840; x_wconf 79' lang='lat' dir='ltr'>secundo.</span> <span class='ocrx_word' id='word_1_231' title='bbox 855 1826 866 1837; x_wconf 55' lang='lat'>»³</span> 
     </span>
    </p>
   </div>
   <div class='ocr_carea' id='block_1_4' title="bbox 314 1987 428 2015">
    <p class='ocr_par' dir='ltr' id='par_1_6' title="bbox 314 1987 428 2015">
     <span class='ocr_line' id='line_1_31' title="bbox 314 1987 428 2015; baseline 0.009 -1"><span class='ocrx_word' id='word_1_232' title='bbox 314 1987 428 2015; x_wconf 74' lang='lat'>1153</span> 
     </span>
    </p>
   </div>
   <div class='ocr_carea' id='block_1_5' title="bbox 277 2048 1252 2082">
    <p class='ocr_par' dir='ltr' id='par_1_7' title="bbox 277 2048 1252 2082">
     <span class='ocr_line' id='line_1_32' title="bbox 277 2048 1252 2082; baseline 0.001 -9"><span class='ocrx_word' id='word_1_233' title='bbox 277 2048 366 2074; x_wconf 83' lang='lat' dir='ltr'>Fratri</span> <span class='ocrx_word' id='word_1_234' title='bbox 388 2048 503 2081; x_wconf 68' lang='lat' dir='ltr'>[ingoni</span> <span class='ocrx_word' id='word_1_235' title='bbox 519 2048 553 2073; x_wconf 88' lang='lat' dir='ltr'>de</span> <span class='ocrx_word' id='word_1_236' title='bbox 575 2048 676 2074; x_wconf 80' lang='lat' dir='ltr'>Nisum</span> <span class='ocrx_word' id='word_1_237' title='bbox 697 2048 840 2082; x_wconf 82' lang='lat' dir='ltr'>praedicto</span> <span class='ocrx_word' id='word_1_238' title='bbox 857 2049 1003 2079; x_wconf 74' lang='lat' dir='ltr'>concedit,</span> <span class='ocrx_word' id='word_1_239' title='bbox 1021 2049 1157 2082; x_wconf 83' lang='lat' dir='ltr'>quatinus</span> <span class='ocrx_word' id='word_1_240' title='bbox 1173 2057 1252 2074; x_wconf 87' lang='lat' dir='ltr'>sem-</span> 
     </span>
    </p>
   </div>
   <div class='ocr_carea' id='block_1_6' title="bbox 802 1986 1180 2019">
    <p class='ocr_par' dir='ltr' id='par_1_8' title="bbox 802 1986 1180 2019">
     <span class='ocr_line' id='line_1_33' title="bbox 802 1986 1180 2019; baseline 0.003 -7"><span class='ocrx_word' id='word_1_241' title='bbox 802 1986 914 2019; x_wconf 81' lang='lat' dir='ltr'>Latrau,</span> <span class='ocrx_word' id='word_1_242' title='bbox 937 1987 964 2013; x_wconf 74' lang='lat'>19</span> <span class='ocrx_word' id='word_1_243' title='bbox 982 1987 1084 2012; x_wconf 72' lang='lat' dir='ltr'>terrie·-</span> <span class='ocrx_word' id='word_1_244' title='bbox 1104 1986 1180 2013; x_wconf 66' lang='lat'>1256.</span> 
     </span>
    </p>
   </div>
   <div class='ocr_carea' id='block_1_7' title="bbox 239 2097 1249 2179">
    <p class='ocr_par' dir='ltr' id='par_1_9' title="bbox 239 2097 1249 2179">
     <span class='ocr_line' id='line_1_34' title="bbox 241 2097 1249 2132; baseline 0 -9"><span class='ocrx_word' id='word_1_245' title='bbox 241 2106 290 2132; x_wconf 89' lang='lat' dir='ltr'>per</span> <span class='ocrx_word' id='word_1_246' title='bbox 308 2106 357 2131; x_wconf 88' lang='lat' dir='ltr'>pro</span> <span class='ocrx_word' id='word_1_247' title='bbox 373 2097 508 2123; x_wconf 88' lang='lat' dir='ltr'>dominici</span> <span class='ocrx_word' id='word_1_248' title='bbox 531 2097 661 2131; x_wconf 69' lang='lat' dir='ltr'>sepulcri</span> <span class='ocrx_word' id='word_1_249' title='bbox 686 2097 920 2132; x_wconf 73' lang='lat' dir='ltr'>«ierosolymitani</span> <span class='ocrx_word' id='word_1_250' title='bbox 943 2097 1080 2123; x_wconf 85' lang='lat' dir='ltr'>canonico</span> <span class='ocrx_word' id='word_1_251' title='bbox 1102 2097 1249 2123; x_wconf 76' lang='lat' dir='ltr'>habeatur.</span> 
     </span>
     <span class='ocr_line' id='line_1_35' title="bbox 239 2145 797 2179; baseline 0 -8"><span class='ocrx_word' id='word_1_252' title='bbox 239 2146 323 2177; x_wconf 59' lang='lat' dir='ltr'>(Rea.</span> <span class='ocrx_word' id='word_1_253' title='bbox 346 2145 394 2177; x_wconf 67' lang='lat'>⁵24,</span> <span class='ocrx_word' id='word_1_254' title='bbox 413 2146 430 2171; x_wconf 84' lang='lat' dir='ltr'>s.</span> <span class='ocrx_word' id='word_1_255' title='bbox 451 2145 508 2175; x_wconf 56' lang='lat'>155,</span> <span class='ocrx_word' id='word_1_256' title='bbox 527 2154 592 2172; x_wconf 87' lang='lat' dir='ltr'>ann.</span> <span class='ocrx_word' id='word_1_257' title='bbox 610 2145 651 2179; x_wconf 75' lang='lat'>11,</span> <span class='ocrx_word' id='word_1_258' title='bbox 668 2153 694 2172; x_wconf 89' lang='lat' dir='ltr'>c.</span> <span class='ocrx_word' id='word_1_259' title='bbox 715 2145 797 2176; x_wconf 55' lang='lat' dir='ltr'>ww.)</span> 
     </span>
    </p>
   </div>
   <div class='ocr_carea' id='block_1_8' title="bbox 240 2248 1251 2706">
    <p class='ocr_par' dir='ltr' id='par_1_10' title="bbox 240 2248 1251 2706">
     <span class='ocr_line' id='line_1_36' title="bbox 283 2248 1251 2284; baseline 0.002 -10"><span class='ocrx_word' id='word_1_260' title='bbox 283 2261 294 2273; x_wconf 73' lang='grc'>11</span> <span class='ocrx_word' id='word_1_261' title='bbox 322 2248 425 2276; x_wconf 78' lang='lat' dir='ltr'>Fratri</span> <span class='ocrx_word' id='word_1_262' title='bbox 443 2248 566 2283; x_wconf 57' lang='lat' dir='ltr'>liuponi</span> <span class='ocrx_word' id='word_1_263' title='bbox 588 2248 621 2276; x_wconf 73' lang='lat' dir='ltr'>(lc</span> <span class='ocrx_word' id='word_1_264' title='bbox 643 2248 753 2278; x_wconf 68' lang='lat' dir='ltr'>Nisum.</span> <span class='ocrx_word' id='word_1_265' title='bbox 779 2248 936 2284; x_wconf 72' lang='lat' dir='ltr'>capellano</span> <span class='ocrx_word' id='word_1_266' title='bbox 958 2252 1075 2282; x_wconf 71' lang='lat' dir='ltr'>nostro,</span> <span class='ocrx_word' id='word_1_267' title='bbox 1103 2249 1251 2276; x_wconf 72' lang='lat' dir='ltr'>canonico</span> 
     </span>
     <span class='ocr_line' id='line_1_37' title="bbox 241 2300 1251 2338; baseline 0 -9"><span class='ocrx_word' id='word_1_268' title='bbox 241 2302 394 2330; x_wconf 74' lang='lat' dir='ltr'>Dominlei</span> <span class='ocrx_word' id='word_1_269' title='bbox 414 2302 554 2338; x_wconf 77' lang='lat' dir='ltr'>Sepulcri</span> <span class='ocrx_word' id='word_1_270' title='bbox 574 2302 828 2329; x_wconf 68' lang='lat' dir='ltr'>Jerosolimitant.</span> <span class='ocrx_word' id='word_1_271' title='bbox 852 2300 1046 2330; x_wconf 78' lang='lat' dir='ltr'>Devotionis</span> <span class='ocrx_word' id='word_1_272' title='bbox 1070 2306 1123 2330; x_wconf 87' lang='lat' dir='ltr'>tue</span> <span class='ocrx_word' id='word_1_273' title='bbox 1145 2301 1251 2338; x_wconf 84' lang='lat' dir='ltr'>preci-</span> 
     </span>
     <span class='ocr_line' id='line_1_38' title="bbox 240 2352 1248 2391; baseline 0.001 -10"><span class='ocrx_word' id='word_1_274' title='bbox 240 2353 301 2382; x_wconf 87' lang='lat' dir='ltr'>hus</span> <span class='ocrx_word' id='word_1_275' title='bbox 318 2352 489 2387; x_wconf 81' lang='lat' dir='ltr'>inclinati,</span> <span class='ocrx_word' id='word_1_276' title='bbox 508 2353 712 2391; x_wconf 82' lang='lat' dir='ltr'>presentium</span> <span class='ocrx_word' id='word_1_277' title='bbox 731 2353 790 2382; x_wconf 86' lang='lat' dir='ltr'>tihi</span> <span class='ocrx_word' id='word_1_278' title='bbox 810 2353 1005 2382; x_wconf 84' lang='lat' dir='ltr'>auctoritate</span> <span class='ocrx_word' id='word_1_279' title='bbox 1025 2353 1248 2388; x_wconf 73' lang='lat' dir='ltr'>concedimus,</span> 
     </span>
     <span class='ocr_line' id='line_1_39' title="bbox 241 2405 1250 2444; baseline -0.001 -9"><span class='ocrx_word' id='word_1_280' title='bbox 241 2410 287 2440; x_wconf 79' lang='lat' dir='ltr'>ut,</span> <span class='ocrx_word' id='word_1_281' title='bbox 303 2415 367 2435; x_wconf 88' lang='lat' dir='ltr'>non</span> <span class='ocrx_word' id='word_1_282' title='bbox 380 2405 531 2435; x_wconf 74' lang='lat' dir='ltr'>obstante</span> <span class='ocrx_word' id='word_1_283' title='bbox 548 2406 633 2444; x_wconf 84' lang='lat' dir='ltr'>quod</span> <span class='ocrx_word' id='word_1_284' title='bbox 652 2405 849 2443; x_wconf 76' lang='lat' dir='ltr'>procuratio,</span> <span class='ocrx_word' id='word_1_285' title='bbox 866 2414 943 2434; x_wconf 85' lang='lat' dir='ltr'>cura</span> <span class='ocrx_word' id='word_1_286' title='bbox 958 2409 989 2435; x_wconf 87' lang='lat' dir='ltr'>ct</span> <span class='ocrx_word' id='word_1_287' title='bbox 1005 2405 1250 2435; x_wconf 71' lang='lat' dir='ltr'>administratio</span> 
     </span>
     <span class='ocr_line' id='line_1_40' title="bbox 242 2458 1250 2496; baseline 0.001 -9"><span class='ocrx_word' id='word_1_288' title='bbox 242 2459 450 2496; x_wconf 78' lang='lat' dir='ltr'>episcopatus</span> <span class='ocrx_word' id='word_1_289' title='bbox 466 2458 690 2487; x_wconf 62' lang='lat' dir='ltr'>sebastiensis</span> <span class='ocrx_word' id='word_1_290' title='bbox 707 2462 836 2496; x_wconf 83' lang='lat' dir='ltr'>pastore</span> <span class='ocrx_word' id='word_1_291' title='bbox 854 2458 1014 2489; x_wconf 73' lang='lat' dir='ltr'>vacantis,</span> <span class='ocrx_word' id='word_1_292' title='bbox 1033 2458 1088 2496; x_wconf 79' lang='lat' dir='ltr'>qui</span> <span class='ocrx_word' id='word_1_293' title='bbox 1106 2467 1193 2487; x_wconf 86' lang='lat' dir='ltr'>nnnc</span> <span class='ocrx_word' id='word_1_294' title='bbox 1210 2459 1250 2488; x_wconf 86' lang='lat' dir='ltr'>ab</span> 
     </span>
     <span class='ocr_line' id='line_1_41' title="bbox 240 2511 1251 2549; baseline 0.003 -10"><span class='ocrx_word' id='word_1_295' title='bbox 240 2511 393 2540; x_wconf 69' lang='lat' dir='ltr'>hostilius</span> <span class='ocrx_word' id='word_1_296' title='bbox 414 2511 491 2541; x_wconf 84' lang='lat' dir='ltr'>fidei</span> <span class='ocrx_word' id='word_1_297' title='bbox 511 2511 693 2546; x_wconf 78' lang='lat' dir='ltr'>detinetur,</span> <span class='ocrx_word' id='word_1_298' title='bbox 715 2511 775 2540; x_wconf 88' lang='lat' dir='ltr'>tihi</span> <span class='ocrx_word' id='word_1_299' title='bbox 795 2511 990 2541; x_wconf 84' lang='lat' dir='ltr'>anctoritate</span> <span class='ocrx_word' id='word_1_300' title='bbox 1007 2511 1185 2549; x_wconf 88' lang='lat' dir='ltr'>apostolica</span> <span class='ocrx_word' id='word_1_301' title='bbox 1202 2517 1251 2542; x_wconf 87' lang='lat' dir='ltr'>est</span> 
     </span>
     <span class='ocr_line' id='line_1_42' title="bbox 241 2563 1250 2602; baseline 0.001 -9"><span class='ocrx_word' id='word_1_302' title='bbox 241 2563 429 2598; x_wconf 76' lang='lat' dir='ltr'>commissa,</span> <span class='ocrx_word' id='word_1_303' title='bbox 448 2573 577 2601; x_wconf 84' lang='lat' dir='ltr'>semper</span> <span class='ocrx_word' id='word_1_304' title='bbox 593 2573 650 2601; x_wconf 88' lang='lat' dir='ltr'>pro</span> <span class='ocrx_word' id='word_1_305' title='bbox 667 2564 834 2593; x_wconf 86' lang='lat' dir='ltr'>Dominici</span> <span class='ocrx_word' id='word_1_306' title='bbox 851 2564 1025 2602; x_wconf 76' lang='lat' dir='ltr'>Sepulchri</span> <span class='ocrx_word' id='word_1_307' title='bbox 1041 2564 1250 2595; x_wconf 78' lang='lat' dir='ltr'>Jerosolimi-</span> 
     </span>
     <span class='ocr_line' id='line_1_43' title="bbox 241 2615 1249 2651; baseline 0.001 -6"><span class='ocrx_word' id='word_1_308' title='bbox 241 2616 309 2645; x_wconf 88' lang='lat' dir='ltr'>tani</span> <span class='ocrx_word' id='word_1_309' title='bbox 334 2616 492 2645; x_wconf 84' lang='lat' dir='ltr'>canonico</span> <span class='ocrx_word' id='word_1_310' title='bbox 518 2615 685 2646; x_wconf 80' lang='lat' dir='ltr'>habearis.</span> <span class='ocrx_word' id='word_1_311' title='bbox 709 2617 782 2646; x_wconf 51' lang='lat' dir='ltr'>Dat..</span> <span class='ocrx_word' id='word_1_312' title='bbox 810 2617 976 2651; x_wconf 78' lang='lat' dir='ltr'>Laterani,</span> <span class='ocrx_word' id='word_1_313' title='bbox 1001 2618 1067 2647; x_wconf 78' lang='lat' dir='ltr'>XII</span> <span class='ocrx_word' id='word_1_314' title='bbox 1090 2617 1249 2648; x_wconf 80' lang='lat' dir='ltr'>kalendas</span> 
     </span>
     <span class='ocr_line' id='line_1_44' title="bbox 240 2671 677 2706; baseline 0.002 -7"><span class='ocrx_word' id='word_1_315' title='bbox 240 2671 364 2706; x_wconf 84' lang='lat' dir='ltr'>martii,</span> <span class='ocrx_word' id='word_1_316' title='bbox 383 2680 469 2701; x_wconf 88' lang='lat' dir='ltr'>anno</span> <span class='ocrx_word' id='word_1_317' title='bbox 486 2671 641 2701; x_wconf 81' lang='lat' dir='ltr'>secundo.</span> <span class='ocrx_word' id='word_1_318' title='bbox 665 2683 677 2697; x_wconf 75' lang='lat'>»</span> 
     </span>
    </p>
   </div>
   <div class='ocr_carea' id='block_1_9' title="bbox 314 2843 429 2871">
    <p class='ocr_par' dir='ltr' id='par_1_11' title="bbox 314 2843 429 2871">
     <span class='ocr_line' id='line_1_45' title="bbox 314 2843 429 2871; baseline 0.009 -1"><span class='ocrx_word' id='word_1_319' title='bbox 314 2843 429 2871; x_wconf 73' lang='lat'>¹154</span> 
     </span>
    </p>
   </div>
   <div class='ocr_carea' id='block_1_10' title="bbox 277 2903 1248 2941">
    <p class='ocr_par' dir='ltr' id='par_1_12' title="bbox 277 2903 1248 2941">
     <span class='ocr_line' id='line_1_46' title="bbox 277 2903 1248 2941; baseline 0.002 -11"><span class='ocrx_word' id='word_1_320' title='bbox 277 2903 374 2930; x_wconf 85' lang='lat' dir='ltr'>Eleeto</span> <span class='ocrx_word' id='word_1_321' title='bbox 396 2904 539 2931; x_wconf 88' lang='lat' dir='ltr'>Gurcensi</span> <span class='ocrx_word' id='word_1_322' title='bbox 564 2904 710 2937; x_wconf 57' lang='lat' dir='ltr'>coneedit,</span> <span class='ocrx_word' id='word_1_323' title='bbox 738 2908 805 2931; x_wconf 78' lang='lat' dir='ltr'>tit-a</span> <span class='ocrx_word' id='word_1_324' title='bbox 827 2913 1010 2940; x_wconf 87' lang='lat' dir='ltr'>quocumque</span> <span class='ocrx_word' id='word_1_325' title='bbox 1035 2905 1165 2932; x_wconf 79' lang='lat' dir='ltr'>maluerit</span> <span class='ocrx_word' id='word_1_326' title='bbox 1187 2907 1248 2941; x_wconf 79' lang='grc'><strong>0111-</strong></span> 
     </span>
    </p>
   </div>
   <div class='ocr_carea' id='block_1_11' title="bbox 795 2842 1176 2877">
    <p class='ocr_par' dir='ltr' id='par_1_13' title="bbox 795 2842 1176 2877">
     <span class='ocr_line' id='line_1_47' title="bbox 795 2842 1176 2877; baseline 0.003 -9"><span class='ocrx_word' id='word_1_327' title='bbox 795 2842 912 2877; x_wconf 79' lang='lat' dir='ltr'>Latran,</span> <span class='ocrx_word' id='word_1_328' title='bbox 931 2843 961 2870; x_wconf 84' lang='lat'>18</span> <span class='ocrx_word' id='word_1_329' title='bbox 978 2843 1080 2869; x_wconf 77' lang='lat' dir='ltr'>te&#39;vrier</span> <span class='ocrx_word' id='word_1_330' title='bbox 1099 2843 1176 2871; x_wconf 66' lang='lat'>1256.</span> 
     </span>
    </p>
   </div>
   <div class='ocr_carea' id='block_1_12' title="bbox 1338 311 2350 390">
    <p class='ocr_par' dir='ltr' id='par_1_14' title="bbox 1338 311 2350 390">
     <span class='ocr_line' id='line_1_48' title="bbox 1338 311 2350 347; baseline 0.004 -11"><span class='ocrx_word' id='word_1_331' title='bbox 1338 317 1428 344; x_wconf 84' lang='lat' dir='ltr'>scopo</span> <span class='ocrx_word' id='word_1_332' title='bbox 1446 311 1538 345; x_wconf 83' lang='lat' dir='ltr'>possit</span> <span class='ocrx_word' id='word_1_333' title='bbox 1554 311 1580 337; x_wconf 88' lang='lat' dir='ltr'>in</span> <span class='ocrx_word' id='word_1_334' title='bbox 1595 312 1763 347; x_wconf 85' lang='lat' dir='ltr'>episcopum</span> <span class='ocrx_word' id='word_1_335' title='bbox 1780 313 1956 340; x_wconf 85' lang='lat' dir='ltr'>consecrari.</span> <span class='ocrx_word' id='word_1_336' title='bbox 1968 312 2049 347; x_wconf 69' lang='lat' dir='ltr'>(Rea.</span> <span class='ocrx_word' id='word_1_337' title='bbox 2063 312 2105 343; x_wconf 64' lang='lat'><em>‘2-1.</em></span> <span class='ocrx_word' id='word_1_338' title='bbox 2120 313 2139 339; x_wconf 87' lang='lat' dir='ltr'>l&#39;.</span> <span class='ocrx_word' id='word_1_339' title='bbox 2154 314 2213 345; x_wconf 68' lang='lat'>¹¹65,</span> <span class='ocrx_word' id='word_1_340' title='bbox 2225 321 2292 340; x_wconf 84' lang='lat' dir='ltr'>ann.</span> <span class='ocrx_word' id='word_1_341' title='bbox 2310 313 2350 346; x_wconf 82' lang='grc' dir='ltr'>ΙΙ,</span> 
     </span>
     <span class='ocr_line' id='line_1_49' title="bbox 1338 358 1454 390; baseline 0 -5"><span class='ocrx_word' id='word_1_342' title='bbox 1338 366 1364 385; x_wconf 89' lang='lat' dir='ltr'>c.</span> <span class='ocrx_word' id='word_1_343' title='bbox 1384 358 1454 390; x_wconf 66' lang='lat'>125.)</span> 
     </span>
    </p>
   </div>
   <div class='ocr_carea' id='block_1_13' title="bbox 1336 461 2350 1388">
    <p class='ocr_par' dir='ltr' id='par_1_15' title="bbox 1336 461 2350 1388">
     <span class='ocr_line' id='line_1_50' title="bbox 1381 461 2350 500; baseline 0.005 -13"><span class='ocrx_word' id='word_1_344' title='bbox 1381 473 1393 486; x_wconf 79' lang='grc' dir='ltr'><strong><em>υ</em></strong></span> <span class='ocrx_word' id='word_1_345' title='bbox 1412 483 1431 488; x_wconf 92' lang='grc'>..</span> <span class='ocrx_word' id='word_1_346' title='bbox 1447 461 1535 489; x_wconf 70' lang='lat' dir='ltr'>electo</span> <span class='ocrx_word' id='word_1_347' title='bbox 1549 461 1718 491; x_wconf 81' lang='lat' dir='ltr'>Turoneusi</span> <span class='ocrx_word' id='word_1_348' title='bbox 1731 462 1813 500; x_wconf 69' lang='lat' dir='ltr'>(sic).</span> <span class='ocrx_word' id='word_1_349' title='bbox 1830 463 2010 492; x_wconf 85' lang='lat' dir='ltr'>Personam</span> <span class='ocrx_word' id='word_1_350' title='bbox 2024 466 2112 492; x_wconf 91' lang='lat' dir='ltr'>tuam</span> <span class='ocrx_word' id='word_1_351' title='bbox 2128 462 2257 492; x_wconf 76' lang='lat' dir='ltr'>sincera</span> <span class='ocrx_word' id='word_1_352' title='bbox 2271 462 2350 492; x_wconf 90' lang='lat' dir='ltr'>dili-</span> 
     </span>
     <span class='ocr_line' id='line_1_51' title="bbox 1339 514 2348 554; baseline 0.005 -13"><span class='ocrx_word' id='word_1_353' title='bbox 1339 518 1453 551; x_wconf 69' lang='lat' dir='ltr'>gentes</span> <span class='ocrx_word' id='word_1_354' title='bbox 1470 514 1504 542; x_wconf 92' lang='lat' dir='ltr'>in</span> <span class='ocrx_word' id='word_1_355' title='bbox 1521 514 1663 544; x_wconf 87' lang='lat' dir='ltr'>Domino</span> <span class='ocrx_word' id='word_1_356' title='bbox 1679 515 1827 545; x_wconf 87' lang='lat' dir='ltr'>caritate.</span> <span class='ocrx_word' id='word_1_357' title='bbox 1849 515 2066 553; x_wconf 81' lang='lat' dir='ltr'>petitionibus</span> <span class='ocrx_word' id='word_1_358' title='bbox 2083 515 2149 545; x_wconf 89' lang='lat' dir='ltr'>tuis</span> <span class='ocrx_word' id='word_1_359' title='bbox 2166 516 2348 554; x_wconf 83' lang='lat' dir='ltr'>benignum</span> 
     </span>
     <span class='ocr_line' id='line_1_52' title="bbox 1339 566 2348 607; baseline 0.003 -12"><span class='ocrx_word' id='word_1_360' title='bbox 1339 566 1590 597; x_wconf 82' lang='lat' dir='ltr'>accomodamus</span> <span class='ocrx_word' id='word_1_361' title='bbox 1611 568 1778 604; x_wconf 85' lang='lat' dir='ltr'>auditum,</span> <span class='ocrx_word' id='word_1_362' title='bbox 1804 577 1859 598; x_wconf 84' lang='lat' dir='ltr'>eas</span> <span class='ocrx_word' id='word_1_363' title='bbox 1883 569 2038 607; x_wconf 79' lang='lat' dir='ltr'>precipue</span> <span class='ocrx_word' id='word_1_364' title='bbox 2061 568 2101 598; x_wconf 85' lang='lat' dir='ltr'>ad</span> <span class='ocrx_word' id='word_1_365' title='bbox 2124 569 2348 599; x_wconf 83' lang='lat' dir='ltr'>exauditionis</span> 
     </span>
     <span class='ocr_line' id='line_1_53' title="bbox 1338 619 2346 660; baseline 0.003 -12"><span class='ocrx_word' id='word_1_366' title='bbox 1338 619 1479 656; x_wconf 73' lang='lat' dir='ltr'>gratiam</span> <span class='ocrx_word' id='word_1_367' title='bbox 1499 620 1702 650; x_wconf 86' lang='lat' dir='ltr'>admittendo</span> <span class='ocrx_word' id='word_1_368' title='bbox 1723 630 1786 660; x_wconf 92' lang='lat' dir='ltr'>qne</span> <span class='ocrx_word' id='word_1_369' title='bbox 1805 626 1898 650; x_wconf 89' lang='lat' dir='ltr'>tuum</span> <span class='ocrx_word' id='word_1_370' title='bbox 1916 621 2073 651; x_wconf 83' lang='lat' dir='ltr'>honorem</span> <span class='ocrx_word' id='word_1_371' title='bbox 2093 626 2123 651; x_wconf 89' lang='lat' dir='ltr'>et</span> <span class='ocrx_word' id='word_1_372' title='bbox 2139 621 2346 651; x_wconf 82' lang='lat' dir='ltr'>commodum</span> 
     </span>
     <span class='ocr_line' id='line_1_54' title="bbox 1338 671 2348 712; baseline 0.004 -12"><span class='ocrx_word' id='word_1_373' title='bbox 1338 671 1528 710; x_wconf 86' lang='lat' dir='ltr'>specialiter</span> <span class='ocrx_word' id='word_1_374' title='bbox 1545 673 1709 712; x_wconf 84' lang='lat' dir='ltr'>respicere</span> <span class='ocrx_word' id='word_1_375' title='bbox 1726 674 1956 704; x_wconf 88' lang='lat' dir='ltr'>dinoscuntur.</span> <span class='ocrx_word' id='word_1_376' title='bbox 1974 674 2057 705; x_wconf 89' lang='lat' dir='ltr'>Cum</span> <span class='ocrx_word' id='word_1_377' title='bbox 2074 674 2187 712; x_wconf 76' lang='lat' dir='ltr'>igitur.</span> <span class='ocrx_word' id='word_1_378' title='bbox 2205 674 2291 704; x_wconf 79' lang='lat' dir='ltr'>sicut</span> <span class='ocrx_word' id='word_1_379' title='bbox 2309 682 2348 704; x_wconf 82' lang='lat' dir='ltr'>ex</span> 
     </span>
     <span class='ocr_line' id='line_1_55' title="bbox 1338 725 2346 765; baseline 0.003 -11"><span class='ocrx_word' id='word_1_380' title='bbox 1338 729 1429 763; x_wconf 88' lang='lat' dir='ltr'>parte</span> <span class='ocrx_word' id='word_1_381' title='bbox 1453 729 1507 754; x_wconf 90' lang='lat' dir='ltr'>tua</span> <span class='ocrx_word' id='word_1_382' title='bbox 1530 725 1593 755; x_wconf 85' lang='lat' dir='ltr'>fuit</span> <span class='ocrx_word' id='word_1_383' title='bbox 1614 726 1819 764; x_wconf 86' lang='lat' dir='ltr'>propositum</span> <span class='ocrx_word' id='word_1_384' title='bbox 1838 735 1947 756; x_wconf 88' lang='lat' dir='ltr'>coram</span> <span class='ocrx_word' id='word_1_385' title='bbox 1969 727 2080 761; x_wconf 83' lang='lat' dir='ltr'>nohis,</span> <span class='ocrx_word' id='word_1_386' title='bbox 2099 727 2231 765; x_wconf 87' lang='lat' dir='ltr'>petendi</span> <span class='ocrx_word' id='word_1_387' title='bbox 2251 726 2292 757; x_wconf 86' lang='lat' dir='ltr'>ab</span> <span class='ocrx_word' id='word_1_388' title='bbox 2312 749 2346 762; x_wconf 94' lang='lat'>..,</span> 
     </span>
     <span class='ocr_line' id='line_1_56' title="bbox 1338 776 2348 817; baseline 0.003 -11"><span class='ocrx_word' id='word_1_389' title='bbox 1338 776 1441 806; x_wconf 86' lang='lat' dir='ltr'>electo</span> <span class='ocrx_word' id='word_1_390' title='bbox 1471 777 1739 815; x_wconf 65' lang='lat' dir='ltr'>salzeburgensi,</span> <span class='ocrx_word' id='word_1_391' title='bbox 1772 778 2024 817; x_wconf 84' lang='lat' dir='ltr'>metropolitano</span> <span class='ocrx_word' id='word_1_392' title='bbox 2055 783 2127 813; x_wconf 83' lang='lat' dir='ltr'>tuo,</span> <span class='ocrx_word' id='word_1_393' title='bbox 2161 783 2197 809; x_wconf 88' lang='lat' dir='ltr'>ut</span> <span class='ocrx_word' id='word_1_394' title='bbox 2225 787 2348 810; x_wconf 86' lang='lat' dir='ltr'>munus</span> 
     </span>
     <span class='ocr_line' id='line_1_57' title="bbox 1338 831 2348 870; baseline 0.003 -11"><span class='ocrx_word' id='word_1_395' title='bbox 1338 831 1599 860; x_wconf 87' lang='lat' dir='ltr'>consecrationis</span> <span class='ocrx_word' id='word_1_396' title='bbox 1626 831 1684 860; x_wconf 86' lang='lat' dir='ltr'>tihi</span> <span class='ocrx_word' id='word_1_397' title='bbox 1710 841 1768 869; x_wconf 90' lang='lat' dir='ltr'>per</span> <span class='ocrx_word' id='word_1_398' title='bbox 1794 831 1939 870; x_wconf 86' lang='lat' dir='ltr'>aliquem</span> <span class='ocrx_word' id='word_1_399' title='bbox 1966 832 2004 861; x_wconf 90' lang='lat' dir='ltr'>de</span> <span class='ocrx_word' id='word_1_400' title='bbox 2030 832 2252 869; x_wconf 73' lang='lat' dir='ltr'>suffraganeis</span> <span class='ocrx_word' id='word_1_401' title='bbox 2276 832 2348 862; x_wconf 83' lang='lat' dir='ltr'>suis</span> 
     </span>
     <span class='ocr_line' id='line_1_58' title="bbox 1338 884 2349 924; baseline 0.003 -12"><span class='ocrx_word' id='word_1_402' title='bbox 1338 884 1484 922; x_wconf 86' lang='lat' dir='ltr'>impendi</span> <span class='ocrx_word' id='word_1_403' title='bbox 1500 884 1682 919; x_wconf 75' lang='lat' dir='ltr'>mandaret,</span> <span class='ocrx_word' id='word_1_404' title='bbox 1698 893 1763 914; x_wconf 87' lang='lat' dir='ltr'>non</span> <span class='ocrx_word' id='word_1_405' title='bbox 1779 885 1882 914; x_wconf 76' lang='lat' dir='ltr'>fueris</span> <span class='ocrx_word' id='word_1_406' title='bbox 1900 885 1933 914; x_wconf 91' lang='lat' dir='ltr'>in</span> <span class='ocrx_word' id='word_1_407' title='bbox 1948 894 2038 915; x_wconf 90' lang='lat' dir='ltr'>mora</span> <span class='ocrx_word' id='word_1_408' title='bbox 2053 890 2082 915; x_wconf 90' lang='lat' dir='ltr'>et</span> <span class='ocrx_word' id='word_1_409' title='bbox 2098 885 2223 924; x_wconf 85' lang='lat' dir='ltr'>abipso</span> <span class='ocrx_word' id='word_1_410' title='bbox 2235 889 2349 924; x_wconf 85' lang='lat' dir='ltr'>utpote</span> 
     </span>
     <span class='ocr_line' id='line_1_59' title="bbox 1338 937 2349 976; baseline 0.004 -11"><span class='ocrx_word' id='word_1_411' title='bbox 1338 946 1353 965; x_wconf 92' lang='lat' dir='ltr'>a</span> <span class='ocrx_word' id='word_1_412' title='bbox 1383 937 1607 974; x_wconf 86' lang='lat' dir='ltr'>spiritualium</span> <span class='ocrx_word' id='word_1_413' title='bbox 1638 942 1669 967; x_wconf 86' lang='lat' dir='ltr'>et</span> <span class='ocrx_word' id='word_1_414' title='bbox 1698 937 1928 976; x_wconf 88' lang='lat' dir='ltr'>temporalium</span> <span class='ocrx_word' id='word_1_415' title='bbox 1957 938 2247 968; x_wconf 82' lang='lat' dir='ltr'>administratione</span> <span class='ocrx_word' id='word_1_416' title='bbox 2273 947 2349 969; x_wconf 85' lang='lat' dir='ltr'>sus-</span> 
     </span>
     <span class='ocr_line' id='line_1_60' title="bbox 1337 990 2348 1029; baseline 0.003 -11"><span class='ocrx_word' id='word_1_417' title='bbox 1337 998 1440 1028; x_wconf 87' lang='lat' dir='ltr'>penso</span> <span class='ocrx_word' id='word_1_418' title='bbox 1454 990 1485 1019; x_wconf 92' lang='lat' dir='ltr'>id</span> <span class='ocrx_word' id='word_1_419' title='bbox 1501 990 1540 1019; x_wconf 85' lang='lat' dir='ltr'>ad</span> <span class='ocrx_word' id='word_1_420' title='bbox 1557 1000 1694 1028; x_wconf 84' lang='lat' dir='ltr'>presens</span> <span class='ocrx_word' id='word_1_421' title='bbox 1712 1000 1857 1029; x_wconf 81' lang='lat' dir='ltr'>nequeas</span> <span class='ocrx_word' id='word_1_422' title='bbox 1874 990 2036 1026; x_wconf 72' lang='lat' dir='ltr'>obtinere,</span> <span class='ocrx_word' id='word_1_423' title='bbox 2051 1000 2121 1025; x_wconf 81' lang='lat' dir='ltr'>nos,</span> <span class='ocrx_word' id='word_1_424' title='bbox 2140 991 2207 1021; x_wconf 83' lang='lat' dir='ltr'>tuis</span> <span class='ocrx_word' id='word_1_425' title='bbox 2220 990 2348 1022; x_wconf 78' lang='lat' dir='ltr'>devotis</span> 
     </span>
     <span class='ocr_line' id='line_1_61' title="bbox 1338 1042 2348 1081; baseline 0.003 -10"><span class='ocrx_word' id='word_1_426' title='bbox 1338 1042 1638 1080; x_wconf 80' lang='lat' dir='ltr'>supplicationibus</span> <span class='ocrx_word' id='word_1_427' title='bbox 1655 1042 1826 1072; x_wconf 87' lang='lat' dir='ltr'>inclinati.</span> <span class='ocrx_word' id='word_1_428' title='bbox 1848 1043 2053 1081; x_wconf 79' lang='lat' dir='ltr'>presentium</span> <span class='ocrx_word' id='word_1_429' title='bbox 2073 1043 2130 1072; x_wconf 85' lang='lat' dir='ltr'>tihi</span> <span class='ocrx_word' id='word_1_430' title='bbox 2151 1043 2348 1074; x_wconf 83' lang='lat' dir='ltr'>auctoritate</span> 
     </span>
     <span class='ocr_line' id='line_1_62' title="bbox 1338 1095 2349 1135; baseline 0.001 -10"><span class='ocrx_word' id='word_1_431' title='bbox 1338 1095 1561 1130; x_wconf 71' lang='lat' dir='ltr'>concedimus,</span> <span class='ocrx_word' id='word_1_432' title='bbox 1580 1099 1626 1127; x_wconf 80' lang='lat' dir='ltr'>ut,</span> <span class='ocrx_word' id='word_1_433' title='bbox 1651 1105 1668 1124; x_wconf 94' lang='lat' dir='ltr'>a</span> <span class='ocrx_word' id='word_1_434' title='bbox 1688 1105 1895 1134; x_wconf 82' lang='lat' dir='ltr'>quocumque</span> <span class='ocrx_word' id='word_1_435' title='bbox 1919 1096 2077 1126; x_wconf 86' lang='lat' dir='ltr'>malueris</span> <span class='ocrx_word' id='word_1_436' title='bbox 2099 1096 2349 1135; x_wconf 84' lang='lat' dir='ltr'>archiepiscopo</span> 
     </span>
     <span class='ocr_line' id='line_1_63' title="bbox 1338 1147 2349 1187; baseline 0.003 -10"><span class='ocrx_word' id='word_1_437' title='bbox 1338 1147 1389 1178; x_wconf 83' lang='lat' dir='ltr'>rel</span> <span class='ocrx_word' id='word_1_438' title='bbox 1405 1148 1557 1186; x_wconf 80' lang='lat' dir='ltr'>episeopo</span> <span class='ocrx_word' id='word_1_439' title='bbox 1572 1148 1712 1185; x_wconf 70' lang='lat' dir='ltr'>gratiam</span> <span class='ocrx_word' id='word_1_440' title='bbox 1727 1153 1755 1178; x_wconf 87' lang='lat' dir='ltr'>et</span> <span class='ocrx_word' id='word_1_441' title='bbox 1774 1149 2042 1178; x_wconf 81' lang='lat' dir='ltr'>communionem</span> <span class='ocrx_word' id='word_1_442' title='bbox 2059 1148 2238 1187; x_wconf 86' lang='lat' dir='ltr'>apostolice</span> <span class='ocrx_word' id='word_1_443' title='bbox 2252 1148 2349 1180; x_wconf 83' lang='lat' dir='ltr'>Sedis</span> 
     </span>
     <span class='ocr_line' id='line_1_64' title="bbox 1337 1200 2349 1239; baseline 0.003 -10"><span class='ocrx_word' id='word_1_444' title='bbox 1337 1200 1492 1235; x_wconf 84' lang='lat' dir='ltr'>habente,</span> <span class='ocrx_word' id='word_1_445' title='bbox 1511 1200 1619 1238; x_wconf 83' lang='lat' dir='ltr'>possis</span> <span class='ocrx_word' id='word_1_446' title='bbox 1636 1200 1669 1229; x_wconf 92' lang='lat' dir='ltr'>in</span> <span class='ocrx_word' id='word_1_447' title='bbox 1687 1201 1877 1239; x_wconf 82' lang='lat' dir='ltr'>episcopum</span> <span class='ocrx_word' id='word_1_448' title='bbox 1891 1201 2089 1231; x_wconf 85' lang='lat' dir='ltr'>consecrari.</span> <span class='ocrx_word' id='word_1_449' title='bbox 2107 1201 2271 1232; x_wconf 83' lang='lat' dir='ltr'>Nolumus</span> <span class='ocrx_word' id='word_1_450' title='bbox 2287 1210 2349 1232; x_wconf 84' lang='lat' dir='ltr'>au-</span> 
     </span>
     <span class='ocr_line' id='line_1_65' title="bbox 1337 1252 2349 1293; baseline 0.003 -12"><span class='ocrx_word' id='word_1_451' title='bbox 1337 1257 1402 1282; x_wconf 83' lang='lat' dir='ltr'>tem</span> <span class='ocrx_word' id='word_1_452' title='bbox 1426 1257 1459 1281; x_wconf 88' lang='lat' dir='ltr'>nt</span> <span class='ocrx_word' id='word_1_453' title='bbox 1481 1262 1538 1291; x_wconf 84' lang='lat' dir='ltr'>per</span> <span class='ocrx_word' id='word_1_454' title='bbox 1560 1253 1620 1282; x_wconf 90' lang='lat' dir='ltr'>hoc</span> <span class='ocrx_word' id='word_1_455' title='bbox 1640 1252 1778 1283; x_wconf 83' lang='lat' dir='ltr'>ecclesie</span> <span class='ocrx_word' id='word_1_456' title='bbox 1796 1253 2049 1291; x_wconf 74' lang='lat' dir='ltr'>Salzehurgensi</span> <span class='ocrx_word' id='word_1_457' title='bbox 2067 1254 2201 1293; x_wconf 86' lang='lat' dir='ltr'>aliquod</span> <span class='ocrx_word' id='word_1_458' title='bbox 2221 1254 2255 1284; x_wconf 92' lang='lat' dir='ltr'>in</span> <span class='ocrx_word' id='word_1_459' title='bbox 2271 1262 2349 1293; x_wconf 87' lang='lat' dir='ltr'>pos-</span> 
     </span>
     <span class='ocr_line' id='line_1_66' title="bbox 1336 1305 2349 1344; baseline 0.003 -10"><span class='ocrx_word' id='word_1_460' title='bbox 1336 1310 1443 1335; x_wconf 88' lang='lat' dir='ltr'>terum</span> <span class='ocrx_word' id='word_1_461' title='bbox 1460 1305 1680 1344; x_wconf 83' lang='lat' dir='ltr'>prejudicium</span> <span class='ocrx_word' id='word_1_462' title='bbox 1698 1310 1883 1342; x_wconf 73' lang='lat' dir='ltr'>generetur.</span> <span class='ocrx_word' id='word_1_463' title='bbox 1905 1307 1978 1335; x_wconf 89' lang='lat' dir='ltr'>Dat.</span> <span class='ocrx_word' id='word_1_464' title='bbox 1998 1307 2169 1341; x_wconf 81' lang='lat' dir='ltr'>Laterani,</span> <span class='ocrx_word' id='word_1_465' title='bbox 2187 1307 2272 1337; x_wconf 86' lang='lat' dir='ltr'>XIII</span> <span class='ocrx_word' id='word_1_466' title='bbox 2287 1306 2349 1337; x_wconf 88' lang='lat' dir='ltr'>ka-</span> 
     </span>
     <span class='ocr_line' id='line_1_67' title="bbox 1336 1358 1900 1388; baseline 0 -1"><span class='ocrx_word' id='word_1_467' title='bbox 1336 1358 1450 1387; x_wconf 79' lang='lat' dir='ltr'>lendas</span> <span class='ocrx_word' id='word_1_468' title='bbox 1470 1358 1593 1387; x_wconf 64' lang='lat' dir='ltr'>martii,</span> <span class='ocrx_word' id='word_1_469' title='bbox 1612 1366 1698 1387; x_wconf 89' lang='lat' dir='ltr'>anno</span> <span class='ocrx_word' id='word_1_470' title='bbox 1715 1358 1870 1388; x_wconf 82' lang='lat' dir='ltr'>secundo.</span> <span class='ocrx_word' id='word_1_471' title='bbox 1890 1372 1900 1384; x_wconf 63' lang='lat' dir='ltr'>n</span> 
     </span>
    </p>
   </div>
   <div class='ocr_carea' id='block_1_14' title="bbox 1409 1523 1525 1552">
    <p class='ocr_par' dir='ltr' id='par_1_16' title="bbox 1409 1523 1525 1552">
     <span class='ocr_line' id='line_1_68' title="bbox 1409 1523 1525 1552; baseline -0.009 -1"><span class='ocrx_word' id='word_1_472' title='bbox 1409 1523 1525 1552; x_wconf 74' lang='lat'>1¹55</span> 
     </span>
    </p>
   </div>
   <div class='ocr_carea' id='block_1_15' title="bbox 1333 1587 2348 1768">
    <p class='ocr_par' dir='ltr' id='par_1_17' title="bbox 1333 1587 2348 1768">
     <span class='ocr_line' id='line_1_69' title="bbox 1371 1587 2348 1620; baseline 0.001 -6"><span class='ocrx_word' id='word_1_473' title='bbox 1371 1587 1550 1614; x_wconf 84' lang='lat' dir='ltr'>Scholastico</span> <span class='ocrx_word' id='word_1_474' title='bbox 1566 1587 1706 1614; x_wconf 85' lang='lat' dir='ltr'>ecelesiae</span> <span class='ocrx_word' id='word_1_475' title='bbox 1722 1587 1921 1620; x_wconf 79' lang='lat' dir='ltr'>Loranicnsis,</span> <span class='ocrx_word' id='word_1_476' title='bbox 1937 1588 2104 1615; x_wconf 43' lang='lat' dir='ltr'>lieodiensis</span> <span class='ocrx_word' id='word_1_477' title='bbox 2115 1588 2250 1620; x_wconf 84' lang='lat' dir='ltr'>diocesis,</span> <span class='ocrx_word' id='word_1_478' title='bbox 2265 1597 2348 1615; x_wconf 84' lang='lat' dir='ltr'>man-</span> 
     </span>
     <span class='ocr_line' id='line_1_70' title="bbox 1334 1635 2348 1671; baseline 0.001 -9"><span class='ocrx_word' id='word_1_479' title='bbox 1334 1637 1381 1662; x_wconf 87' lang='lat' dir='ltr'>dat</span> <span class='ocrx_word' id='word_1_480' title='bbox 1396 1637 1533 1670; x_wconf 88' lang='lat' dir='ltr'>quatinus</span> <span class='ocrx_word' id='word_1_481' title='bbox 1551 1635 1740 1671; x_wconf 83' lang='lat' dir='ltr'>praehendam</span> <span class='ocrx_word' id='word_1_482' title='bbox 1757 1636 1899 1670; x_wconf 86' lang='lat' dir='ltr'>quondam</span> <span class='ocrx_word' id='word_1_483' title='bbox 1925 1635 2070 1663; x_wconf 83' lang='lat' dir='ltr'>Brunonis</span> <span class='ocrx_word' id='word_1_484' title='bbox 2087 1637 2227 1663; x_wconf 77' lang='lat' dir='ltr'>ecciesiae</span> <span class='ocrx_word' id='word_1_485' title='bbox 2248 1635 2279 1664; x_wconf 90' lang='lat' dir='ltr'>S.</span> <span class='ocrx_word' id='word_1_486' title='bbox 2294 1635 2348 1663; x_wconf 86' lang='lat' dir='ltr'>Jo-</span> 
     </span>
     <span class='ocr_line' id='line_1_71' title="bbox 1333 1684 2344 1719; baseline 0.001 -8"><span class='ocrx_word' id='word_1_487' title='bbox 1333 1685 1437 1712; x_wconf 86' lang='lat' dir='ltr'>hannis</span> <span class='ocrx_word' id='word_1_488' title='bbox 1455 1684 1623 1711; x_wconf 77' lang='lat' dir='ltr'>Leodiensis</span> <span class='ocrx_word' id='word_1_489' title='bbox 1636 1684 1791 1711; x_wconf 74' lang='lat' dir='ltr'>Godesrido</span> <span class='ocrx_word' id='word_1_490' title='bbox 1803 1685 1837 1710; x_wconf 83' lang='lat' dir='ltr'>de</span> <span class='ocrx_word' id='word_1_491' title='bbox 1853 1684 2041 1711; x_wconf 79' lang='lat' dir='ltr'>iiakeuderer</span> <span class='ocrx_word' id='word_1_492' title='bbox 2052 1685 2190 1712; x_wconf 81' lang='lat' dir='ltr'>conserat.</span> <span class='ocrx_word' id='word_1_493' title='bbox 2204 1684 2286 1716; x_wconf 73' lang='lat' dir='ltr'>(REO.</span> <span class='ocrx_word' id='word_1_494' title='bbox 2298 1685 2344 1719; x_wconf 69' lang='lat'>24,</span> 
     </span>
     <span class='ocr_line' id='line_1_72' title="bbox 1334 1733 1705 1768; baseline -0.003 -8"><span class='ocrx_word' id='word_1_495' title='bbox 1334 1734 1353 1760; x_wconf 81' lang='lat' dir='ltr'>s.</span> <span class='ocrx_word' id='word_1_496' title='bbox 1374 1735 1432 1768; x_wconf 73' lang='grc'><strong>1-15,</strong></span> <span class='ocrx_word' id='word_1_497' title='bbox 1450 1743 1515 1760; x_wconf 90' lang='lat' dir='ltr'>ann.</span> <span class='ocrx_word' id='word_1_498' title='bbox 1535 1733 1570 1765; x_wconf 86' lang='lat' dir='ltr'>lI,</span> <span class='ocrx_word' id='word_1_499' title='bbox 1588 1742 1614 1760; x_wconf 88' lang='lat' dir='ltr'>e.</span> <span class='ocrx_word' id='word_1_500' title='bbox 1634 1733 1705 1765; x_wconf 58' lang='lat'>190.)</span> 
     </span>
    </p>
   </div>
   <div class='ocr_carea' id='block_1_16' title="bbox 1893 1521 2274 1555">
    <p class='ocr_par' dir='ltr' id='par_1_18' title="bbox 1893 1521 2274 1555">
     <span class='ocr_line' id='line_1_73' title="bbox 1893 1521 2274 1555; baseline 0.008 -6"><span class='ocrx_word' id='word_1_501' title='bbox 1893 1523 2010 1555; x_wconf 58' lang='lat' dir='ltr'>Latran,</span> <span class='ocrx_word' id='word_1_502' title='bbox 2028 1524 2058 1550; x_wconf 65' lang='lat'>12</span> <span class='ocrx_word' id='word_1_503' title='bbox 2075 1521 2178 1551; x_wconf 70' lang='lat' dir='ltr'>rex-rici</span> <span class='ocrx_word' id='word_1_504' title='bbox 2197 1524 2274 1552; x_wconf 69' lang='lat'>¹256.</span> 
     </span>
    </p>
   </div>
   <div class='ocr_carea' id='block_1_17' title="bbox 1333 1836 2346 2716">
    <p class='ocr_par' dir='ltr' id='par_1_19' title="bbox 1333 1836 2346 2716">
     <span class='ocr_line' id='line_1_74' title="bbox 1377 1836 2343 1869; baseline 0.001 -6"><span class='ocrx_word' id='word_1_505' title='bbox 1377 1848 1389 1861; x_wconf 84' lang='grc'>11</span> <span class='ocrx_word' id='word_1_506' title='bbox 1474 1837 1630 1865; x_wconf 69' lang='lat' dir='ltr'>scolastico</span> <span class='ocrx_word' id='word_1_507' title='bbox 1650 1836 1768 1864; x_wconf 73' lang='lat' dir='ltr'>ecclesie</span> <span class='ocrx_word' id='word_1_508' title='bbox 1786 1837 1997 1869; x_wconf 43' lang='lat' dir='ltr'>lovaniensis,</span> <span class='ocrx_word' id='word_1_509' title='bbox 2018 1836 2186 1865; x_wconf 71' lang='lat' dir='ltr'>Leoclirnsis</span> <span class='ocrx_word' id='word_1_510' title='bbox 2207 1836 2343 1866; x_wconf 77' lang='lat' dir='ltr'>diocesis.</span> 
     </span>
     <span class='ocr_line' id='line_1_75' title="bbox 1334 1888 2344 1924; baseline 0.001 -6"><span class='ocrx_word' id='word_1_511' title='bbox 1334 1889 1483 1918; x_wconf 85' lang='lat' dir='ltr'>Dilectus</span> <span class='ocrx_word' id='word_1_512' title='bbox 1504 1889 1593 1918; x_wconf 82' lang='lat' dir='ltr'>filins</span> <span class='ocrx_word' id='word_1_513' title='bbox 1619 1888 1818 1918; x_wconf 76' lang='lat' dir='ltr'>Godesridns</span> <span class='ocrx_word' id='word_1_514' title='bbox 1842 1888 1880 1917; x_wconf 85' lang='lat' dir='ltr'>de</span> <span class='ocrx_word' id='word_1_515' title='bbox 1906 1889 2138 1924; x_wconf 81' lang='lat' dir='ltr'>llakemlever,</span> <span class='ocrx_word' id='word_1_516' title='bbox 2163 1889 2344 1919; x_wconf 86' lang='lat' dir='ltr'>canonicus</span> 
     </span>
     <span class='ocr_line' id='line_1_76' title="bbox 1335 1941 2346 1980; baseline 0.001 -9"><span class='ocrx_word' id='word_1_517' title='bbox 1335 1941 1474 1971; x_wconf 71' lang='lat' dir='ltr'>ecclesie</span> <span class='ocrx_word' id='word_1_518' title='bbox 1501 1941 1607 1971; x_wconf 84' lang='lat' dir='ltr'>sancti</span> <span class='ocrx_word' id='word_1_519' title='bbox 1632 1941 1798 1971; x_wconf 74' lang='lat' dir='ltr'>Johannis</span> <span class='ocrx_word' id='word_1_520' title='bbox 1822 1941 2027 1977; x_wconf 72' lang='lat' dir='ltr'>Leodiensis,</span> <span class='ocrx_word' id='word_1_521' title='bbox 2055 1951 2113 1970; x_wconf 75' lang='lat' dir='ltr'>sua</span> <span class='ocrx_word' id='word_1_522' title='bbox 2142 1942 2238 1972; x_wconf 83' lang='lat' dir='ltr'>nohis</span> <span class='ocrx_word' id='word_1_523' title='bbox 2260 1941 2346 1980; x_wconf 85' lang='lat' dir='ltr'>peti-</span> 
     </span>
     <span class='ocr_line' id='line_1_77' title="bbox 1335 1994 2346 2032; baseline 0.001 -9"><span class='ocrx_word' id='word_1_524' title='bbox 1335 1995 1424 2023; x_wconf 83' lang='lat' dir='ltr'>tione</span> <span class='ocrx_word' id='word_1_525' title='bbox 1444 1994 1657 2029; x_wconf 78' lang='lat' dir='ltr'>monstravit,</span> <span class='ocrx_word' id='word_1_526' title='bbox 1681 1994 1765 2032; x_wconf 86' lang='lat' dir='ltr'>quod</span> <span class='ocrx_word' id='word_1_527' title='bbox 1788 1994 1858 2031; x_wconf 75' lang='lat' dir='ltr'>ipse</span> <span class='ocrx_word' id='word_1_528' title='bbox 1881 1994 1912 2022; x_wconf 95' lang='lat' dir='ltr'>in</span> <span class='ocrx_word' id='word_1_529' title='bbox 1935 1994 2020 2023; x_wconf 88' lang='lat' dir='ltr'>dicta</span> <span class='ocrx_word' id='word_1_530' title='bbox 2040 1994 2180 2024; x_wconf 79' lang='lat' dir='ltr'>ecclesia</span> <span class='ocrx_word' id='word_1_531' title='bbox 2201 1994 2346 2024; x_wconf 85' lang='lat' dir='ltr'>auctori-</span> 
     </span>
     <span class='ocr_line' id='line_1_78' title="bbox 1335 2047 2346 2086; baseline 0.001 -9"><span class='ocrx_word' id='word_1_532' title='bbox 1335 2052 1399 2077; x_wconf 81' lang='lat' dir='ltr'>tate</span> <span class='ocrx_word' id='word_1_533' title='bbox 1417 2047 1595 2086; x_wconf 74' lang='lat' dir='ltr'>apostolica</span> <span class='ocrx_word' id='word_1_534' title='bbox 1616 2051 1766 2085; x_wconf 82' lang='lat' dir='ltr'>receptus</span> <span class='ocrx_word' id='word_1_535' title='bbox 1785 2047 1889 2076; x_wconf 79' lang='lat' dir='ltr'>extitit</span> <span class='ocrx_word' id='word_1_536' title='bbox 1912 2047 1943 2075; x_wconf 97' lang='lat' dir='ltr'>in</span> <span class='ocrx_word' id='word_1_537' title='bbox 1964 2047 2160 2076; x_wconf 86' lang='lat' dir='ltr'>canonicum</span> <span class='ocrx_word' id='word_1_538' title='bbox 2178 2052 2206 2077; x_wconf 87' lang='lat' dir='ltr'>et</span> <span class='ocrx_word' id='word_1_539' title='bbox 2224 2048 2258 2077; x_wconf 89' lang='lat' dir='ltr'>in</span> <span class='ocrx_word' id='word_1_540' title='bbox 2278 2048 2346 2078; x_wconf 83' lang='lat' dir='ltr'>sra-</span> 
     </span>
     <span class='ocr_line' id='line_1_79' title="bbox 1336 2100 2343 2137; baseline 0.001 -7"><span class='ocrx_word' id='word_1_541' title='bbox 1336 2106 1429 2130; x_wconf 80' lang='lat' dir='ltr'>trem.</span> <span class='ocrx_word' id='word_1_542' title='bbox 1447 2101 1567 2130; x_wconf 64' lang='lat' dir='ltr'>Verum</span> <span class='ocrx_word' id='word_1_543' title='bbox 1585 2110 1670 2135; x_wconf 62' lang='lat' dir='ltr'>cuin,</span> <span class='ocrx_word' id='word_1_544' title='bbox 1686 2100 1767 2129; x_wconf 74' lang='lat' dir='ltr'>sicut</span> <span class='ocrx_word' id='word_1_545' title='bbox 1788 2100 1894 2137; x_wconf 69' lang='grc'><strong>11151115</strong></span> <span class='ocrx_word' id='word_1_546' title='bbox 1909 2100 2058 2129; x_wconf 81' lang='lat' dir='ltr'>canonici</span> <span class='ocrx_word' id='word_1_547' title='bbox 2077 2100 2175 2130; x_wconf 84' lang='lat' dir='ltr'>hahet</span> <span class='ocrx_word' id='word_1_548' title='bbox 2192 2101 2343 2135; x_wconf 73' lang='lat' dir='ltr'>assertio,</span> 
     </span>
     <span class='ocr_line' id='line_1_80' title="bbox 1334 2153 2346 2192; baseline 0.002 -10"><span class='ocrx_word' id='word_1_549' title='bbox 1334 2153 1369 2182; x_wconf 87' lang='lat' dir='ltr'>in</span> <span class='ocrx_word' id='word_1_550' title='bbox 1393 2153 1477 2182; x_wconf 81' lang='lat' dir='ltr'>dicta</span> <span class='ocrx_word' id='word_1_551' title='bbox 1501 2153 1639 2183; x_wconf 81' lang='lat' dir='ltr'>ec‹.·lcsia</span> <span class='ocrx_word' id='word_1_552' title='bbox 1661 2153 1825 2191; x_wconf 72' lang='lat' dir='ltr'>prebenda</span> <span class='ocrx_word' id='word_1_553' title='bbox 1849 2162 1904 2191; x_wconf 82' lang='lat' dir='ltr'>per</span> <span class='ocrx_word' id='word_1_554' title='bbox 1923 2158 2060 2183; x_wconf 84' lang='lat' dir='ltr'>mortem</span> <span class='ocrx_word' id='word_1_555' title='bbox 2077 2154 2242 2192; x_wconf 88' lang='lat' dir='ltr'>quondam</span> <span class='ocrx_word' id='word_1_556' title='bbox 2259 2154 2346 2184; x_wconf 86' lang='lat' dir='ltr'>Bru-</span> 
     </span>
     <span class='ocr_line' id='line_1_81' title="bbox 1336 2205 2343 2244; baseline 0.003 -10"><span class='ocrx_word' id='word_1_557' title='bbox 1336 2206 1433 2235; x_wconf 78' lang='lat' dir='ltr'>nonis</span> <span class='ocrx_word' id='word_1_558' title='bbox 1461 2206 1608 2244; x_wconf 78' lang='lat' dir='ltr'>ejusdem</span> <span class='ocrx_word' id='word_1_559' title='bbox 1637 2205 1775 2235; x_wconf 76' lang='lat' dir='ltr'>ecclesie</span> <span class='ocrx_word' id='word_1_560' title='bbox 1802 2206 1953 2235; x_wconf 78' lang='lat' dir='ltr'>canonici</span> <span class='ocrx_word' id='word_1_561' title='bbox 1982 2206 2092 2235; x_wconf 86' lang='lat' dir='ltr'>dehita</span> <span class='ocrx_word' id='word_1_562' title='bbox 2117 2206 2181 2235; x_wconf 80' lang='lat' dir='ltr'>sihi</span> <span class='ocrx_word' id='word_1_563' title='bbox 2207 2206 2343 2242; x_wconf 79' lang='lat' dir='ltr'>vacarit,</span> 
     </span>
     <span class='ocr_line' id='line_1_82' title="bbox 1335 2258 2346 2297; baseline 0.001 -9"><span class='ocrx_word' id='word_1_564' title='bbox 1335 2258 1501 2297; x_wconf 81' lang='lat' dir='ltr'>provideri</span> <span class='ocrx_word' id='word_1_565' title='bbox 1519 2259 1582 2287; x_wconf 83' lang='lat' dir='ltr'>sihi</span> <span class='ocrx_word' id='word_1_566' title='bbox 1600 2259 1638 2288; x_wconf 80' lang='grc'>(10</span> <span class='ocrx_word' id='word_1_567' title='bbox 1658 2268 1694 2288; x_wconf 85' lang='lat' dir='ltr'>ea</span> <span class='ocrx_word' id='word_1_568' title='bbox 1712 2269 1727 2287; x_wconf 88' lang='lat' dir='ltr'>a</span> <span class='ocrx_word' id='word_1_569' title='bbox 1747 2259 1842 2287; x_wconf 82' lang='lat' dir='ltr'>nohis</span> <span class='ocrx_word' id='word_1_570' title='bbox 1861 2258 2034 2288; x_wconf 87' lang='lat' dir='ltr'>humiliter</span> <span class='ocrx_word' id='word_1_571' title='bbox 2050 2258 2240 2296; x_wconf 79' lang='lat' dir='ltr'>postulavit.</span> <span class='ocrx_word' id='word_1_572' title='bbox 2260 2259 2346 2296; x_wconf 86' lang='lat' dir='ltr'>Quo-</span> 
     </span>
     <span class='ocr_line' id='line_1_83' title="bbox 1334 2311 2344 2352; baseline 0.002 -11"><span class='ocrx_word' id='word_1_573' title='bbox 1334 2312 1422 2341; x_wconf 84' lang='lat' dir='ltr'>circa</span> <span class='ocrx_word' id='word_1_574' title='bbox 1435 2311 1631 2341; x_wconf 81' lang='lat' dir='ltr'>mandamus</span> <span class='ocrx_word' id='word_1_575' title='bbox 1646 2312 1816 2350; x_wconf 75' lang='lat' dir='ltr'>quatinus,</span> <span class='ocrx_word' id='word_1_576' title='bbox 1833 2312 1860 2340; x_wconf 73' lang='lat' dir='ltr'>si</span> <span class='ocrx_word' id='word_1_577' title='bbox 1878 2315 1924 2340; x_wconf 76' lang='lat' dir='ltr'>est</span> <span class='ocrx_word' id='word_1_578' title='bbox 1942 2311 1997 2346; x_wconf 69' lang='lat' dir='ltr'>ita.</span> <span class='ocrx_word' id='word_1_579' title='bbox 2013 2312 2214 2350; x_wconf 83' lang='lat' dir='ltr'>prehendam</span> <span class='ocrx_word' id='word_1_580' title='bbox 2231 2311 2344 2352; x_wconf 86' lang='lat' dir='ltr'>hujus-</span> 
     </span>
     <span class='ocr_line' id='line_1_84' title="bbox 1334 2365 2345 2404; baseline 0.001 -10"><span class='ocrx_word' id='word_1_581' title='bbox 1334 2365 1422 2395; x_wconf 89' lang='lat' dir='ltr'>modi</span> <span class='ocrx_word' id='word_1_582' title='bbox 1439 2374 1512 2394; x_wconf 84' lang='lat' dir='ltr'>cum</span> <span class='ocrx_word' id='word_1_583' title='bbox 1527 2365 1659 2404; x_wconf 76' lang='lat' dir='ltr'>juribus</span> <span class='ocrx_word' id='word_1_584' title='bbox 1679 2369 1706 2393; x_wconf 79' lang='lat' dir='ltr'>et</span> <span class='ocrx_word' id='word_1_585' title='bbox 1727 2365 1938 2402; x_wconf 68' lang='grc'><strong>111.-1110001115</strong></span> <span class='ocrx_word' id='word_1_586' title='bbox 1958 2365 2027 2393; x_wconf 79' lang='lat' dir='ltr'>suis</span> <span class='ocrx_word' id='word_1_587' title='bbox 2044 2365 2203 2395; x_wconf 88' lang='lat' dir='ltr'>canonico</span> <span class='ocrx_word' id='word_1_588' title='bbox 2220 2374 2345 2395; x_wconf 83' lang='lat' dir='ltr'>memo-</span> 
     </span>
     <span class='ocr_line' id='line_1_85' title="bbox 1334 2417 2344 2456; baseline 0.001 -9"><span class='ocrx_word' id='word_1_589' title='bbox 1334 2422 1404 2447; x_wconf 90' lang='lat' dir='ltr'>rato</span> <span class='ocrx_word' id='word_1_590' title='bbox 1420 2427 1478 2456; x_wconf 89' lang='lat' dir='ltr'>per</span> <span class='ocrx_word' id='word_1_591' title='bbox 1498 2422 1526 2447; x_wconf 89' lang='lat' dir='ltr'>te</span> <span class='ocrx_word' id='word_1_592' title='bbox 1546 2417 1596 2447; x_wconf 82' lang='lat' dir='ltr'>vel</span> <span class='ocrx_word' id='word_1_593' title='bbox 1616 2426 1673 2455; x_wconf 87' lang='lat' dir='ltr'>per</span> <span class='ocrx_word' id='word_1_594' title='bbox 1695 2417 1796 2446; x_wconf 90' lang='lat' dir='ltr'>alium</span> <span class='ocrx_word' id='word_1_595' title='bbox 1817 2417 2012 2447; x_wconf 70' lang='lat' dir='ltr'>anctoritate</span> <span class='ocrx_word' id='word_1_596' title='bbox 2030 2422 2153 2453; x_wconf 81' lang='lat' dir='ltr'>nostra,</span> <span class='ocrx_word' id='word_1_597' title='bbox 2177 2423 2284 2448; x_wconf 88' lang='lat' dir='ltr'>amoto</span> <span class='ocrx_word' id='word_1_598' title='bbox 2303 2418 2344 2448; x_wconf 90' lang='lat' dir='ltr'>ab</span> 
     </span>
     <span class='ocr_line' id='line_1_86' title="bbox 1333 2470 2341 2510; baseline 0.002 -10"><span class='ocrx_word' id='word_1_599' title='bbox 1333 2471 1405 2509; x_wconf 88' lang='lat' dir='ltr'>ipsa</span> <span class='ocrx_word' id='word_1_600' title='bbox 1428 2470 1575 2509; x_wconf 80' lang='lat' dir='ltr'>quolibet</span> <span class='ocrx_word' id='word_1_601' title='bbox 1598 2470 1767 2499; x_wconf 81' lang='lat' dir='ltr'>detentore</span> <span class='ocrx_word' id='word_1_602' title='bbox 1793 2470 1926 2505; x_wconf 66' lang='lat' dir='ltr'>illicito,</span> <span class='ocrx_word' id='word_1_603' title='bbox 1949 2471 2100 2500; x_wconf 78' lang='lat' dir='ltr'>conseras</span> <span class='ocrx_word' id='word_1_604' title='bbox 2122 2475 2151 2500; x_wconf 85' lang='lat' dir='ltr'>et</span> <span class='ocrx_word' id='word_1_605' title='bbox 2177 2471 2341 2510; x_wconf 83' lang='lat' dir='ltr'>assignes.</span> 
     </span>
     <span class='ocr_line' id='line_1_87' title="bbox 1333 2522 2342 2562; baseline 0.002 -10"><span class='ocrx_word' id='word_1_606' title='bbox 1333 2523 1496 2553; x_wconf 82' lang='lat' dir='ltr'>inducens</span> <span class='ocrx_word' id='word_1_607' title='bbox 1511 2523 1618 2561; x_wconf 86' lang='lat' dir='ltr'>ipsum</span> <span class='ocrx_word' id='word_1_608' title='bbox 1634 2522 1684 2552; x_wconf 84' lang='lat' dir='ltr'>vel</span> <span class='ocrx_word' id='word_1_609' title='bbox 1700 2527 1946 2561; x_wconf 73' lang='lat' dir='ltr'>procurator-em</span> <span class='ocrx_word' id='word_1_610' title='bbox 1961 2523 2032 2562; x_wconf 82' lang='lat' dir='ltr'>ejus</span> <span class='ocrx_word' id='word_1_611' title='bbox 2047 2528 2100 2553; x_wconf 89' lang='lat' dir='ltr'>aut</span> <span class='ocrx_word' id='word_1_612' title='bbox 2119 2523 2219 2553; x_wconf 91' lang='lat' dir='ltr'>alium</span> <span class='ocrx_word' id='word_1_613' title='bbox 2234 2524 2342 2562; x_wconf 84' lang='lat' dir='ltr'>ipsius</span> 
     </span>
     <span class='ocr_line' id='line_1_88' title="bbox 1334 2575 2343 2614; baseline 0.002 -9"><span class='ocrx_word' id='word_1_614' title='bbox 1334 2576 1468 2606; x_wconf 90' lang='lat' dir='ltr'>nomine</span> <span class='ocrx_word' id='word_1_615' title='bbox 1485 2576 1519 2604; x_wconf 90' lang='lat' dir='ltr'>in</span> <span class='ocrx_word' id='word_1_616' title='bbox 1536 2575 1737 2613; x_wconf 84' lang='lat' dir='ltr'>corporalem</span> <span class='ocrx_word' id='word_1_617' title='bbox 1754 2575 2000 2613; x_wconf 77' lang='lat' dir='ltr'>possessionem</span> <span class='ocrx_word' id='word_1_618' title='bbox 2017 2576 2164 2614; x_wconf 88' lang='lat' dir='ltr'>ejusdem</span> <span class='ocrx_word' id='word_1_619' title='bbox 2179 2580 2209 2606; x_wconf 89' lang='lat' dir='ltr'>et</span> <span class='ocrx_word' id='word_1_620' title='bbox 2226 2576 2343 2607; x_wconf 82' lang='lat' dir='ltr'>defen-</span> 
     </span>
     <span class='ocr_line' id='line_1_89' title="bbox 1333 2628 2340 2664; baseline 0.001 -6"><span class='ocrx_word' id='word_1_621' title='bbox 1333 2629 1415 2658; x_wconf 88' lang='lat' dir='ltr'>dens</span> <span class='ocrx_word' id='word_1_622' title='bbox 1433 2628 1629 2657; x_wconf 87' lang='lat' dir='ltr'>-inductam.</span> <span class='ocrx_word' id='word_1_623' title='bbox 1665 2628 1932 2658; x_wconf 85' lang='lat' dir='ltr'>Contradictores</span> <span class='ocrx_word' id='word_1_624' title='bbox 1963 2633 2024 2658; x_wconf 84' lang='lat' dir='ltr'>etc.</span> <span class='ocrx_word' id='word_1_625' title='bbox 2058 2629 2131 2658; x_wconf 90' lang='lat' dir='ltr'>Dat.</span> <span class='ocrx_word' id='word_1_626' title='bbox 2167 2629 2340 2664; x_wconf 85' lang='lat' dir='ltr'>Laterani,</span> 
     </span>
     <span class='ocr_line' id='line_1_90' title="bbox 1334 2681 1959 2716; baseline -0.003 -4"><span class='ocrx_word' id='word_1_627' title='bbox 1334 2683 1366 2712; x_wconf 90' lang='grc' dir='ltr'>ΙΙ</span> <span class='ocrx_word' id='word_1_628' title='bbox 1383 2681 1456 2711; x_wconf 82' lang='grc'><strong>111115</strong></span> <span class='ocrx_word' id='word_1_629' title='bbox 1474 2681 1647 2716; x_wconf 80' lang='lat' dir='ltr'>februarii,</span> <span class='ocrx_word' id='word_1_630' title='bbox 1667 2690 1753 2711; x_wconf 88' lang='lat' dir='ltr'>anno</span> <span class='ocrx_word' id='word_1_631' title='bbox 1773 2681 1928 2711; x_wconf 73' lang='lat' dir='ltr'>secundo.</span> <span class='ocrx_word' id='word_1_632' title='bbox 1948 2694 1959 2707; x_wconf 71' lang='lat' dir='ltr'>u</span> 
     </span>
    </p>
   </div>
   <div class='ocr_carea' id='block_1_18' title="bbox 1405 2845 2268 2877">
    <p class='ocr_par' dir='ltr' id='par_1_20' title="bbox 1405 2845 2268 2877">
     <span class='ocr_line' id='line_1_91' title="bbox 1405 2845 2268 2877; baseline -0.003 -2"><span class='ocrx_word' id='word_1_633' title='bbox 1405 2846 1519 2875; x_wconf 72' lang='lat' dir='ltr'>1¹5ss</span> <span class='ocrx_word' id='word_1_634' title='bbox 1887 2845 2004 2877; x_wconf 74' lang='lat' dir='ltr'>Latran,</span> <span class='ocrx_word' id='word_1_635' title='bbox 2025 2846 2050 2872; x_wconf 81' lang='lat'>1¹</span> <span class='ocrx_word' id='word_1_636' title='bbox 2071 2846 2174 2872; x_wconf 69' lang='lat' dir='ltr'>sevi-im·</span> <span class='ocrx_word' id='word_1_637' title='bbox 2192 2846 2268 2874; x_wconf 64' lang='lat'>¹256.</span> 
     </span>
    </p>
   </div>
   <div class='ocr_carea' id='block_1_19' title="bbox 1368 2906 2341 2942">
    <p class='ocr_par' dir='ltr' id='par_1_21' title="bbox 1368 2906 2341 2942">
     <span class='ocr_line' id='line_1_92' title="bbox 1368 2906 2341 2942; baseline 0.003 -10"><span class='ocrx_word' id='word_1_638' title='bbox 1368 2906 1506 2941; x_wconf 82' lang='lat' dir='ltr'>MagiStro</span> <span class='ocrx_word' id='word_1_639' title='bbox 1529 2906 1674 2938; x_wconf 72' lang='lat' dir='ltr'>waltero,</span> <span class='ocrx_word' id='word_1_640' title='bbox 1700 2907 1900 2933; x_wconf 76' lang='lat' dir='ltr'>archidiacono</span> <span class='ocrx_word' id='word_1_641' title='bbox 1919 2906 2057 2942; x_wconf 79' lang='lat' dir='ltr'>Surreye,</span> <span class='ocrx_word' id='word_1_642' title='bbox 2082 2908 2130 2942; x_wconf 89' lang='lat' dir='ltr'>qui</span> <span class='ocrx_word' id='word_1_643' title='bbox 2150 2907 2185 2934; x_wconf 84' lang='lat' dir='ltr'>de</span> <span class='ocrx_word' id='word_1_644' title='bbox 2208 2907 2341 2935; x_wconf 77' lang='lat' dir='ltr'>mandato</span> 
     </span>
    </p>
   </div>
   <div class='ocr_carea' id='block_1_20' title="bbox 2480 2126 2494 2285">
    <p class='ocr_par' dir='ltr' id='par_1_22' title="bbox 2480 2126 2494 2285">
     <span class='ocr_line' id='line_1_93' title="bbox 2480 2126 2494 2285; textangle 90"><span class='ocrx_word' id='word_1_645' title='bbox 2480 2180 2494 2285; x_wconf 47' lang='lat'>“³⁴</span> <span class='ocrx_word' id='word_1_646' title='bbox 2484 2126 2494 2151; x_wconf 61' lang='lat' dir='ltr'>qo</span> 
     </span>
    </p>
   </div>
   <div class='ocr_carea' id='block_1_21' title="bbox 2471 2438 2493 2757">
    <p class='ocr_par' dir='ltr' id='par_1_23' title="bbox 2471 2438 2493 2757">
     <span class='ocr_line' id='line_1_94' title="bbox 2471 2438 2493 2757; textangle 90"><span class='ocrx_word' id='word_1_647' title='bbox 2471 2693 2486 2757; x_wconf 52' lang='lat' dir='ltr'>m</span> <span class='ocrx_word' id='word_1_648' title='bbox 2471 2555 2490 2674; x_wconf 48' lang='lat'>05⁴⁶.-</span> <span class='ocrx_word' id='word_1_649' title='bbox 2477 2438 2493 2542; x_wconf 42' lang='grc' dir='ltr'>ειμι</span> 
     </span>
    </p>
   </div>
   <div class='ocr_carea' id='block_1_22' title="bbox 2450 2762 2489 3325">
    <p class='ocr_par' dir='ltr' id='par_1_24' title="bbox 2450 2762 2489 3325">
     <span class='ocr_line' id='line_1_95' title="bbox 2450 2762 2489 3325; textangle 90"><span class='ocrx_word' id='word_1_650' title='bbox 2450 2762 2489 3325; x_wconf 54' lang='grc' dir='ltr'>Μ,-</span> 
     </span>
    </p>
   </div>
  </div>
 </body>
</html>
