2498 3325
987 198 1216 236 DEUXOEME
1238 199 1398 236 ANNEE.
2186 208 2242 240 463

148 273 323 303 verborum
344 277 455 302 tenore
475 280 540 300 non
564 271 703 309 capitur,
723 280 781 301 nec
798 275 905 301 certas
924 272 1062 310 suscipit
1081 271 1154 301 lau-

148 326 226 355 dum
248 330 364 360 metas,
383 334 445 364 que
465 324 562 354 velud
586 325 751 354 immensa
775 324 933 354 laudandi
958 333 1154 362 superegre-

148 379 238 408 ditur
257 378 462 407 facultatem.
488 377 645 407 Restabat
669 377 782 414 igitur,
805 382 839 406 ut
862 377 955 407 vobis
977 377 1045 415 qni,
1068 377 1154 406 sicut

148 433 250 462 fortes
267 436 297 461 et
319 435 508 460 constantes
524 431 559 459 in
580 430 678 465 bello,
703 435 816 460 contra
832 431 978 460 Ecclesie
999 431 1154 460 adversa-

148 485 215 514 rios
233 484 376 514 viriliter
398 484 612 522 propugnatis
634 493 692 522 pro
716 484 894 522 apostolice
912 485 1006 514 Sedis
1029 484 1154 514 honore

148 547 185 567 ac
202 541 314 567 nostra
331 541 361 567 et
378 537 545 566 communi
561 537 666 575 patrie
678 537 842 572 libertate,
860 546 974 567 omnes
989 546 1071 575 quas
1084 546 1154 575 pos-

148 599 263 620 sumus
279 590 403 627 gratias
418 590 601 619 reseramus
618 593 648 619 et
665 589 857 619 studeamus
879 594 986 619 vestre
1009 589 1155 619 civitatis

147 643 306 672 honorem
335 642 451 679 gratiis
482 641 682 671 sublimibus
716 646 746 671 et
785 642 953 680 perpetuis
983 642 1153 680 ampliare.

149 695 234 724 Hinc
252 700 300 724 est
317 694 404 733 quod
424 703 495 729 nos,
521 694 640 724 vestris
665 694 964 732 supplicationibus
987 694 1153 729 inclinati,

148 747 395 777 concessionem
415 747 633 785 quorumdam
650 747 808 776 casalium
830 747 950 776 factam
966 747 1059 776 vohis
1075 756 1093 776 a
1109 747 1155 776 di-

147 800 231 830 lecto
247 800 316 829 filio
333 804 445 829 nostro
461 800 511 834 O„
533 800 651 829 Sancte
676 800 779 830 Marie
796 800 830 828 in
846 800 909 829 Yia
930 799 995 829 lata
1016 799 1154 829 diacono

148 853 320 888 cardinali,
341 857 418 882 tune
431 853 467 881 in
483 861 584 890 regno
602 853 716 883 Sicilie
733 852 910 890 apostolice
924 853 1018 883 Sedis
1033 852 1152 890 legato,

147 910 244 943 prout
259 905 293 933 in
314 905 420 943 ipsius
441 905 563 934 litteris
581 905 780 939 continetur,
806 909 912 935 ratam
933 905 1093 935 habentes
1117 914 1154 934 ac

149 958 344 987 auctoritate
373 957 554 996 apostolica
582 957 833 993 confirmantes,
863 959 1070 996 presentium
1098 967 1155 987 vo-

147 1011 200 1041 bis
219 1015 331 1041 tenore
350 1011 573 1046 concedimus,
592 1015 626 1040 ut
645 1011 742 1040 liceat
759 1011 852 1041 vobis
870 1011 1025 1049 deinceps
1046 1015 1155 1049 potes-

148 1068 260 1099 tatem,
279 1068 440 1094 rectorem
459 1073 518 1094 seu
534 1063 688 1094 consules
711 1064 751 1093 ad
771 1069 877 1094 vestre
900 1065 1049 1102 regimen
1073 1064 1155 1093 civi-

147 1115 227 1147 tatis
247 1126 429 1151 assumere,
454 1117 630 1147 dummodo
652 1117 766 1148 fideles
788 1121 819 1147 et
846 1117 980 1147 devotos
1008 1117 1155 1147 Ecclesie

149 1170 340 1205 assumatis,
359 1170 573 1208 precipiendo
594 1175 630 1200 ut
655 1179 769 1200 omnes
791 1170 843 1199 illi
865 1170 933 1209 qui,
952 1170 1156 1208 temporibus

149 1222 237 1253 clare
260 1223 419 1252 memorie
444 1223 591 1260 Rogerii,
611 1223 781 1260 ‚Willelmi
809 1223 909 1261 primi
935 1227 965 1253 et
991 1222 1156 1252 Willelmi

148 1275 287 1306 secundi
306 1279 335 1305 et
352 1275 517 1314 quondam
535 1276 701 1306 Frederici
721 1275 800 1305 olim
822 1276 1048 1313 Imperatoris,
1071 1275 1157 1305 Sici-

147 1328 191 1358 lie
202 1337 328 1366 regum,
345 1328 618 1361 tui-res.cortinas
631 1332 661 1358 et
675 1328 879 1358 barbacanas
893 1333 1000 1358 vestre
1010 1328 1156 1358 civitatis

149 1387 341 1411 construere
361 1390 397 1410 ac
414 1390 567 1419 reparare
585 1385 840 1416 consueverunt,
859 1381 899 1410 ad
916 1381 1070 1416 turrium,
1089 1390 1156 1410 cor-

151 1434 296 1463 tinarum
317 1438 347 1463 et
365 1433 626 1463 barbacanarnm
653 1434 798 1472 ipsarum
821 1434 1102 1464 constructionem
1125 1438 1156 1464 et

149 1486 404 1524 reparationem,
422 1494 550 1516 necnon
568 1490 598 1515 et
615 1485 666 1515 illi
683 1487 739 1524 qui
756 1486 797 1516 ad
817 1487 1010 1516 armandam
1029 1486 1156 1524 galeam

149 1539 294 1569 civitatis
311 1539 459 1577 ejusdem
475 1543 601 1568 certum
618 1539 876 1569 marinariorum
895 1548 1070 1569 numerum
1085 1548 1156 1578 pre-

148 1593 246 1622 dictis
267 1592 470 1630 temporibus
487 1592 580 1621 vobis
598 1592 730 1621 dabant.
749 1593 788 1622 ad
805 1593 1042 1631 pres-tationem
1058 1593 1156 1622 mari-

149 1645 319 1675 nariorum
342 1645 490 1683 ipsorum
511 1645 661 1675 decetero
684 1654 773 1676 more
795 1645 892 1676 solito
914 1650 1100 1680 teneantur,
1125 1650 1157 1675 et

151 1699 304 1737 potestati
329 1707 365 1728 ac
391 1697 557 1727 communi
583 1698 728 1728 civitatis
756 1699 862 1736 ipsius
886 1708 985 1737 super
1006 1699 1073 1729 hiis
1098 1708 1156 1737 pa-

150 1755 245 1780 reant
261 1756 291 1780 et
309 1750 494 1780 intendant.
514 1750 698 1780 Statuimus
715 1760 857 1790 quoque,
875 1756 911 1781 ut
928 1760 1042 1782 omnes
1058 1751 1156 1781 baro-

150 1812 209 1834 nes
233 1809 331 1842 atque
359 1803 542 1840 burgenses
569 1803 603 1832 in
636 1803 708 1841 ipsa
739 1804 873 1834 civitate
903 1804 1093 1834 habitantes
1117 1804 1157 1833 ad

149 1865 287 1895 presens
303 1860 334 1886 et
354 1855 515 1885 habentes
532 1864 570 1885 ac
592 1860 743 1886 tenentes
760 1856 883 1886 casalia
904 1862 935 1887 et
960 1857 1026 1887 alia
1045 1857 1155 1893 feuda,

152 1913 216 1939 tam
233 1909 268 1938 in
287 1908 454 1938 territorio
471 1908 616 1938 civitatis
633 1909 779 1947 predicte
795 1918 892 1948 quam
910 1909 1006 1946 alibi,
1028 1919 1046 1940 a
1063 1911 1159 1940 Man-

150 1961 242 1991 fredo
257 1960 423 1999 quondam
438 1960 587 1998 principe
603 1961 783 1990 Tarentino
800 1966 830 1992 et
847 1962 888 1991 ab
903 1962 969 1991 hiis
982 1963 1039 2001 qui
1051 1962 1158 1992 eidem

151 2013 324 2044 Mansredo
336 2013 708 2047 adherebant.‚R0mane
718 2014 864 2044 Ecclesie
884 2019 1010 2044 tantum
1026 2019 1159 2045 tenean-

152 2070 206 2096 tur
229 2075 287 2104 pro
309 2065 466 2103 predictis
490 2065 657 2095 casalibus
679 2070 710 2096 et
729 2067 839 2096 feudis
860 2067 1072 2105 aliquatenus
1089 2077 1159 2098 res-

151 2119 307 2158 pondere.
325 2118 544 2148 Decernimus
559 2119 707 2157 insuper,
721 2123 757 2149 ut
773 2129 888 2150 omnes
904 2120 955 2150 illi
971 2121 1010 2151 de
1027 2121 1160 2151 civitate

152 2176 274 2205 vestra,
292 2171 350 2210 qui
365 2171 512 2209 predicto
532 2172 704 2202 Manfredo
720 2173 918 2203 adherentes
937 2173 1111 2204 ecclesiam
1131 2178 1161 2204 et

153 2225 322 2254 civitatem
342 2224 474 2254 easdem
496 2229 663 2263 tamquam
681 2225 744 2254 filii
762 2226 942 2264 degeneres
965 2227 1161 2265 impugnare

152 2282 365 2316 presumunt,
391 2278 458 2307 sint
477 2277 516 2307 ab
533 2277 605 2316 ipsa
621 2278 754 2309 civitate
771 2285 928 2318 perpetuo
947 2280 1132 2310 forbanniti
1153 2291 1159 2310 :

152 2331 199 2360 ita
215 2331 302 2369 quod
318 2339 377 2360 nec
396 2330 471 2369 ipsi,
493 2339 552 2360 nec
569 2331 630 2360 filii
653 2336 684 2361 et
704 2331 844 2362 heredes
865 2341 979 2362 eorum
1001 2333 1042 2363 ad
1065 2333 1162 2363 habi-

153 2383 290 2413 tandum
306 2383 340 2412 in
357 2383 471 2413 eadem
487 2383 621 2414 civitate
639 2383 708 2414 ullo
721 2394 868 2423 unquam
883 2390 1028 2424 tempore
1047 2386 1162 2416 admit-

154 2440 276 2466 tantur.
316 2435 409 2466 Nulli
445 2440 506 2466 etc.
545 2441 657 2466 nostre
693 2437 957 2468 confirmationis
991 2443 1050 2468 etc.
1086 2439 1158 2468 Dat.

153 2489 316 2527 Anagnie,
336 2489 432 2518 nonis
450 2489 658 2527 septembris,
678 2498 764 2520 anno
782 2491 938 2521 secundo.
958 2503 970 2517 >⁷

230 2655 346 2682 1478

193 2715 307 2741 Dudum
331 2714 501 2748 Preterico,
526 2715 612 2749 priori
637 2715 667 2741 S.
693 2714 769 2741 Petri
793 2716 820 2742 in
839 2716 977 2748 Casti-llo,
995 2722 1023 2744 et
1039 2718 1164 2754 dompno

158 2764 273 2791 Abbati,
287 2764 426 2790 canonico
436 2763 577 2789 ecclesiae
590 2763 762 2797 Esculanac,
776 2766 970 2799 mandaverat,
983 2771 1012 2793 nt
1026 2767 1164 2793 Bitctcnsi

154 2812 293 2846 episcopo
310 2820 325 2837 a
347 2812 529 2838 monasteriis
548 2811 674 2837 diocesis
691 2811 850 2839 Esculanac
867 2814 893 2839 in
911 2814 932 2840 C
950 2815 1031 2841 libris
1049 2815 1162 2842 Raven-

158 2865 256 2886 natum
278 2860 405 2886 facerent
431 2859 584 2894 provideri.
604 2859 743 2887 Bitetensi
763 2866 859 2888 antem
880 2864 1018 2898 episcopo
1042 2869 1164 2897 mortuo,

631 2654 762 2688 Anagni,
782 2655 814 2682 22
831 2657 995 2690 septembre
1015 2657 1091 2683 12:16.

1236 271 1372 306 episcopo
1393 271 1536 298 Esculano
1559 272 1692 305 mandat,
1719 277 1748 299 ut
1768 273 1860 299 dictae
1881 273 1903 300 C
1923 274 2010 300 librae
2026 277 2173 302 annuatim
2191 277 2242 302 tri-

1235 320 1361 346 buantur
1377 321 1514 355 episcopo
1531 320 1761 355 Monopolnano,
1779 330 1863 356 quem
1883 322 1990 349 inimici
2008 323 2154 350 Ecclesiae
2176 334 2240 359 pro-

1236 374 1400 403 sequuntur
1428 369 1535 403 quique
1565 369 1598 395 ad
1626 370 1777 396 ecclesiam
1807 371 1899 405 ipsius
1929 380 1983 397 non
2015 377 2108 406 potest
2139 375 2240 401 redire.

1235 417 1318 450 (Rso.
1336 418 1410 447 ‘24st
1434 418 1504 448 ς200,
1521 427 1588 444 ann.
1606 418 1632 444 11
1646 440 1652 450 ,
1670 427 1694 445 c.
1713 419 1787 454 393⁴)

1279 530 1291 544 α
1319 541 1352 551 ..,
1377 520 1511 556 episcopo
1541 520 1703 549 Esculano.
1730 521 1813 550 Cum
1838 521 1968 551 dilectis
1992 522 2070 552 filiis
2093 539 2140 551 -.
2167 524 2240 552 Dat.

1236 571 1400 608 Anagnie,
1419 571 1450 601 X
1466 571 1624 602 kalendas
1641 573 1795 608 octobris,
1813 582 1900 603 anno
1917 575 2072 604 secundo.
2095 588 2107 601 »

1311 755 1426 783 ¹459

1272 816 1430 849 Everardo,
1453 818 1556 844 clerico
1576 819 1690 845 comitis
1709 820 1835 854 Hirsuti,
1852 821 2084 849 warmaciensis
2105 824 2242 856 diocesis,

1237 864 1444 891 ordinationem
1476 866 1578 892 factam
1615 867 1650 893 (le
1683 869 1800 902 speciali
1838 870 1970 896 mandato
2007 872 2165 905 apostolico
2195 881 2245 907 per

1236 912 1412 947 Hlugonein]
1427 935 1434 946 ‚
1467 915 1541 940 tituli
1571 915 1601 941 S.
1632 915 1755 943 Sabinae
1785 918 1984 953 presbyterum
1997 941 2003 953 ,
2034 924 2062 946 ct.
2091 920 2243 955 Pletrum]‚

1237 961 1268 988 S.
1295 961 1415 996 Georgii
1440 962 1475 988 ad
1505 962 1606 990 velum
1632 973 1751 991 aureum
1777 966 1929 994 diaconum
1956 968 2131 1002 cardinales,
2157 978 2245 1005 super

1237 1012 1405 1045 quaestione
1425 1020 1499 1046 quae
1522 1013 1684 1040 vertebatur
1706 1015 1781 1041 inter
1795 1024 1860 1042 eum
1877 1017 1926 1050 qui
1943 1017 2009 1044 olim
2026 1018 2117 1044 fuerat
2134 1019 2245 1046 electus

1238 1059 1265 1085 in
1292 1060 1477 1094 episcopum,
1499 1064 1527 1087 et
1555 1061 1764 1097 lRssbardumI,
1793 1064 2040 1092 W'armaciensem
2062 1067 2243 1102 episcopum,

1238 1107 1405 1141 confirmat,
1423 1113 1522 1135 tenore
1540 1110 1729 1138 ordinationis
1745 1113 1838 1146 ipsius
1854 1114 1981 1149 inserto,
1998 1123 2054 1149 quo
2070 1117 2246 1151 praecipitur

1239 1160 1271 1182 ut
1293 1156 1389 1183 dictus
1408 1157 1564 1192 episcopus
1583 1157 1629 1184 CL
1653 1160 1739 1186 libras
1754 1160 1985 1189 warmaciensis
2005 1168 2136 1190 monetae
2152 1165 2245 1192 eidem

1237 1205 1398 1237 Everardo,
1415 1206 1508 1240 quoad
1534 1207 1647 1240 vixerit,
1664 1210 1748 1235 annis
1772 1210 1897 1244 singulis
1917 1211 1951 1237 ad
1973 1211 2146 1239 discordiam
2170 1213 2246 1240 inter

1239 1254 1319 1288 ipsos
1339 1255 1517 1289 sopiendam,
1535 1256 1647 1290 integre
1671 1258 1824 1291 persolvat.
1844 1259 1926 1289 (Rae.
1942 1259 1985 1291 ⁶24,
2004 1261 2022 1287 f.
2039 1261 2101 1294 ⁶200,
2118 1271 2184 1288 ann.
2205 1261 2244 1294 II,

1238 1310 1264 1329 c.
1278 1302 1345 1333 394;
1366 1302 1512 1329 Porrnasr
1531 1304 1632 1335 16444;
1652 1304 1831 1337 Ronmneno,
1847 1311 1866 1333 t.
1884 1307 1934 1337 111.
1954 1317 1980 1342 p.
1999 1309 2060 1341 395,
2079 1311 2197 1344 110437.)

1791 760 1915 793 Anagni,
1936 761 1972 787 1²¹·
1984 761 2078 794 juillet
2096 761 2172 788 1255.

1281 1415 1293 1429 α
1310 1405 1474 1439 Everardo,
1488 1405 1597 1434 clerico
1613 1406 1723 1435 nobilis
1739 1409 1804 1436 'viri
1817 1431 1849 1442 ..,
1864 1411 1983 1438 comilis
1997 1411 2103 1445 Irszclz',
2122 1413 2244 1441 Varma-

1238 1457 1349 1485 ciensis
1365 1457 1501 1486 diocesis.
1520 1457 1611 1488 Licet
1628 1467 1665 1488 ea
1682 1468 1744 1497 que
1758 1476 1806 1488 —.
1820 1461 1893 1490 Dat.
1908 1463 2069 1500 Anagnie,
2093 1464 2244 1495 kalendis

1234 1509 1324 1548 julii,
1345 1519 1431 1540 anno
1445 1511 1501 1540 11⁰.
1520 1522 1532 1536 »

1313 1688 1428 1716 1480

1275 1748 1381 1775 Abbati
1397 1749 1432 1775 de
1449 1750 1532 1782 Alba,
1550 1749 1698 1784 Spirensis
1710 1751 1846 1783 diocesis,
1860 1753 1985 1786 mandat,
2000 1760 2028 1781 ut
2039 1756 2248 1784 ordinationem

1239 1796 1382 1823 dictorum
1406 1798 1594 1825 cardinalium
1617 1799 1652 1825 de
1674 1799 1818 1827 Everardo
1835 1806 1863 1828 et.
1878 1801 2094 1831 XVarmaciensi
2110 1806 2248 1841 episcopo

1239 1846 1355 1872 studeat
1371 1846 1544 1873 demandare
1555 1856 1588 1874 ac
1603 1849 1694 1883 ipsam
1710 1849 1794 1876 saciat
1807 1850 1926 1877 firmiter
1936 1851 2094 1880 observari.
2110 1853 2191 1887 (Rau.
2203 1855 2248 1888 24,

1240 1895 1260 1922 f.
1276 1895 1359 1927 200¹,
1377 1905 1443 1922 ann.
1462 1895 1499 1927 II,
1517 1905 1542 1923 c.
1561 1897 1633 1926 395.)

1789 1691 1914 1726 Anagni,
1936 1692 1971 1717 ler
1983 1693 2079 1727 Juillet
2097 1694 2174 1722 1256.

1284 2008 1298 2023 «
1321 1997 1428 2026 Abbati
1446 1998 1479 2026 de
1494 1999 1579 2034 Alba,
1604 2000 1807 2030 Cistertiensis
1830 2001 1963 2038 diocesis,
1984 2003 2138 2040 Spirensis
2153 2005 2252 2035 dioce-

1242 2050 1295 2079 sis.
1312 2049 1394 2080 Cum
1411 2051 1655 2082 ordinationem
1672 2052 1821 2083 habitam
1838 2069 1886 2082 -.
1908 2055 1982 2084 Dat.
2004 2057 2169 2095 Anagnie,
2191 2058 2251 2088 ka-

1242 2102 1351 2132 lendis
1365 2103 1453 2142 julii,
1472 2113 1558 2134 anno
1573 2106 1729 2135 secundo.
1750 2118 1762 2132 »

1319 2290 1429 2318 ¹48¹
1817 2293 1945 2328 Anagni,
1961 2293 1976 2320 4
1990 2294 2085 2328 Juillet
2105 2295 2182 2323 1256.

1280 2351 1493 2377 Archidiacono
1510 2351 1693 2379 Narbonensi
1718 2353 1843 2385 mandat,
1860 2355 2011 2389 quatinus,
2030 2357 2059 2383 in
2076 2365 2164 2384 causa
2180 2359 2255 2385 inter

1244 2398 1396 2425 sacristam
1414 2399 1650 2434 Magalonensem
1670 2405 1698 2427 et
1716 2401 1896 2429 Bet-nardum
1914 2403 2014 2438 Saul-i,
2029 2404 2177 2441 clericum,
2195 2410 2255 2433 tes-

1245 2449 1290 2471 tes
1304 2446 1469 2472 examinare
1485 2451 1620 2481 procuret
1636 2448 1710 2482 apud
1728 2448 2016 2484 Montepessulannm
2033 2456 2062 2479 et
2076 2452 2253 2481 Narbonam.

1248 2493 1328 2524 (ΠΕΟ.
1346 2494 1391 2525 ⁶24,
1408 2494 1426 2520 f.
1442 2494 1503 2528 ⁶201,
1521 2504 1587 2522 ann.
1609 2495 1647 2528 11,
1663 2505 1690 2524 c.
1707 2497 1793 2532 395².)

1289 2607 1300 2621 α
1320 2618 1353 2631 ..,
1372 2596 1592 2626 archidiacono
1605 2599 1805 2629 Narbonensi.
1819 2600 1902 2631 Cum
1916 2601 1951 2630 in
1963 2611 2074 2638 causa,
2090 2613 2153 2642 que
2169 2605 2257 2636 inter

1247 2647 1403 2677 dilectum
1425 2648 1532 2678 filium
1559 2673 1591 2685 ..,
1615 2651 1790 2681 sacristam
1812 2653 2097 2691 Magalonenscin,
2121 2661 2151 2687 ct
2175 2658 2255 2688 Ber—

1247 2701 1385 2730 nardurn
1405 2702 1518 2738 Sauri,
1539 2703 1697 2734 clericum
1717 2706 1963 2743 Magalonensis
1980 2708 2137 2745 diocesis,
2158 2720 2257 2749 super

1247 2754 1387 2784 ecclesia
1400 2756 1512 2785 Sancti
1526 2756 1699 2787 Michaelis
1712 2758 1750 2788 de
1764 2759 1924 2790 Mentillis
1936 2761 2085 2796 vertitur,
2100 2763 2257 2794 dilectum

1248 2807 1354 2836 lilium
1377 2813 1527 2838 nostrum
1544 2810 1594 2840 O..
1614 2812 1728 2841 Sancti
1747 2812 1884 2841 Adriani
1907 2813 2082 2843 diaconum
2104 2817 2256 2847 cardina-

1248 2859 1329 2896 lem,
1352 2861 1502 2899 partibus
1522 2862 1710 2893 dederimus
1734 2865 1933 2902 auditorem,
1960 2867 2053 2904 quia,
2078 2868 2136 2899 lite
2159 2878 2258 2908 super
