2441 3330
959 204 1181 240 PREMIERE
1203 204 1362 242 ANNEE.
2150 218 2204 247 119

184 278 271 306 394

149 339 270 365 Radulfo
286 339 321 364 de
337 338 507 364 Sumen-villa
523 338 635 370 acolito,
653 337 844 370 Glasguensis
859 337 995 370 diocesis,
1013 338 1047 363 de
1069 345 1117 363 so—

112 388 171 414 luto
186 392 214 413 et
230 387 323 413 soluta
335 387 394 420 jam
410 385 482 412 XIX
494 386 577 412 annis
593 389 668 417 nato,
681 385 838 419 dispensat,
853 389 883 411 ut
900 385 990 419 possit
1006 385 1032 411 in
1051 393 1119 411 sus-

112 435 203 471 ceptis
215 435 377 462 ministrarc
390 434 552 467 ordinibus,
567 434 727 468 promoveri
740 433 775 459 ad
791 434 862 459 alios
878 437 906 459 ct
921 434 1071 459 ecclesiam
1084 433 1118 459 de

112 484 233 510 Lintone
250 483 441 518 Glasguensis
457 483 583 509 diocesis
599 483 737 517 recipere.
755 481 838 515 (Rae.
850 482 896 513 24,
913 490 938 508 c.
957 482 1017 513 325,
1031 482 1050 507 f.
1064 482 1118 514 48.)

698 275 814 323 Naples,
830 275 861 301 ς21
881 275 950 301 avril
971 276 1045 301 1255.

154 598 166 612 ι(
185 586 312 621 Radulfo
328 585 361 613 de
373 585 561 613 Sumervilla
576 584 696 618 acolito,
713 583 904 620 Glasyuensis
920 583 1054 612 diocesis.
1072 583 1118 612 De

112 638 290 677 apostolica
304 637 399 667 Sedis
413 641 570 667 consueta
583 636 759 666 clementia
771 635 919 665 volentes
937 644 953 664 a
970 639 1000 664 te
1018 635 1119 664 adimi

112 695 222 721 notam
245 690 385 728 originis
408 699 507 728 quam
525 689 621 727 culpa
639 693 771 718 tuorum
789 687 903 717 intulit
919 678 1116 725 genitorum,

112 748 220 774 tecum
250 742 445 772 auctoritate
478 741 657 780 apostolica
688 741 936 778 dispensamus,
968 744 1019 773 ut,
1054 748 1119 769 non

112 795 263 826 obstante
284 794 371 833 quod
388 798 481 832 pater
500 798 576 823 tuus
598 793 725 823 solutus
746 797 777 822 te
796 793 834 822 de
851 792 958 822 soluta
974 792 1119 830 suscepit

111 853 143 879 et
159 848 246 887 quod
261 847 384 886 pateris
400 847 435 876 in
452 846 625 876 ordinibus
642 851 673 876 et
689 850 774 876 etate
791 846 966 879 defectum,
982 855 1057 875 cum
1073 845 1119 875 sis

110 901 146 930 in
163 909 249 931 anno
264 901 363 935 XIX,
382 899 467 929 sicut
485 899 616 933 dicitur,
636 898 851 933 constitutus,
869 898 977 936 possis
994 898 1028 926 in
1045 907 1119 928 sus-

111 953 214 992 ceptis
237 953 429 982 ministrare
452 951 637 986 ordinibus,
661 950 847 989 promoveri
870 950 910 980 ad
930 959 1044 980 omnes
1066 959 1120 980 sa-

111 1015 183 1036 cros
204 1009 235 1035 et
255 1005 430 1035 ecclesiam
445 1004 484 1034 de
500 1004 641 1034 Lintone
658 1012 771 1033 curam
787 1003 975 1033 animarum
993 1003 1120 1033 haben-

112 1063 194 1094 tem,
217 1057 436 1096 Glasguensis
457 1057 616 1092 diocesis,
635 1056 675 1087 ad
693 1066 793 1095 quam
812 1060 983 1086 vacantem
1007 1065 1023 1085 a
1042 1064 1119 1085 vero

111 1115 249 1150 patrono
272 1111 378 1149 ipsius
403 1110 467 1140 loci
488 1110 663 1140 diocesano
686 1109 797 1144 fuisti,
824 1113 919 1147 prout
945 1108 1117 1143 asseritur7

111 1167 332 1203 presentatus,
346 1163 437 1193 licite
450 1163 597 1201 recipere
611 1172 648 1192 ac
658 1162 762 1192 libere
776 1162 931 1192 retinere.
947 1162 997 1191 Ita
1009 1165 1119 1191 tamen

113 1217 210 1256 quod,
234 1220 409 1255 postquam
430 1215 622 1254 perveneris
647 1215 687 1245 ad
712 1218 832 1245 etatem
856 1214 1054 1252 legitimam.
1080 1213 1121 1243 ad

112 1270 245 1301 ordines
262 1278 343 1308 quos
359 1269 466 1307 ipsius
481 1268 618 1298 ecclesie
635 1277 713 1298 cura
728 1268 869 1306 requirit
883 1272 914 1297 te
930 1268 1034 1297 facias
1049 1276 1119 1305 pro-

112 1323 249 1353 moveri.
274 1321 366 1352 Nulli
392 1326 452 1352 etc.
477 1325 588 1351 nostre
616 1321 757 1351 diocesis
781 1326 841 1351 etc.
866 1322 939 1350 Dat.
968 1320 1118 1360 Neapoli,

111 1377 160 1406 XI
172 1375 331 1406 kalendas
346 1376 437 1410 maii,
456 1384 543 1405 anno
558 1375 676 1413 primo.
694 1387 706 1400 »

178 1554 265 1583 395

144 1617 288 1652 Episcopo
300 1616 428 1643 Cumano
445 1615 570 1646 mandat,
581 1615 718 1649 quatinus
734 1615 868 1640 homines
881 1613 1120 1648 Pergamensium

109 1666 235 1694 civitatis
256 1671 283 1692 et
305 1666 446 1698 diocesis,
468 1665 536 1691 olim
557 1664 712 1691 Frederico
737 1667 766 1690 et
785 1663 916 1690 Conrado
938 1666 1038 1690 contra
1059 1663 1119 1689 Ro-

109 1724 221 1742 manam
239 1715 396 1741 Ecclesiam
413 1714 585 1740 adherentes
602 1712 725 1747 ideoque
744 1712 1022 1743 excommunicatos,
1043 1720 1119 1738 nunc

109 1769 204 1791 autem
230 1764 264 1790 ad
293 1763 502 1798 beneplacitum
525 1762 672 1788 Ecclesiae
697 1761 787 1788 redire
814 1762 955 1794 volentes,
978 1761 1117 1788 absolvat.

109 1813 193 1847 (Rae.
210 1813 253 1843 24,
271 1821 296 1839 c.
316 1813 374 1843 3‘27,
394 1812 412 1838 f.
430 1812 486 1845 48.)

694 1551 810 1586 Naples,
828 1552 860 1577 ‘27
880 1552 949 1577 avril
970 1551 1046 1577 1‘255.

153 1927 166 1942 (ι
247 1916 381 1952 episcopo
402 1914 550 1943 Cumavw.
571 1913 616 1942 Ex
632 1917 723 1951 parte
740 1912 904 1942 nobilium
920 1913 1067 1942 virorum
1083 1935 1118 1948 ..‚

111 1968 295 2007 potestat-is7
314 1967 499 1997 communis
516 1970 547 1996 et
562 1966 736 1996 hominum
753 1965 1027 2003 pergamensium
1044 1966 1120 1995 civi-

112 2021 190 2051 tatis
213 2026 243 2051 et
267 2020 424 2055 diocesis,
442 2019 506 2049 fuit
522 2019 618 2049 nobis
636 2018 810 2048 humiliter
831 2018 1067 2056 supplicatum.
1086 2023 1121 2048 ut

113 2074 162 2104 eis
175 2074 215 2103 ad
227 2073 420 2102 mandatum
435 2076 465 2102 et
478 2071 723 2110 beneplacitum
735 2071 881 2101 Ecclesie
893 2071 1001 2101 redire
1012 2071 1121 2101 volen-

113 2126 202 2156 tibus
225 2126 264 2155 ab
285 2124 636 2155 excommunicationis
657 2128 687 2153 et
709 2124 878 2153 interdicti
894 2124 1070 2154 sententiis
1086 2124 1121 2153 in

113 2180 203 2218 ipsos
225 2183 255 2208 et
275 2187 389 2208 eorum
407 2182 512 2207 terras
531 2176 731 2215 generaliter
747 2181 777 2206 et
794 2176 993 2215 specialiter,
1011 2186 1068 2214 pro
1086 2186 1123 2206 eo

113 2233 201 2272 quod
220 2233 272 2262 Fr.
294 2235 324 2261 et
343 2231 378 2262 C.
396 2234 473 2260 nato
489 2231 560 2270 ejus
576 2230 790 2268 ipsorumque
806 2230 993 2259 fautoribus
1010 2234 1121 2259 contra

114 2287 299 2315 Romanam
313 2283 495 2314 Ecclesiam
510 2283 723 2318 adheserunt,
737 2283 931 2312 auctoritate
944 2283 1123 2321 apostolica

112 2343 143 2369 et
166 2347 223 2376 per
244 2346 303 2367 nos
325 2346 361 2366 ac
380 2336 490 2366 felicis
510 2335 750 2366 recordationis
766 2336 796 2369 Ι,
814 2344 932 2374 papam
950 2336 1123 2374 predeces-

113 2399 221 2421 sorem
246 2394 396 2419 nostrum
421 2389 521 2419 etiam
548 2388 783 2427 promulgatis,
806 2388 1040 2418 mandaremus
1066 2397 1123 2426 per

113 2443 332 2473 absolutionis
351 2442 550 2472 heneficium
571 2442 748 2480 provideri.
767 2442 852 2477 Quia
873 2442 975 2480 igitur
996 2451 1032 2472 ex
1054 2451 1123 2471 ma—

112 2497 173 2527 tris
188 2496 363 2526 clementia
376 2495 527 2534 provenit
544 2494 790 2525 offendentibus
807 2494 886 2524 filiis
903 2494 1123 2524 misericordi-

114 2554 164 2580 ter
180 2549 364 2587 indulgere,
379 2549 606 2588 praesentium
626 2548 685 2577 tibi
702 2547 897 2577 auctoritate
915 2547 1120 2582 mundaum>-y

116 2603 289 2641 quatinus,
311 2610 385 2631 cum
406 2601 484 2631 dicti
507 2605 651 2639 potestas
671 2605 701 2630 et
723 2609 897 2630 commune
918 2600 1124 2638 prestitcrint

115 2655 242 2694 precise
259 2659 288 2685 et
307 2654 378 2684 sine
395 2653 507 2691 aliqua
523 2653 712 2682 conditione
728 2652 766 2682 dc
783 2652 927 2691 parendo
944 2662 1042 2690 super
1060 2652 1124 2682 titis

91 2742 94 2745 Ι
115 2707 279 2737 mandatis
298 2706 442 2737 E‹·clesie
462 2706 495 2734 in
518 2706 583 2734 tuis
604 2705 758 2734 manibus
775 2705 1013 2744 juramentum,
1037 2705 1125 2742 ipsos

116 2764 146 2790 et
163 2769 276 2790 eorum
293 2759 455 2789 homines,
476 2762 579 2787 terras
597 2762 627 2787 et
643 2757 713 2787 loca
729 2767 786 2795 per
804 2762 832 2787 10
851 2757 900 2786 rel
918 2757 1020 2787 alium
1033 2758 1126 2796 juxta

117 2813 254 2842 formam
271 2811 415 2841 Eut-lesit:
430 2822 447 2840 a
461 2811 587 2849 prefata
600 2810 951 2840 excommunicationis
961 2810 1126 2839 sententia

119 2865 379 2895 misericorditer
405 2863 574 2893 absolvo-re
599 2862 731 2892 studeas
756 2871 790 2891 ac
816 2862 934 2900 prefati
960 2861 1127 2891 interdicti

1201 278 1401 307 sententiam
1418 279 1487 308 vice
1505 284 1617 309 nostra
1637 280 1873 310 deliberatione
1890 282 2023 318 provida
2044 282 2201 312 relaxare.

1200 330 1274 358 Dat.
1293 331 1442 368 Neapoli.
1457 333 1485 361 V
1500 332 1658 362 kalendas
1675 333 1765 367 maii,
1784 342 1869 362 anno
1886 334 2000 371 primo.
2022 347 2034 360 »

1271 499 1358 526 39ss

1236 558 1368 589 Nicolao,
1386 561 1555 587 cancellario
1571 562 1709 587 ecclesiae
1724 562 1876 593 Tullensis,
1894 564 2031 597 indulget,
2052 569 2080 591 ut
2095 566 2203 591 consti-

1200 608 1272 633 tutio
1288 616 1340 634 sua
1355 608 1514 634 decernens
1536 610 1632 636 irritas
1647 614 1674 636 ct
1691 611 1791 637 inanes
1806 612 1985 645 receptiones
2001 613 2203 639 canonicorum

1200 655 1227 681 in
1245 657 1421 690 quibuslibet
1436 658 1584 689 ecclesiis,
1602 663 1725 691 quatuor
1741 660 1831 693 primo
1853 660 1974 694 receptis
1992 661 2018 686 in
2036 661 2107 694 ipsis
2123 661 2204 687 dum-

1201 708 1278 730 taxat
1294 706 1436 739 exceptis,
1456 706 1563 731 nullum
1581 707 1606 732 ei
1623 707 1831 741 praejudicium
1849 712 1978 741 generet,
1999 718 2052 734 non
2074 710 2204 736 obstante

1201 752 1276 786 quod
1296 753 1391 786 plures
1411 762 1495 787 quam
1513 757 1636 787 quatuor
1656 758 1720 780 ante
1741 755 1819 781 illum
1836 756 1864 781 in
1880 756 2001 782 ecclesia
2017 757 2142 783 Tulit—nsi
2160 766 2203 783 re-

1201 801 1275 835 cepti
1291 802 1392 827 sintin
1409 802 1576 828 canonicos.
1592 802 1676 834 (Res.
1695 803 1736 834 21,
1755 811 1779 829 c⁴
1797 803 1857 836 328,
1874 804 1892 829 f.
1911 804 1979 836 ΦΨ.)

1781 502 1903 537 Naples,
1919 503 1951 528 Ξῖ
1968 504 2037 529 avril
2057 505 2132 531 1:³55.

1244 913 1257 927 (ι
1274 903 1407 936 Nicolao,
1426 904 1610 931 cancellario
1626 905 1743 932 ecclesie
1761 905 1919 933 Tullensis.
1937 906 1975 934 In
1992 909 2102 934 nostra
2115 914 2205 935 cons-

1202 954 1320 984 titutus
1336 955 1514 992 presentia,
1535 955 1680 985 retulisti
1697 957 1794 995 quod,
1814 961 1854 992 te,
1875 958 2069 988 auctoritate
2084 958 2206 988 littera-

1201 1001 1277 1036 rum
1291 1007 1400 1037 felicis
1417 1008 1655 1038 recordationis
1672 1011 1698 1039 Ι.
1718 1019 1811 1048 pape,
1832 1010 2073 1048 predecessoris
2090 1012 2204 1047 nostri,

1201 1060 1359 1090 canonice
1376 1064 1505 1098 recepto
1522 1061 1555 1090 in
1579 1062 1719 1091 ecclesia
1738 1062 1887 1092 Tullensi
1907 1063 1941 1092 in
1963 1064 2158 1093 canonicum
2177 1069 2205 1094 et

1201 1113 1237 1142 in
1253 1113 1400 1148 fratrem,
1419 1114 1551 1143 tandem
1568 1115 1769 1144 venerabilis
1783 1116 1885 1145 frater
1902 1120 2012 1145 noster
2026 1139 2059 1151 ..,
2077 1116 2206 1146 Tullen-

1202 1166 1248 1196 sis
1267 1166 1450 1204 episcopus,
1467 1171 1638 1196 vacantem
1650 1167 1882 1197 cancellariam
1897 1168 2043 1206 ejusdem
2057 1169 2205 1204 ecclesie,

1202 1219 1346 1248 conferri
1373 1223 1483 1249 tamen
1508 1220 1613 1257 ipsius
1641 1221 1778 1251 ecclesie
1805 1222 1974 1251 canonicis
2004 1227 2204 1258 consuetam,

1202 1271 1264 1300 tibi
1280 1276 1375 1309 prout
1396 1272 1564 1309 spectabat
1586 1273 1626 1302 ad
1648 1282 1723 1302 eum
1743 1273 1835 1303 duxit
1855 1274 2012 1303 canonice
2035 1275 2206 1304 conseren-

1203 1324 1288 1354 dam.
1303 1325 1428 1354 Verum
1446 1333 1521 1354 cum
1538 1329 1571 1354 tu
1584 1325 1618 1354 in
1635 1326 1749 1355 eadem
1767 1326 1904 1356 ecclesia
1923 1336 1988 1356 non
2005 1328 2050 1357 sis
2067 1328 2206 1365 preben-

1203 1377 1277 1406 dam
1294 1377 1399 1406 adhuc
1416 1377 1562 1415 aliquam
1581 1383 1751 1408 assecutus
1774 1383 1803 1408 et
1825 1379 1935 1417 plures
1952 1389 2050 1418 quam
2066 1385 2206 1418 ‹eluatuor

1202 1434 1278 1459 ante
1295 1433 1325 1459 te
1341 1430 1464 1467 recepti
1481 1430 1548 1459 sint
1565 1431 1598 1459 in
1616 1431 1791 1461 canonicos
1809 1432 1843 1461 in
1860 1432 1998 1462 ecclesia
2014 1437 2203 1467 memorata,

1202 1491 1238 1512 ac
1265 1491 1323 1511 nos
1344 1483 1550 1521 receptiones
1573 1484 1807 1514 canonicorum
1829 1485 1864 1514 in
1883 1485 2086 1523 quibuslibet
2103 1486 2206 1516 eccle—

1202 1536 1281 1570 siis,
1303 1537 1395 1566 ΙΙΙΙῦΓ
1417 1536 1522 1574 primo
1546 1537 1686 1575 receptis
1706 1537 1742 1566 in
1764 1538 1845 1575 ipsis
1869 1538 2025 1568 duntaxat
2044 1539 2203 1576 exeeptis.

1200 1588 1408 1618 decrevimus
1427 1589 1538 1618 irritas
1556 1593 1587 1619 et
1600 1589 1728 1624 inanes,
1746 1590 1911 1627 provideri
1926 1591 1985 1619 tibi
2004 1600 2102 1628 super
2115 1591 2174 1620 hoc
2190 1600 2203 1620 a

1201 1641 1297 1671 nobis
1310 1641 1483 1671 humiliter
1500 1642 1684 1679 postulasti.
1700 1643 1768 1672 Nos
1785 1643 1887 1680 igitur
1904 1643 2110 1672 attendentes
2122 1643 2206 1681 quod

1200 1693 1375 1731 indignum
1393 1694 1546 1724 existeret
1566 1699 1596 1724 et
1614 1695 1775 1725 absonum
1793 1695 1925 1730 rationi,
1945 1696 1972 1725 si
1989 1700 2034 1730 tu,
2057 1696 2113 1734 qui
2130 1704 2207 1725 can-

1201 1746 1355 1777 cellarius
1377 1756 1426 1781 es,
1454 1747 1621 1785 prebenda
1643 1756 1772 1777 careres
1801 1757 1875 1777 cum
1898 1748 1945 1777 sic
1971 1748 2207 1786 quodammodo

1200 1808 1342 1829 vacuum
1354 1790 1545 1829 cancellarii
1562 1800 1695 1830 nomine
1707 1810 1819 1838 gerere
1832 1801 1993 1835 videritis,r
2011 1801 2075 1830 tuis
2088 1800 2205 1838 suppli-

1202 1852 1389 1882 cationibus
1408 1852 1578 1885 inclinati,
1598 1857 1632 1882 ut
1650 1862 1707 1891 per
1727 1853 1917 1892 hujusmodi
1939 1853 2206 1882 constitutionem

1203 1910 1350 1935 nostram
1367 1905 1495 1935 nullum
1509 1905 1568 1934 tibi
1581 1906 1801 1944 prejudicium
1815 1910 2000 1943 generetur,
2016 1906 2208 1935 ancharitan-

1203 1958 1264 1988 tibi
1286 1958 1493 1997 presentium
1515 1958 1727 1996 indulgemus
1746 1969 1752 1987 2
1777 1959 1990 1988 decernentes
2011 1959 2048 1988 sle
2071 1960 2206 1987 fratrum

1204 2015 1393 2041 nostrorum
1411 2011 1549 2040 consilio
1567 2011 1627 2039 tibi
1644 2011 1756 2041 deberi
1770 2011 1970 2049 prebendam
1984 2021 2081 2049 quam
2093 2011 2208 2049 quinto

1203 2066 1273 2096 loco
1292 2071 1363 2104 post
1380 2066 1651 2095 constitutionem
1672 2066 1819 2096 eamdem
1844 2075 1958 2095 vacare
1982 2066 2156 2100 contin-erit
2174 2066 2205 2094 in

1204 2119 1344 2149 ecclesia
1360 2122 1550 2148 memorata.
1576 2118 1667 2148 Nulli
1689 2123 1749 2148 etc.
1775 2123 1884 2148 nostre
1903 2118 2126 2148 concessionis
2147 2122 2206 2147 etc.

1204 2173 1276 2202 Dat.
1298 2176 1457 2209 utsupra.
1480 2184 1491 2197 >³

1276 2355 1360 2383 392

1242 2417 1372 2451 Capitulo
1396 2416 1543 2442 Pactensis
1568 2416 1706 2442 ecclesiae
1725 2415 1848 2448 mandat,
1866 2416 2002 2449 quatinus
2020 2415 2207 2441 obedientiam

1206 2465 1334 2493 intendat
1351 2465 1383 2491 Β.
1399 2464 1434 2491 de
1448 2465 1546 2491 ordine
1566 2464 1795 2490 Praedicatorum
1811 2464 1839 2490 in
1856 2462 2024 2498 episcopum
2044 2463 2208 2490 Pactenseni

1790 2353 1909 2388 Naples,
1930 2354 1958 2380 17
1974 2354 2042 2379 avril
2064 2354 2136 2381 1255.

1206 2516 1240 2541 ab
1258 2514 1425 2541 Innocentio
1442 2513 1482 2540 lV
1505 2514 1648 2548 praefecto
1665 2517 1692 2539 ct
1712 2522 1727 2539 a
1748 2521 1778 2539 se
1799 2516 1982 2543 consecrato,
2002 2521 2055 2538 non
2080 2513 2209 2538 obstamu-

1207 2563 1386 2599 opposttione
1402 2571 1417 2588 a
1435 2562 1574 2597 Phylippo
1595 2563 1643 2596 qui
1660 2570 1691 2587 se
1714 2571 1763 2596 pro
1788 2561 1919 2588 Pac-tensi
1940 2562 2056 2595 gerebat
2075 2562 2209 2596 episcopt»

1207 2614 1294 2642 facta,
1313 2612 1412 2637 codem
1436 2611 1590 2645 phylippo,
1609 2611 1657 2644 qui
1679 2611 1704 2636 in
1722 2611 1866 2637 audientia
1883 2619 1970 2644 papae
1992 2610 2103 2644 publica
2121 2618 2209 2644 usqu«-

1207 2660 1241 2686 ad
1258 2660 1332 2686 diem
1349 2659 1520 2685 dominicam
1539 2659 1566 2685 10
1586 2659 1684 2685 [tamis
1703 2659 1857 2693 palmarum
1878 2659 1982 2685 citatus
2003 2663 2076 2689 erat,
2096 2659 2209 2684 101011ον

1208 2712 1390 2742 comparente
1420 2716 1529 2733 necnon
1566 2708 1677 2733 nemine
1712 2711 1809 2733 contra
1844 2707 1877 2732 Β.
1908 2707 2012 2741 aliquid
2047 2707 2196 2740 objicicntc

1208 2757 1289 2789 (Huc.
1310 2756 1352 2787 2³4,
1369 2765 1394 2782 c.
1415 2757 1475 2788 329,
1491 2757 1509 2783 s.
1530 2756 1594 2787 iSV.)

1253 2871 1264 2883 ιι
1286 2859 1423 2895 Capitale
1441 2858 1590 2885 l’w-zensis
1609 2858 1735 2885 ervlesic.
1754 2856 1839 2885 olim
1857 2856 1960 2885 [sse-liris
1976 2856 2209 2884 recordationi>
