2498 3325
0 3111 9 3153 ..-
0 3089 2 3100 ἡ
0 3059 4 3077 .-
0 2998 8 3041 ..fl

159 290 176 305 Σ)

144 343 176 1300 δυῧῧιὲυὲἕθδῧθδὲθυὲἕῦ

158 1391 182 2879 Όυδυυυῦὓῧδδθὲυὲθδυθυῧδδ888588

999 201 1230 240 DEUXIEME
1250 200 1408 238 ΑΝΝΕΕ.
2197 210 2253 240 443

200 278 322 308 litteris
339 278 373 307 in
390 277 566 312 mandatis,
579 280 615 306 ut
632 276 803 306 eeclesiam
818 277 856 306 de
873 277 1067 314 VVingrave,
1082 275 1166 304 dicte

199 330 446 360 Lineolniensis
477 329 636 365 diocesis,
669 339 767 368 quam
792 330 879 359 idem
909 329 1099 367 capellanus
1127 328 1167 357 ad

198 384 478 422 presentationem
497 391 610 412 eorum
628 386 831 420 spectantem
847 382 989 416 obtinet,
1010 390 1084 411 cum
1102 380 1167 410 alia

199 436 329 465 meliori
350 435 497 473 proximo
518 438 674 464 vacatura
694 434 734 463 ad
755 444 867 464 eorum
886 434 1167 472 presentationem

200 492 384 526 spectante,
401 492 602 516 commutare
617 491 788 523 curarent,
811 487 904 516 illam
926 486 1166 515 nichilominus

199 540 370 570 donationi
387 539 564 578 apostolice
581 539 791 574 reservando,
806 540 907 569 iidem
923 539 1024 568 abbas
1042 543 1072 568 et
1088 547 1166 568 con-

200 597 319 622 ventus
332 592 505 622 ecclesiam
520 592 557 621 de
570 591 795 625 Horteburne,
811 591 1047 621 Dunelmensis
1061 591 1166 620 dioce-

201 645 264 681 sis,
284 646 323 674 ad
338 645 484 683 ipsorum
499 644 778 682 presentationem
796 648 1008 682 spectantem,
1026 648 1166 681 postmo-

201 697 279 726 dum
296 707 353 735 per
375 702 513 726 mortem
527 698 581 731 H.,
599 696 706 734 ipsius
722 697 875 730 rectoris,
894 701 1080 731 vacantem,
1102 696 1167 726 sibi

200 758 275 779 cum
292 749 438 787 predicta
453 749 592 778 ecclesia
608 749 646 778 de
660 749 842 786 XVingrave
861 753 1062 778 commutare
1077 758 1167 778 recu-

200 806 336 833 sarunt:
362 802 441 839 quin
466 802 575 837 immo,
604 810 676 831 eam
700 810 814 830 mense
837 810 905 835 sue,
931 800 1105 839 [quamvis]
1128 801 1167 830 de

199 854 285 882 facto
308 862 382 882 cnm
406 853 444 883 de
465 854 539 892 jure
562 862 627 882 non
652 857 797 890 possent,
826 853 1009 882 temeritate
1035 853 1167 890 propria

200 907 409 944 deputarunt.
430 906 537 941 Quare
556 905 638 943 petit
654 905 792 935 eandem
809 904 982 934 ecclesiam
1000 905 1063 934 sibi
1078 905 1167 944 adju-

200 958 323 993 dicari,
352 962 382 987 et
408 958 566 995 predictis
599 957 710 986 abbati
737 961 768 986 et
791 957 968 986 conventui
999 966 1098 995 snper
1130 967 1168 987 ea

200 1015 396 1049 perpetuum
415 1010 586 1040 silentium
613 1009 755 1048 imponi,
783 1013 813 1038 et
836 1009 876 1038 ad
892 1018 925 1039 se
942 1018 999 1047 per
1024 1014 1167 1039 vestram

200 1063 400 1092 sententiam
418 1066 565 1100 spectare
586 1061 735 1097 decerni,
761 1066 791 1091 et
811 1061 942 1091 eosdem
966 1061 1118 1091 abbatem
1137 1066 1168 1092 et

200 1120 397 1145 conventum
417 1116 452 1144 111
480 1115 633 1152 expensis
655 1119 686 1144 et
711 1115 876 1144 fructibus
898 1115 1005 1144 medio
1023 1119 1167 1153 tempore

199 1168 379 1206 perceptis,
398 1176 480 1206 quas
498 1167 633 1197 extimat
650 1167 850 1205 quingentas
868 1176 1011 1202 marcas,
1038 1177 1095 1205 per
1111 1176 1168 1197 vos

199 1220 445 1251 sententialiter
458 1219 704 1258 condempnari,
720 1219 892 1258 salvojure
908 1220 1049 1249 addendi
1062 1225 1093 1249 et
1106 1220 1169 1249 mi-

199 1274 336 1303 nuendi.

201 1338 215 1352 n
240 1326 312 1355 Lite
334 1326 437 1363 igitur
462 1334 561 1363 super
582 1324 695 1354 libello
712 1324 903 1363 hujusmodi
923 1325 1071 1363 legitime
1091 1335 1170 1356 con-

201 1383 331 1413 testata,
346 1383 375 1407 et
391 1378 514 1407 auditis
528 1378 708 1407 summarie
721 1386 784 1416 que
801 1377 969 1407 hincinde
987 1387 1169 1416 proponere

200 1436 310 1470 partes
324 1431 497 1460 voluerunt
515 1440 624 1460 coram
638 1431 744 1466 nobis,
759 1431 799 1460 ad
811 1431 933 1460 bonum
948 1432 1037 1469 pacis
1050 1436 1080 1461 et
1096 1441 1169 1461 con-

201 1484 311 1514 cordie
329 1484 591 1523 interposuimus
609 1484 785 1513 efficaciter
800 1488 910 1521 partes
930 1488 1071 1514 nostras.
1090 1486 1170 1515 Pre-

199 1537 281 1566 dicti
300 1546 376 1565 vero
399 1536 589 1574 capellanus
609 1540 639 1566 et
657 1540 860 1574 procurator,
879 1537 1002 1566 nostris
1020 1537 1170 1575 acquies-

200 1592 313 1619 centes
330 1588 532 1618 salutaribus
551 1588 687 1617 monitis
707 1592 737 1617 et
754 1588 901 1618 volentes
918 1589 1022 1619 vitare
1040 1589 1170 1620 labores

201 1645 233 1671 et
250 1650 410 1679 expensas
427 1650 490 1679 que
507 1645 751 1670 consueverunt
768 1650 804 1670 ex
819 1641 1036 1680 judicialibus
1051 1643 1171 1681 strepi-

201 1694 291 1724 tibus
315 1694 464 1730 evenire,
491 1698 521 1723 et
544 1694 715 1732 cupientes
743 1694 951 1732 questionem
978 1694 1171 1734 hujusmodi

200 1746 377 1776 concordia
391 1746 574 1781 terminari,
590 1750 701 1775 nostre
717 1746 931 1781 ordinationi,
946 1747 1129 1784 provisioni
1141 1752 1172 1778 et

200 1798 395 1828 diffinitioni
412 1807 446 1828 se
462 1798 668 1828 unanimiter
681 1801 712 1827 et
727 1798 914 1828 voluntarie
930 1799 1170 1830 submiserunt.

200 1852 270 1882 Nos
289 1860 376 1886 vero,
395 1850 556 1880 habentes
579 1859 597 1880 a
618 1850 750 1880 domino
766 1860 850 1889 papa
870 1851 1012 1889 speciale
1034 1853 1172 1882 manda-

201 1907 283 1939 tum,
302 1903 510 1942 questionem
525 1902 706 1941 predictam
719 1911 777 1941 per
791 1903 1046 1939 ordinationem,
1063 1905 1173 1942 provi-

202 1956 342 1991 sionem,
366 1955 639 1993 compositionem
656 1959 687 1985 et
705 1955 938 1986 diffinitionem
957 1965 994 1986 ac
1010 1957 1086 1987 aliis
1102 1967 1172 1988 nio-

202 2008 265 2041 dis,
282 2012 376 2046 prout
394 2007 490 2036 nobis
504 2007 613 2036 visum
626 2007 722 2042 foret,
738 2007 940 2037 terminandi
955 2012 985 2037 et
997 2009 1172 2047 supplendi

203 2061 368 2091 desectum
385 2060 532 2089 mandati
549 2060 773 2098 procuratoris
790 2061 920 2098 prefati,
941 2061 1023 2090 visis
1039 2062 1172 2100 juribus

201 2114 348 2152 partium
373 2117 403 2142 et
431 2112 554 2142 auditis
579 2112 766 2142 rationibus
792 2113 972 2142 earundem
998 2123 1035 2143 ac
1059 2114 1173 2144 habito

204 2176 304 2204 super
322 2166 387 2194 hiis
401 2165 487 2203 juris
505 2165 686 2202 peritorum
703 2165 858 2201 consilio,
878 2166 957 2204 quia
973 2171 1038 2195 tam
1055 2176 1113 2204 per
1126 2167 1174 2197 le-

203 2219 321 2257 gitima
337 2218 534 2247 documenta
551 2226 649 2255 quam
665 2226 723 2255 per
739 2218 983 2248 confessionem
997 2219 1100 2257 partis
1117 2220 1174 2249 ad-

203 2280 298 2301 verse
324 2270 419 2299 nobis
438 2270 588 2299 constitit
603 2269 785 2307 predictam
804 2270 978 2300 ecclesiam
995 2271 1033 2301 de
1054 2273 1174 2302 Horte-

204 2323 321 2358 hurne,
338 2323 533 2352 auctoritate
553 2322 752 2352 venerabilis
768 2323 871 2360 patris
888 2346 920 2358 ..,
937 2323 1173 2355 Dunelmensis

204 2375 361 2414 epist-opi,
380 2374 548 2404 diocesani
565 2374 639 2409 loci,
657 2375 853 2404 monasterii
871 2375 984 2405 Sancti
1000 2376 1122 2406 Albani
1138 2377 1173 2406 in

203 2438 286 2459 usus
303 2428 452 2466 proprios
472 2428 542 2457 sore
565 2436 777 2464 concessum,
797 2432 886 2457 certa
903 2432 934 2458 et
953 2438 1099 2465 congrua
1120 2439 1174 2460 re-

204 2485 335 2511 servata
358 2480 507 2518 portione
532 2479 655 2508 vicario
678 2479 735 2517 qui
759 2488 815 2516 pro
841 2483 986 2518 tempore
1011 2482 1113 2511 sus-rit
1137 2482 1173 2511 in

205 2533 336 2567 eadem,
359 2532 419 2561 Dei
442 2532 575 2561 nomine
599 2531 765 2566 invocato,
784 2532 948 2569 predictos
971 2533 1124 2564 abbatem
1143 2539 1174 2565 et

205 2590 404 2616 conventum
422 2585 534 2615 Sancti
550 2584 672 2614 Albani
691 2584 730 2613 ab
747 2585 956 2622 impetitione
974 2586 1054 2616 dicti
1070 2588 1174 2626 capel-

205 2639 275 2668 lani
300 2637 545 2667 sententialiter
569 2636 788 2673 absolvimus,
810 2641 841 2667 et
864 2638 894 2667 ei
913 2647 1012 2676 super
1031 2640 1103 2677 ipsa
1126 2650 1174 2671 ec-

205 2691 308 2722 elesia
320 2691 358 2720 de
369 2690 578 2720 Horteburne
593 2694 623 2719 et
635 2689 799 2719 fructibus
812 2699 848 2719 ac
859 2692 1074 2728 proventibus
1090 2693 1172 2732 ejus,

205 2753 404 2784 quocunque
418 2743 552 2772 nomine
569 2746 778 2779 censeantur,
791 2747 985 2781 perpetuum
1003 2745 1175 2776 silentium

203 2797 359 2827 duximus
380 2796 628 2834 imponendum.
646 2796 692 2825 Ex
710 2795 918 2825 habundanti
934 2797 1175 2830 nichilominus

207 2850 413 2880 declarantes
430 2849 605 2879 ecclesiam
621 2848 728 2887 ipsam
750 2849 788 2878 de
813 2849 1023 2881 Horteburne
1047 2852 1087 2881 ad
1105 2862 1175 2890 pre-

1251 285 1264 300 ))

1251 338 1263 352 ὶ)

1250 390 1263 404 ))

1250 442 1263 456 ))

1250 495 1263 509 Ἰ)

1250 548 1263 562 Ἰ)

1250 600 1263 614 ))

1251 653 1263 667 >)

1290 274 1393 304 dictos
1406 274 1557 304 abbatem
1575 278 1604 304 et
1619 278 1816 304 conventum
1833 275 1945 304 Sancti
1959 275 2079 305 Albani
2096 281 2253 314 perpetuo

1288 326 1470 364 pertinere,
1499 335 1535 355 ac
1563 327 1674 356 omnia
1699 326 1799 356 etiam
1822 326 2045 356 instrumenta
2068 332 2098 357 et
2125 328 2253 358 litteras

1289 378 1384 408 Sedis
1402 379 1578 416 apostolice
1596 388 1654 408 seu
1671 387 1886 417 quascunque
1903 379 1997 414 alias,
2016 380 2254 418 cujuscumque

1288 431 1414 460 tenoris
1431 431 1587 465 existant,
1607 440 1747 469 quarum
1769 431 1941 461 occasione
1961 440 2060 469 super
2082 432 2254 470 premissis

1289 482 1401 521 aliqua
1417 487 1531 512 contra
1551 483 1682 512 eosdem
1705 483 1856 513 abbatem
1879 488 1909 513 et
1927 488 2124 513 conventum
2145 488 2255 522 posset

1288 536 1413 565 moveri
1433 535 1574 573 questio,
1593 535 1643 564 vel
1660 540 1746 569 orta,
1765 540 1933 565 cassantes
1951 540 1981 566 et
1997 545 2109 566 carere
2126 537 2254 566 viribus

1288 588 1514 618 decernentes.
1534 589 1658 617 Verum
1675 596 1714 617 ne
1734 588 1960 626 supradictum
1976 588 2182 627 capellanum
2198 589 2256 619 de-

1288 641 1356 670 bite
1382 640 1599 678 provisionis,
1617 640 1647 670 ei
1673 650 1690 669 a
1715 641 1873 678 predictis
1897 641 2012 671 abbate
2039 645 2069 671 et
2092 645 2255 671 conventu

1290 693 1402 723 Sancti
1414 693 1536 722 Albani
1551 693 1712 727 faciende,
1723 693 1841 722 effectu
1855 693 2010 722 frustrari
2024 693 2202 730 contingat,
2216 693 2254 723 de

1291 745 1427 783 speciali
1450 745 1575 774 domini
1597 754 1678 783 pape
1694 745 1865 779 mandato,
1891 746 2085 779 statuimus,
2105 746 2256 783 provide-

1290 806 1363 826 mus
1381 802 1411 826 et
1427 797 1526 826 etiam
1543 797 1736 826 ordinamus
1753 797 1859 826 eidem
1879 797 2047 835 capellano
2064 806 2101 826 ex
2119 806 2205 827 nunc
2221 798 2255 826 in

1289 850 1385 879 bonis
1411 854 1442 879 et
1464 850 1502 879 de
1524 850 1620 879 bonis
1642 850 1837 879 monasterii
1861 850 1973 879 Sancti
1994 850 2114 879 Albani
2138 850 2257 887 viginti

1291 903 1439 940 quinque
1465 911 1651 931 marcarum
1675 902 1836 931 bonorum
1858 911 2016 931 novorum
2045 906 2075 931 et
2100 902 2257 939 legalium

1291 955 1542 992 sterlingorum,
1572 955 1728 984 tredecim
1761 954 1862 984 soldis
1888 959 1918 984 et
1944 959 2085 993 quatuor
2111 955 2258 985 denariis

1287 1016 1344 1046 pro
1358 1016 1468 1036 marca
1480 1007 1627 1045 qualibet
1639 1007 1880 1044 computandis,
1894 1016 2038 1036 annnam
2050 1007 2255 1045 pensionem,

1292 1069 1390 1098 quam
1407 1059 1508 1089 abbas
1526 1063 1556 1089 et
1573 1064 1755 1089 conventus
1772 1059 1920 1098 ejusdem
1938 1059 2131 1089 monasterii
2147 1060 2259 1089 Sancti

1291 1112 1413 1142 Albani
1436 1112 1500 1150 ipsi
1519 1112 1688 1150 capellano
1707 1111 1758 1141 vel
1781 1112 1851 1151 ejus
1873 1116 1961 1141 certo
1979 1112 2095 1141 nuntio
2113 1116 2168 1141 aut
2184 1122 2259 1150 pro-

1292 1165 1436 1195 curatori
1459 1174 1557 1202 super
1575 1164 1740 1194 solutione
1756 1164 1947 1203 hujusmodi
1968 1165 2184 1203 quietationis
2204 1165 2261 1193 lit—

1293 1222 1379 1247 teras
1399 1217 1552 1252 facienti,
1572 1217 1708 1247 habenti
1732 1226 1830 1255 super
1847 1217 1907 1247 hoc
1930 1217 1970 1246 ab
1994 1226 2031 1246 eo
2054 1218 2257 1252 mandatum,

1292 1270 1419 1299 tamdiu
1443 1270 1624 1299 Londoniis
1654 1269 1740 1307 apud
1769 1270 1899 1299 Novum
1927 1269 2084 1307 templum
2112 1270 2146 1298 in
2176 1270 2260 1299 festo

1291 1322 1380 1352 beati
1400 1322 1531 1351 Andree
1552 1321 1691 1359 apostoli
1711 1321 1914 1359 persolvant,
1934 1321 1983 1351 vel
2003 1321 2032 1352 si
2049 1322 2135 1351 idem
2152 1322 2262 1360 capel-

1292 1375 1404 1410 lanus,
1424 1375 1563 1404 nuntius
1586 1374 1637 1404 vel
1657 1379 1850 1412 procurator
1871 1374 1995 1404 ibidem
2019 1375 2175 1404 inventus
2195 1384 2260 1404 non

1292 1427 1408 1462 fuerit,
1430 1427 1564 1457 nomine
1581 1431 1611 1456 et
1632 1427 1701 1457 vice
1717 1427 1824 1465 ipsius
1842 1427 1913 1456 loco
1936 1431 1967 1457 et
1985 1427 2126 1456 termino
2145 1436 2261 1465 supra-

1293 1481 1402 1516 dictis,
1421 1481 1482 1510 suh
1499 1480 1689 1510 testimonio
1708 1503 1740 1515 ..,
1759 1480 1961 1510 thesaurarii
1979 1480 2030 1509 vel
2051 1503 2084 1515 ..,
2103 1480 2260 1516 custodis,

1293 1534 1344 1564 vel
1357 1543 1458 1572 penes
1471 1533 1717 1563 thesaurarium
1729 1532 1779 1562 vel
1791 1533 1960 1562 custodem
1975 1533 2090 1562 domus
2104 1532 2260 1570 predicte,

1293 1587 1358 1626 ipsi
1383 1586 1551 1624 capellano
1570 1586 1621 1616 vel
1645 1585 1716 1624 ejus
1733 1585 1850 1615 nuntio
1868 1594 1926 1615 seu
1942 1585 2162 1624 procuratori,
2186 1595 2260 1615 cum

1292 1640 1499 1678 repetierint,
1510 1639 1613 1668 libere
1627 1638 1878 1677 persolvendam
1893 1638 2067 1676 deponant,
2082 1638 2184 1668 donec
2197 1638 2262 1676 ipsi

1295 1692 1396 1722 abbas
1414 1696 1444 1722 et
1460 1695 1642 1721 conventus
1660 1691 1698 1721 de
1714 1691 1875 1721 beneficio
1892 1691 2133 1723 ecclesiastico,
2152 1691 2191 1720 ad
2207 1699 2262 1721 eo-

1293 1754 1368 1774 rum
1384 1744 1435 1774 vel
1454 1744 1647 1774 alterutrius
1664 1744 1812 1781 ipsorum
1829 1743 2038 1773 collationem
2054 1752 2111 1773 seu
2126 1752 2263 1781 presen-

1295 1798 1455 1828 tationem
1481 1801 1666 1835 spectante,
1685 1797 1833 1835 proximo
1855 1800 2024 1832 vacaturo,
2047 1797 2134 1835 quod
2151 1801 2264 1826 octua-

1295 1850 1387 1888 ginta
1408 1859 1536 1879 marcas
1555 1849 1792 1887 sterlingorum
1813 1848 1920 1878 valeat
1939 1849 1979 1878 ad
2003 1849 2114 1878 minus
2134 1858 2263 1878 annua-

1296 1904 1367 1939 tim,
1386 1907 1679 1942 quantumcunque
1695 1902 1832 1932 eandem
1847 1902 2017 1932 excederet
2031 1902 2262 1940 quantitatem,

1296 1956 1513 1995 providerint,
1533 1960 1563 1985 et
1586 1955 1620 1984 in
1642 1955 1748 1993 ipsius
1769 1955 1907 1993 pacifica
1923 1955 2135 1992 possessione
2150 1955 2263 1991 fuerit,

1298 2014 1328 2039 et
1344 2010 1472 2039 fructus
1488 2009 1617 2046 integre
1635 2008 1817 2046 perceperit
1836 2016 1872 2037 ex
1890 2007 2014 2037 eodem.
2032 2007 2124 2044 Quod
2141 2007 2169 2037 si
2185 2007 2265 2038 dicti

1298 2062 1398 2091 abbas
1417 2065 1448 2090 et
1464 2065 1646 2090 conventus
1663 2060 1775 2090 Sancti
1787 2059 1908 2089 Albani
1924 2059 1995 2089 loco
2010 2064 2040 2089 et
2057 2059 2197 2089 termino
2214 2069 2266 2089 su-

1296 2114 1454 2152 pradictis
1480 2113 1660 2151 predictam
1693 2121 1759 2142 non
1789 2112 1948 2142 solverint
1976 2112 2027 2142 vel
2054 2112 2266 2150 deposuerint

1296 2166 1507 2205 pensionem,
1535 2170 1570 2194 ut
1595 2165 1748 2202 superius
1771 2168 1820 2194 est
1842 2173 2049 2203 expressum,
2071 2165 2191 2194 totiens
2216 2164 2266 2193 vi-

1298 2219 1382 2257 ginti
1403 2219 1550 2258 quinque
1571 2226 1715 2252 marcas,
1736 2226 1819 2255 pene
1837 2217 1987 2252 nomine,
2007 2221 2186 2247 memorato
2211 2226 2265 2246 ca-

1298 2273 1427 2311 pellano
1449 2271 1575 2301 solvere
1604 2274 1788 2306 teneantur,
1815 2270 1968 2309 quotiens
1992 2271 2026 2299 in
2050 2270 2214 2300 solutione
2235 2275 2266 2300 et

1298 2325 1503 2364 depositione
1532 2324 1736 2354 cessaverint
1767 2323 1984 2361 supradictis,
2012 2327 2043 2353 et
2070 2323 2212 2361 dampna
2234 2327 2265 2353 et

1298 2387 1458 2416 expensas
1479 2377 1717 2406 nichilominus
1741 2376 1918 2411 resarcire,
1940 2385 2003 2414 que
2019 2376 2107 2406 idem
2124 2376 2266 2414 capella-

1298 2440 1360 2461 nus
1377 2430 1427 2460 vel
1444 2431 1515 2468 eJ‘us
1532 2433 1723 2467 procurator
1740 2432 1795 2458 aut
1812 2429 1950 2459 nuntius
1966 2429 2156 2463 incurrerit,
2172 2438 2266 2458 occa-

1298 2484 1391 2514 sione
1417 2482 1594 2512 solutionis
1621 2481 1670 2511 vel
1696 2481 1914 2519 depositionis
1940 2490 2005 2511 non
2031 2482 2115 2510 facte
2140 2480 2210 2510 loco
2235 2484 2266 2510 et

1297 2536 1439 2566 termino
1453 2534 1664 2565 memoratis:
1682 2543 1780 2572 super
1793 2534 1914 2572 quibus
1931 2534 2082 2572 dampnis
2099 2538 2129 2562 et
2144 2542 2264 2571 expen-

1299 2590 1360 2621 sis,
1379 2589 1457 2618 dicti
1483 2587 1645 2626 capellani
1666 2587 1717 2616 vel
1740 2587 1810 2626 ejus
1837 2586 2058 2624 procuratoris
2078 2586 2129 2615 rel
2154 2585 2265 2615 nuntii

1298 2641 1452 2672 habentis
1472 2640 1511 2669 ab
1535 2650 1571 2669 eo
1599 2639 1742 2678 speciale
1760 2639 1952 2668 mandatum
1970 2639 2158 2677 juramento
2176 2638 2265 2667 credi

1298 2694 1462 2729 volumus,
1481 2693 1553 2722 sine
1570 2693 1766 2731 cujusquam
1783 2691 1920 2721 alterius
1932 2700 2031 2720 onere
2047 2690 2263 2728 probationis.

1300 2760 1313 2774 »
1339 2747 1397 2777 Sin
1415 2750 1524 2776 autem
1542 2745 1620 2774 dicti
1637 2745 1738 2774 abbas
1756 2748 1786 2774 et
1805 2747 1986 2773 conventus
2002 2743 2144 2781 primum
2165 2742 2265 2771 bene-

1300 2800 1412 2829 ficium
1428 2802 1631 2833 vacaturum,
1647 2797 1687 2827 ad
1703 2806 1816 2827 eorum
1834 2796 2113 2834 presentationem
2131 2794 2180 2823 vel
2198 2794 2265 2823 col-

1299 2853 1457 2883 lationem
1485 2855 1653 2889 spcctans,
1681 2849 1768 2888 quod
1794 2848 1982 2886 octuaginta
2013 2856 2196 2877 marcarum
2225 2846 2265 2876 ad
