2498 3325
1001 258 1231 296 DEUXIEME
1254 258 1411 296 ANNEE.
2202 269 2260 301 373

159 334 224 360 aliis
261 338 289 360 et
322 335 439 360 unicum
475 333 549 360 aliud
589 333 759 360 beneficium
791 333 948 368 recipiendi
978 331 1165 366 indulgendo.

159 382 243 416 (Rao-
261 382 303 411 24.
323 383 342 409 s.
362 383 433 413 154¹,
450 391 516 410 ann.
534 382 571 416 ΙΙ,
589 382 706 414 0194)

203 496 215 510 «
240 485 384 521 Maqz'stro
405 485 557 515 Jolzannz',
582 484 767 513 cancellario
791 484 985 517 Ebomcensi,
1012 483 1169 519 capellano

159 545 273 569 nostro.
299 539 486 576 Apostolice
511 538 605 568 Sedis
626 538 816 575 benignitas
835 556 882 566 ——.
902 539 974 567 Dat.
999 536 1165 571 Laterani,

160 593 238 622 XVI
256 591 415 621 kalendas
430 591 555 630 aprilis,
575 600 661 621 anno
678 591 834 621 secundo.
854 603 867 617 »

234 764 250 790 fl
261 763 348 791 233

195 824 317 858 Capituli
336 825 530 856 Meneoensis,
547 825 594 859 qui
614 824 798 856 Iticcardum,
817 827 885 850 tunc
900 824 1071 850 canonicum
1089 824 1169 857 ejus-

745 762 858 794 Latran,
877 763 907 788 15
925 770 1000 788 mars
1018 761 1096 788 1256.

158 873 224 899 dem
239 874 388 904 ecclesiae,
407 874 434 899 in
452 874 622 908 episcopum
639 873 821 900 concorditer
834 873 1006 907 postulabat,
1019 873 1053 898 de
1064 873 1168 898 clerico

158 925 254 948 tamen
278 923 305 948 in
330 922 480 948 ordinibus
502 923 661 957 constituto
684 922 845 948 minoribus
863 925 891 947 et
911 921 1006 947 soluta
1026 921 1166 954 genitum,

159 971 381 1006 postulationem
401 971 540 1003 admittit,
564 970 737 996 Riceardum
755 969 946 1004 praeficiendo
965 969 1057 995 eidem
1075 969 1169 995 eccle-

158 1020 220 1046 siae
236 1020 262 1045 in
281 1024 438 1054 pastorem,
454 1020 488 1046 de
504 1020 567 1045 suis
585 1019 718 1045 inanibus
734 1020 787 1053 ipsi
805 1027 923 1045 munere
939 1018 1169 1045 consecrationis

159 1068 302 1102 impenso.
318 1068 455 1101 (Reae-t,
473 1068 492 1094 f.
511 1067 584 1098 154v,
601 1076 668 1093 aun.
685 1066 722 1099 ΙΙ,
739 1075 765 1094 c.
784 1067 856 1099 195.)

202 1183 213 1197 «
231 1171 371 1208 Capitulo
384 1171 563 1199 Menevensi.
579 1169 726 1199 Ecclesia
739 1169 950 1199 Menevensis
965 1168 1106 1206 pastoris
1119 1185 1168 1196 —-.

158 1225 279 1254 Datum
296 1223 463 1257 Laterani,
482 1223 557 1252 idus
574 1223 698 1257 martii,
718 1231 804 1252 anno
819 1222 974 1252 secundo.
995 1233 1008 1247 »

195 1342 226 1368 In
243 1342 366 1368 eundem
385 1342 511 1372 modum,
535 1342 612 1368 clero
636 1342 762 1367 civitatis
784 1345 812 1368 et
829 1341 954 1367 diocesis
972 1341 1167 1367 Menevensis.

194 1391 226 1417 ln
244 1391 366 1417 eundem
385 1391 512 1422 modum,
531 1390 635 1425 populo
652 1390 778 1416 civitatis
793 1393 821 1416 et
837 1390 964 1416 diocesis
985 1389 1170 1415 Menevensis

159 1449 252 1474 usque
267 1440 489 1474 :suscipientes,
500 1441 524 1473 ej
532 1447 565 1465 us
577 1439 742 1465 salubribus
754 1439 872 1465 monitis
881 1442 909 1464 et
922 1438 1063 1464 mandatis
1076 1437 1170 1464 humi-

159 1490 223 1516 liter
238 1489 406 1516 intendatis.
426 1488 531 1514 Datum
547 1492 578 1514 ut
593 1496 691 1522 supra.

194 1538 225 1564 In
242 1538 367 1564 eundem
385 1537 513 1568 modum,
528 1536 681 1563 carissimo
698 1537 725 1563 in
738 1536 854 1563 Christo
869 1537 971 1566 filio
989 1537 1049 1570 regi
1065 1535 1170 1570 Anglie

160 1588 281 1620 illustri,
305 1594 398 1621 usque
413 1597 417 1612 :
436 1585 651 1612 remittendum.
669 1585 811 1618 Quocirca
826 1586 1011 1612 serenitatem
1029 1588 1107 1611 tuam
1124 1592 1170 1610 ro-

159 1643 274 1671 gamus,
287 1643 439 1661 monemus
451 1638 479 1660 et
493 1635 767 1666 hortamurattente,
778 1635 926 1668 quatinus
940 1633 1079 1668 prefatum
1092 1634 1170 1667 epis-

156 1693 262 1719 copum
289 1689 316 1710 et
339 1684 527 1710 commissam
550 1683 605 1709 sibi
631 1684 784 1709 ecclesiam
809 1683 917 1709 habens
943 1691 993 1717 pro
1020 1687 1118 1709 nostra
1142 1686 1170 1708 et

158 1733 316 1768 apostolice
347 1733 432 1759 Sedis
462 1733 621 1758 reverentia
650 1732 824 1766 propensius
850 1731 1079 1764 commendatos,
1104 1740 1168 1758 eum

159 1786 294 1816 tanquam
326 1785 476 1815 acceptum
502 1780 586 1807 nobis
611 1780 720 1815 tibique
743 1780 879 1806 devotum
907 1785 935 1806 et
960 1780 1048 1806 fidum
1073 1780 1169 1806 favore

159 1832 238 1865 regio
262 1831 288 1856 in
312 1830 509 1864 assignatione
531 1830 670 1864 regalium
695 1834 723 1855 et
745 1830 866 1856 aliorum
887 1838 944 1864 que
964 1839 979 1856 a
1000 1833 1048 1856 tua
1064 1837 1169 1864 expec-

157 1883 255 1906 tantur
272 1879 467 1905 muuificentia
489 1878 691 1912 prosequaris,
716 1887 749 1904 ac
770 1879 865 1913 ipsum
883 1882 911 1904 et
928 1878 1103 1913 sepedictam
1121 1887 1168 1904 ec-

157 1929 275 1955 clesiam
300 1928 443 1953 molestari
460 1927 494 1953 at)
516 1927 660 1961 aliquibus
677 1930 725 1953 tue
741 1927 840 1953 ditioni
858 1927 1011 1961 subjectis,
1029 1931 1168 1961 quantum

157 1978 184 2004 in
199 1981 225 2003 te
236 1977 331 2006 fuerit,
346 1985 399 2002 non
413 1976 571 2011 permittas,
585 1976 796 2009 molestatores,
810 1976 833 2002 si
847 1976 894 2010 qui
906 1976 1022 2007 fuerint,
1033 1977 1168 2002 clementi

157 2030 299 2061 potestate
326 2026 377 2052 tibi
404 2026 507 2052 celitus
531 2026 634 2052 tradita
659 2025 882 2060 compescendo.
911 2025 952 2051 [ta
973 2026 1049 2059 quod
1073 2026 1168 2060 ipsum

156 2076 328 2110 episcopum
349 2079 399 2101 tuo
421 2075 528 2101 nomini
551 2075 727 2101 devotiorem
748 2075 910 2101 constituas
926 2083 960 2100 ex
978 2075 1081 2101 devoto
1099 2084 1169 2101 nos<

157 2132 213 2158 que
227 2124 379 2150 reddamur
390 2123 422 2149 ad
437 2127 484 2149 tua
497 2123 674 2157 beneplacita
691 2124 892 2158 promptiores.
913 2123 1016 2150 Datum
1030 2128 1167 2158 utsupra.

194 2172 225 2199 In
244 2173 366 2198 eundem
385 2172 512 2202 modum,
530 2171 682 2205 Riccardo,
700 2173 837 2206 episcopo
855 2172 1033 2203 Menevensi,
1051 2181 1143 2206 usque
1162 2183 1167 2198 ε

157 2222 275 2248 demum
287 2221 338 2247 tibi
349 2220 581 2246 consecrationis
594 2229 699 2247 munus
712 2221 745 2246 de
759 2222 866 2247 nostris
881 2221 1018 2248 duximus
1036 2222 1169 2247 manibus

159 2270 394 2304 impendendum,
409 2271 526 2295 mutatis
543 2270 698 2296 mutandis.
713 2271 756 2296 Ad
771 2270 890 2297 eandem
905 2271 993 2305 igitur
1004 2271 1167 2303 ecclesiam,

158 2327 244 2353 quani
270 2317 320 2343 Dei
343 2322 370 2344 et
390 2318 548 2351 apostolica
565 2318 616 2344 tibi
632 2319 784 2352 conjunxit
800 2319 977 2353 dispensatio
994 2328 1059 2345 cuni
1077 2320 1169 2353 gratie

158 2370 256 2392 nostre
273 2366 452 2401 plenitudine
471 2366 658 2400 proficiscens
676 2367 703 2392 in
719 2367 836 2393 caritate
853 2367 972 2399 Christi,
991 2368 1167 2402 pascendum

157 2416 276 2449 suscipe
298 2423 415 2448 gregem
440 2416 505 2449 ejus
528 2419 555 2441 et
576 2416 618 2440 sic
635 2415 756 2441 fideliter
772 2420 799 2442 et
817 2416 1089 2451 pi-udemei·1·ege;·e
1105 2420 1168 2442 stu-

158 2463 227 2490 deas
239 2464 354 2489 domum
373 2463 434 2496 Dei,
451 2464 525 2498 quod
542 2464 591 2490 tibi
605 2473 654 2498 per
668 2465 724 2490 vite
742 2465 876 2491 meritum
889 2465 953 2492 aliis
970 2466 1103 2499 proficias
1120 2474 1170 2500 per

157 2513 322 2547 exemplum
343 2521 452 2546 nosque
469 2513 631 2538 devotionis
647 2516 695 2538 tue
711 2513 838 2539 studium
857 2522 911 2540 non
929 2513 1072 2540 immerito
1088 2522 1168 2540 com-

158 2562 338 2588 mendemus.
358 2561 460 2588 Datum
481 2566 624 2596 utsupra.

235 2731 353 2759 ¹234

197 2793 262 2825 tto„
281 2794 373 2819 abbati
393 2796 558 2820 monasterii
575 2795 609 2820 de
625 2794 793 2829 'l'liilctlieya
812 2794 919 2829 [Tiltey]
933 2816 939 2825 ,
960 2794 1170 2820 Londoniensis

741 2731 857 2764 Latran,
879 2732 909 2758 10
926 2740 1002 2758 mars
1020 2732 1096 2758 1256.

158 2842 295 2875 diocesis,
313 2843 443 2868 ‹·‹›n‹:e‹1n
462 2844 625 2869 fariiltateni
639 2843 826 2877 dispruisandi
842 2852 906 2869 cum
922 2843 956 2869 11.
974 2843 1076 2877 priore,
1093 2842 1171 2869 Wit-

161 2891 244 2916 lelmo
268 2900 300 2916 ac
326 2890 458 2917 Joliannc
484 2892 648 2917 monasterii
682 2892 775 2925 ipsius
803 2891 965 2924 monacliis,
994 2891 1170 2926 prcsliyteris

158 2938 302 2965 desectum
322 2940 454 2966 natalium
470 2941 655 2974 patientibus,
670 2945 699 2966 ut
713 2941 874 2966 ministrare
888 2941 914 2966 in
933 2940 1078 2974 susceptis
1095 2939 1171 2965 ordi-

1252 331 1337 358 nibus
1353 333 1425 358 etad
1441 334 1587 367 regulares
1599 334 1862 361 administrationes
1875 339 1902 360 et
1914 335 2042 362 abbatias
2054 336 2258 364 Cisterciensis

1249 380 1358 407 ordinis
1374 383 1484 408 assumi
1502 382 1622 408 valeant.
1639 382 1721 413 (Res.
1739 383 1784 417 ³24,
1802 384 1819 409 f.
1842 384 1898 413 155,
1916 392 1982 410 ann.
2001 384 2037 417 ΙΙ,
2055 393 2080 412 c.
2103 385 2172 417 196.)

1292 495 1303 508 κ
1322 485 1384 518 Ra,
1405 484 1506 513 abbati
1528 485 1708 513 monasterti
1724 485 1757 513 de.
1777 486 1966 523 Thiletlieya,
1985 486 2192 515 cisterciensis
2207 495 2258 515 or-

1250 537 1345 572 dinis,
1363 538 1581 566 Londoniensis
1597 538 1731 567 dim-esis.
1749 539 1776 567 A
1794 539 1888 568 nohis
1912 539 1976 568 fuit
1996 557 2044 568 —.
2067 541 2140 569 Dat.
2161 540 2258 569 Late-

1250 590 1335 625 rani,
1353 591 1398 620 VI
1414 591 1489 620 idus
1503 592 1625 626 martii,
1645 601 1731 621 anno
1749 592 1904 622 secundo.
1925 605 1937 619 >i

1325 771 1343 797 Ι
1352 770 1440 798 235

1286 831 1317 858 ln
1335 833 1504 866 quaestione
1519 834 1592 860 inter
1605 834 1762 868 capitulum
1779 835 1913 861 &offense
1925 839 1952 861 et
1969 836 2109 870 hospitale
2126 835 2159 861 de
2176 835 2259 862 Stro-

1251 880 1302 906 des
1318 885 1379 906 orta
1395 885 1422 906 et
1438 889 1491 907 suo
1508 882 1625 908 arbitrio
1640 883 1796 913 submissa,
1814 884 1924 915 statuit,
1945 887 1974 910 ut
1990 885 2113 910 ecclesia
2129 884 2160 912 S.
2182 884 2259 911 Mai·-

1251 933 1366 962 garetae
1389 933 1468 956 extra
1493 930 1612 957 Fossam
1634 932 1760 965 capitulo
1785 936 1939 963 remaneat,
1963 933 2104 967 hospitale
2127 937 2222 959 autem
2244 942 2260 959 a

1251 977 1395 1003 solutione
1427 979 1574 1011 pensionis
1605 979 1705 1005 XVIH
1737 988 1897 1006 marearum
1922 982 2034 1014 argenti
2059 981 2197 1015 deinceps
2222 982 2261 1008 sit

1251 1024 1388 1051 immune.
1407 1025 1490 1059 (ttae.
1504 1027 1546 1057 24,
1566 1028 1583 1053 f.
1603 1028 1661 1059 155,
1679 1037 1745 1054 ann.
1762 1028 1804 1060 ΙΙ,
1822 1037 1847 1056 e.
1870 1029 1940 1061 197.)

1837 771 1950 805 Lati-an,
1970 773 1998 798 11
2017 780 2093 799 mars
2110 773 2188 800 1256.

1294 1140 1306 1153 «
1327 1150 1359 1163 ..,
1381 1130 1486 1166 priori
1507 1134 1532 1158 et
1549 1131 1685 1167 capitulo
1704 1130 1842 1166 Roffensi.
1867 1131 1999 1160 Dudum
2021 1132 2109 1161 inter
2130 1141 2197 1167 vos,
2222 1142 2260 1162 ex

1251 1185 1343 1218 parte
1354 1190 1431 1216 una,
1446 1186 1475 1211 et
1486 1190 1685 1220 yconomum
1696 1192 1731 1212 ac
1744 1183 1863 1213 fratres
1876 1184 2051 1222 hospitalis
2064 1185 2102 1215 de
2113 1186 2258 1221 Sti-odes,

1252 1234 1420 1263 Roffensis
1448 1235 1601 1267 diocesis,
1629 1245 1666 1265 ex
1692 1236 1815 1271 altera,
1846 1246 1944 1275 super
1974 1238 2114 1268 ecclesia
2140 1240 2260 1269 Sancte

1252 1287 1437 1324 Margarete
1454 1292 1545 1317 extra
1557 1289 1693 1318 Fossam
1706 1293 1737 1318 et
1754 1290 1912 1327 pensione
1927 1300 2038 1320 annua
2050 1293 2164 1323 XVIII
2178 1303 2261 1323 mar-

1252 1349 1365 1369 carum
1393 1340 1646 1378 sterlingorum,
1676 1351 1774 1380 quam
1797 1347 1832 1371 ut
1860 1343 2010 1373 asseritis
2039 1346 2260 1376 consuevistis

1251 1394 1420 1431 percipere
1438 1394 1476 1423 de
1494 1394 1633 1424 ecclesia
1646 1395 1684 1424 de
1699 1395 1910 1433 Eyllefforde.
1925 1397 2092 1427 nonensis
2105 1398 2258 1433 diocesis.

1252 1446 1293 1475 ad
1310 1446 1398 1476 idem
1422 1447 1585 1485 hospitale
1610 1452 1790 1485 spectante,
1815 1453 1886 1478 orta
1902 1450 2042 1479 materia
2061 1451 2257 1489 questionis,

1251 1499 1360 1529 felicis
1384 1500 1624 1530 recordationis
1645 1502 1671 1530 I.
1692 1510 1775 1539 papa
1793 1502 2006 1539 predecessor
2027 1508 2138 1533 noster
2158 1504 2261 1534 dilec-

1251 1556 1321 1582 tum
1350 1553 1455 1581 tilium
1482 1554 1534 1587 R„
1560 1554 1671 1583 Sancti
1697 1554 1817 1591 Angeli
1842 1554 2017 1584 diaconum
2044 1556 2257 1592 cardinalem,

1251 1606 1357 1644 primo
1372 1615 1408 1635 ac
1424 1606 1481 1636 lite
1498 1616 1607 1636 coram
1625 1616 1661 1636 eo
1675 1607 1822 1645 legitime
1839 1612 2032 1643 contestata,
2051 1610 2260 1640 venerabiles

1251 1659 1371 1689 fratres
1402 1664 1532 1689 nostros
1561 1660 1623 1700 (sic)
1651 1683 1685 1695 .,,
1716 1661 1950 1690 Prenestinum
1981 1662 2189 1700 episcopum,
2224 1664 2258 1693 in

1252 1721 1352 1742 causa
1374 1713 1565 1751 hujusmodi
1585 1713 1675 1743 dedit
1697 1714 1847 1752 partibus
1869 1715 2048 1745 auditores.
2068 1717 2169 1746 Porro
2190 1726 2260 1747 ma-

1252 1765 1354 1803 gister
1369 1766 1574 1797 Edmundus.
1589 1767 1810 1804 predictorum
1825 1767 1976 1803 fratrum,
1991 1778 2027 1798 ac
2042 1769 2144 1799 frater
2156 1771 2259 1808 Roge-

1250 1828 1319 1851 rus,
1333 1819 1515 1848 monachus
1528 1819 1708 1854 Rotfensis,
1726 1820 1828 1849 vestri
1843 1825 2084 1858 procuratores,
2098 1822 2259 1853 hahentes

1251 1881 1350 1910 super
1368 1872 1428 1902 hoc
1445 1873 1600 1902 mandata
1613 1873 1824 1910 sufficientia,
1839 1875 2085 1905 consentientes
2103 1877 2189 1914 quod
2203 1886 2260 1915 per

1251 1926 1460 1955 concordiam
1473 1935 1573 1955 causa
1589 1926 1824 1955 terminaretur
1835 1926 2039 1965 hujusmodi,
2056 1929 2259 1959 ordinationi

1251 1988 1287 2008 ac
1307 1979 1445 2008 arbitrio
1462 1983 1574 2008 nostro
1591 1988 1690 2017 super
1706 1980 1765 2009 hoc
1783 1989 1817 2009 se
1837 1980 1980 2011 totaliter
1994 1983 2234 2013 summiserunt
2252 1995 2258 2013 :

1250 2032 1480 2070 promittentes
1498 2032 1583 2070 quod
1600 2033 1844 2063 ordinationem
1864 2038 2011 2063 nostram
2030 2036 2210 2066 servabunt
2229 2042 2260 2067 et

1252 2094 1316 2115 non
1334 2085 1468 2115 venient
1484 2090 1597 2114 contra
1615 2095 1698 2115 eam.

1294 2152 1305 2163 υ
1324 2139 1392 2168 Nos
1411 2138 1534 2176 itaque,
1553 2138 1701 2168 volentes
1718 2139 1897 2177 predictam
1916 2149 2049 2170 cansam
2062 2151 2119 2179 per
2130 2143 2259 2173 ordina-

1251 2191 1375 2221 tionem
1392 2200 1571 2229 eongruam
1590 2192 1786 2225 terminare,
1805 2193 2013 2229 ordinamus,
2033 2196 2211 2225 statuimus
2228 2201 2259 2226 et

1251 2244 1474 2282 providemus,
1488 2244 1574 2282 quod
1591 2245 1677 2273 dicta
1694 2245 1831 2274 ecclesia
1850 2247 1968 2276 Sancte
1984 2248 2168 2285 Margarete
2185 2258 2259 2278 cum

1251 2297 1406 2327 omnibus
1434 2297 1646 2335 pertinentiis
1675 2298 1757 2329 suis.
1786 2308 1993 2338 quocumque
2019 2301 2153 2331 nomine
2182 2311 2260 2331 cen-

1251 2354 1398 2384 seantur,
1424 2359 1497 2379 cnm
1524 2350 1714 2387 integritate
1744 2351 1836 2381 vohis
1864 2358 2034 2383 remaneat
2059 2355 2194 2392 pacifice
2223 2365 2259 2385 ac

1251 2403 1380 2440 quiete,
1405 2411 1587 2441 yconomus
1605 2412 1680 2433 vero
1699 2408 1729 2433 et
1751 2404 1869 2434 fratres
1894 2406 2031 2443 predic-ti
2057 2416 2074 2436 a
2093 2407 2258 2439 solutione

1251 2456 1474 2494 predictarum
1494 2457 1606 2486 XVIII
1628 2466 1813 2486 marcarum
1833 2467 1868 2487 ac
1893 2459 1991 2488 etiam
2016 2460 2155 2490 duarum
2178 2462 2260 2492 alia-

1251 2518 1323 2538 rum
1355 2518 1551 2544 marcarum,
1584 2519 1666 2548 quas
1694 2510 1777 2540 alias
1804 2511 1841 2541 de
1872 2512 2019 2549 predicta
2049 2514 2189 2544 ecclesia
2220 2516 2258 2546 de

1252 2562 1451 2600 Eyllelsorde
1467 2562 1568 2591 iidem
1587 2572 1767 2600 yconomus
1791 2568 1821 2593 et
1841 2565 1960 2595 fratres
1978 2566 2069 2595 vohis
2086 2568 2260 2597 annuatim

1251 2618 1496 2644 consueverunt
1523 2615 1650 2644 solvere
1675 2616 1715 2644 ab
1740 2616 1888 2654 antiquo,
1914 2618 2047 2648 nomine
2075 2620 2257 2657 pensionis,

1252 2668 1407 2705 deinceps
1436 2668 1503 2697 sint
1528 2668 1625 2698 liberi
1649 2673 1679 2698 et
1707 2669 1872 2700 immunes
1903 2680 1909 2698 :
1939 2672 2096 2709 predictis
2129 2683 2259 2712 quoque

1252 2730 1413 2760 yconomo
1444 2725 1474 2750 et
1507 2722 1666 2751 fratribus
1701 2732 1799 2760 super
1829 2724 1941 2753 eadem
1975 2725 2114 2755 ecclesia
2141 2728 2259 2757 Sancte

1252 2775 1436 2809 Marem-ete
1454 2783 1489 2803 ac
1508 2774 1720 2811 pertinentiis
1738 2775 1808 2813 ejus
1833 2785 1868 2805 ac.
1893 2777 1983 2806 vobis
2006 2787 2104 2816 super
2125 2789 2258 2819 percep-

1253 2827 1341 2855 tione
1356 2826 1503 2855 omniunt
1523 2827 1742 2864 predictarum
1760 2838 1957 2858 marcarum.
1976 2831 2129 2860 «luximus
2145 2843 2259 2871 perpe-

1255 2884 1344 2908 tunin
1368 2879 1539 2909 silentium
1559 2880 1805 2917 imponendum.
1832 2883 2053 2911 Decernentes
2079 2885 2209 2913 irritum
2229 2891 2259 2915 et

1253 2933 1362 2965 inane,
1385 2932 1411 2961 si
1435 2932 1513 2970 quid
1536 2938 1647 2962 ‹mni-a
1669 2934 1909 2964 ordinationem
1930 2935 2117 2973 hujusnnjirli
2142 2948 2157 2966 a
2178 2948 2260 2976 quo-
