2441 3330
935 178 1157 216 PREMIERE
1180 181 1338 219 ANNEE.
1723 223 1727 226 ,
2143 199 2177 227 57,

165 246 183 273 ι
193 246 251 274 98
642 235 759 284 Napies,
775 250 809 277 23
826 250 928 277 [ὀνάρι-
948 251 1023 277 1955.

124 307 267 342 Episcopo
287 307 464 334 Vin-dunensi
486 309 630 344 indulget,
648 314 678 336 ut
697 311 730 336 ad
755 313 975 346 suscipiendum
997 321 1095 340 sacros

89 355 205 382 ordines
221 359 248 382 et
272 356 307 382 ad
327 357 510 383 residendum
532 359 720 392 personaliter
736 361 886 394 compellat
908 365 1033 387 rectores
1048 370 1096 388 cc·

89 404 241 430 etesiarum
258 405 383 432 diocesis
399 406 473 439 ejus.
492 405 574 438 (Rea.
592 406 633 436 ³4,
653 415 678 434 c.
698 408 754 438 175,
774 408 791 434 f.
808 409 863 441 ⁶2⁵2.)

131 518 144 532 «
167 529 199 541 ..‚
224 508 356 545 episcopo
375 508 571 536 Virdunevnsz'.
595 508 664 537 Tua
684 508 778 538 nobis
799 509 991 540 fraternitas
1017 511 1097 540 inti-

89 559 191 588 mavit
207 559 294 598 quod
309 568 346 589 ex
365 569 402 589 eo
418 559 505 598 quod
521 559 655 598 quidam
672 560 804 595 decani,
824 561 1049 591 archidiaconi
1066 566 1097 592 et

90 611 148 642 alii
163 612 281 650 prelati
300 621 336 642 ac
352 617 496 643 rectores
512 612 727 642 ecclesiarum
744 617 797 643 tue
814 614 958 644 civitatis
980 619 1009 644 et
1027 615 1097 645 dio-

89 665 174 695 cesis
189 669 342 695 asserunt
354 665 580 704 indulgentias
595 675 612 695 a
629 666 711 696 Sede
728 666 906 704 apostolica
922 676 956 696 se
975 667 1097 697 habere

89 717 176 756 quod
185 717 225 747 ad
234 717 483 756 suscipiendum
493 727 602 748 sacros
615 718 747 747 ordines
757 727 793 747 ac
802 719 1015 748 residendum
1028 729 1096 757 per-

90 769 249 799 sonaliter
268 770 301 799 in
323 779 436 800 eorum
457 770 606 800 ecclesiis
623 769 775 808 compelli
791 775 967 809 nequeant,
984 772 1096 802 eedem

89 822 228 852 ecclesie
244 831 309 852 non
325 823 490 852 modicum
507 823 542 852 in
565 823 796 861 spiritualibus
813 824 979 854 sustinent
995 825 1097 854 detri-

88 879 248 904 mentum.
261 875 345 912 Quia
359 884 436 905 vero
450 875 587 913 dignum
601 882 650 905 est
664 880 712 911 ut,
730 876 815 905 sicut
831 876 933 906 iidem
948 877 1097 915 ipsarum

89 927 305 958 ecclesiarum
321 928 496 966 stipendiis
517 932 757 964 sustentantur,
775 929 821 958 ita
837 929 885 959 eis
904 929 1097 968 impendant

88 980 247 1019 obsequia
263 980 383 1011 militie
399 981 574 1016 clericalis,
594 981 790 1011 mandamus
810 982 983 1020 quatinus,
1003 983 1030 1012 si
1047 987 1096 1013 est

88 1033 145 1068 ita,
163 1033 267 1064 dictos
285 1034 437 1069 decanos,
457 1034 725 1069 archidiaconos,
742 1034 886 1072 prelatos
905 1039 936 1065 et
952 1040 1096 1066 rectores

87 1090 134 1122 ut,
149 1086 368 1124 indulgentiis
386 1087 468 1125 ipsis
485 1091 515 1116 et
532 1087 632 1116 etiam
649 1087 677 1117 si
694 1096 807 1116 eorum
824 1087 927 1126 aliqui
945 1097 961 1117 a
980 1089 1097 1126 prode-

87 1139 276 1169 cessoribus
295 1139 418 1169 nostris
435 1144 511 1169 sunt
528 1139 562 1168 in
578 1139 791 1169 subdiaconis
804 1140 944 1178 prmuoti
962 1150 1026 1170 nou
1044 1141 1096 1170 ob-

88 1191 271 1227 stantibus,
296 1192 480 1230 suscipiant
502 1201 613 1222 sacros
635 1192 768 1221 ordines
789 1197 885 1230 prout
907 1194 1097 1223 eorumdem

89 1245 304 1275 ecclesiarum
324 1254 402 1274 cura
422 1245 563 1283 requirit
579 1249 609 1274 et
633 1244 668 1274 in
685 1245 733 1274 eis
748 1245 957 1283 personalem
974 1246 1097 1275 faciant

87 1298 321 1329 residentiam.
349 1302 385 1327 ut
410 1301 576 1333 tenentur,
602 1298 784 1328 monitione
808 1299 1014 1336 presentium
1039 1308 1096 1337 per

88 1351 347 1382 subtractionem
356 1355 575 1389 proventuum
587 1350 802 1381 ecclesiarum
814 1351 971 1389 ipsarum,
985 1351 1095 1389 appel-

86 1403 210 1434 latione
230 1407 366 1439 remota,
385 1403 573 1442 compellas.
591 1404 664 1433 Dat.
682 1403 833 1442 Neapoli,
852 1405 916 1434 VII
937 1404 1094 1434 kalendas

85 1457 208 1492 martii,
225 1465 311 1486 anno
329 1456 446 1495 primo.
469 1468 481 1482 n

157 1621 241 1649 199

119 1682 357 1716 Resignationem
379 1683 564 1717 episcopatus
584 1682 710 1708 Litoviae
731 1691 746 1708 a
769 1681 874 1708 Vitone
895 1683 998 1709 factam
1021 1683 1094 1709 reci-

84 1731 134 1766 pit.
154 1731 235 1762 (Reti.
251 1730 296 1764 24,
314 1739 340 1758 c.
361 1730 419 1765 176,
436 1731 456 1757 f.
472 1730 529 1765 22.)

658 1621 776 1656 Naples,
797 1621 835 1647 1er
851 1629 926 1647 mars
944 1621 1021 1648 1255.

126 1845 138 1859 (ι
168 1834 241 1868 Vico,
264 1833 418 1871 quondam
438 1834 572 1871 episcopo
587 1834 709 1862 Litooie.
730 1833 818 1863 Olim
835 1833 930 1863 nobis
952 1843 1026 1863 cum
1042 1834 1094 1863 in-

86 1886 209 1916 stantia
227 1886 422 1924 supplicasti
439 1889 475 1915 ut
493 1885 678 1916 cessionem
698 1890 804 1916 tuam.
822 1886 937 1916 volens
956 1896 1021 1925 non
1045 1887 1094 1916 di-

86 1938 205 1976 gnitati
218 1938 388 1976 resignare
403 1938 459 1968 sed
472 1938 553 1973 loco,
571 1938 674 1977 recipi
689 1939 886 1969 faceremus.
900 1941 967 1969 Nos
979 1940 1092 1978 igitur,

85 1989 163 2020 licet
178 1991 293 2026 inviti,
311 1995 405 2020 tuum
421 1991 455 2020 in
474 1991 536 2021 hac
555 1995 647 2029 parte
670 1991 873 2021 desiderium
893 1993 931 2023 dc
955 1994 1093 2023 fratrum

86 2048 275 2074 nostrorum
290 2043 429 2074 consilio
452 2044 687 2082 adimplentes,
708 2053 765 2083 per
785 2046 1008 2076 venerabilem
1028 2048 1095 2077 fra-

86 2100 169 2126 trem
196 2101 347 2127 nostrum
378 2120 409 2132 ..,
439 2097 629 2135 episcopum
654 2097 896 2131 Tusculanum,
927 2108 942 2128 a
969 2103 998 2129 te
1024 2100 1094 2129 vice

86 2153 198 2179 nostra
219 2149 420 2187 pontificalis
443 2149 554 2180 oneris
580 2159 645 2179 non
668 2150 803 2180 honoris
829 2151 931 2189 recipi
954 2152 1094 2182 fecimus

85 2201 280 2232 cessionem.
305 2203 343 2232 In
360 2203 454 2242 cujus
470 2203 518 2232 rei
534 2203 763 2233 testimonium
779 2209 949 2241 presentes
965 2204 1093 2235 litteras

83 2253 144 2283 tibi
153 2254 307 2285 duximus
315 2255 552 2286 concedendas.
563 2257 636 2285 Dat.
647 2256 797 2294 Neapoli,
806 2257 958 2287 kalendis
968 2258 1090 2293 martii,

85 2315 171 2337 anno
186 2308 304 2346 primo.
325 2320 337 2335 n

155 2473 242 2501 200

119 2533 289 2561 Mauricium
311 2535 346 2561 de
363 2534 392 2562 S.
413 2534 532 2567 Bonito‚
550 2536 720 2562 canonicum
741 2540 769 2561 ct
788 2536 999 2561 foi-isslccanum
1017 2536 1089 2561 Ani-

84 2582 220 2613 tiensem,
238 2583 416 2617 dispensata
434 2584 588 2610 residentia
606 2585 747 2618 personali
763 2584 790 2610 in
809 2585 931 2610 ecclesia
950 2584 984 2610 de
1010 2584 1091 2610 Rou-

85 2634 156 2666 reto,
172 2632 334 2659 Anitiensis
348 2632 483 2659 diocesis.
500 2633 583 2666 (Rau.
603 2634 650 2664 24,
669 2642 693 2660 c.
712 2633 772 2664 177,
792 2634 810 2659 f.
826 2633 896 2665 c2‘2'.)

663 2473 780 2508 Naples=
800 2474 828 2500 11
848 2482 923 2500 mars
942 2474 1019 2500 1255.

128 2743 141 2757 ιι
169 2732 318 2762 Mauricio
345 2734 378 2762 de
401 2734 512 2763 Sancto
536 2735 651 2769 Bonito,
680 2734 870 2770 sorz'sdecano
894 2739 919 2762 et
944 2735 1091 2763 canonico

86 2783 252 2813 Aniciensi.
276 2785 322 2814 Ex
344 2789 457 2815 tenore
481 2789 535 2815 tue
554 2786 726 2823 petitionis
743 2786 929 2824 act-opimus
951 2785 1037 2823 quod
1056 2785 1089 2814 in

88 2835 227 2865 eeclesia
248 2837 286 2867 de
309 2838 468 2873 Rourcto‚
486 2838 677 2868 Aniciensis
699 2838 855 2868 diocesis.
874 2838 967 2877 cujus
985 2842 1091 2867 rector

1179 253 1308 290 existis,
1333 256 1503 285 consuevit
1525 257 1564 286 ab
1587 258 1722 296 antiquo
1744 267 1801 296 per
1822 259 1981 289 vicarium
2007 261 2176 291 deserviri.

1179 304 1263 339 Quia
1274 315 1349 336 vero
1361 308 1487 338 ratione
1502 309 1763 340 forisdecanatus
1776 316 1805 341 et
1817 312 1953 342 canonic
1965 322 2045 350 quos
2056 313 2089 342 in
2101 314 2177 343 Ani-

1179 357 1283 386 ciensi
1304 359 1441 388 ecclesia
1466 360 1594 391 obtines
1618 366 1647 391 te
1672 367 1798 400 oportet
1818 363 1939 393 ibidem
1962 366 2178 402 personaliter

1179 409 1339 446 residere,
1359 420 1417 441 nos
1440 413 1505 442 tuis
1528 414 1652 443 devotis
1669 415 1964 452 supplicationibus
1981 423 2175 454 annuentes,

1179 465 1213 489 ut
1236 462 1386 492 residens
1408 465 1626 501 personaliter
1650 467 1685 495 in
1708 467 1820 496 eadem
1845 469 1983 498 ecclesia
2007 471 2178 500 Aniciensi

1179 514 1286 551 possis
1300 515 1334 543 in
1346 517 1471 552 prefata
1487 517 1625 547 ccclesia
1641 518 1678 548 de
1693 520 1837 549 Roureto
1852 530 1908 558 per
1921 521 2075 551 idoneum
2091 523 2178 552 vica-

1180 566 1266 595 rium
1279 566 1455 603 deservire,
1471 569 1529 597 tibi
1542 571 1735 600 auctoritate
1745 573 2174 612 presentiumindulgemus.

1180 618 1272 647 Nulli
1289 623 1348 648 etc.
1369 625 1476 650 nostre
1491 623 1714 652 concessionis
1732 628 1791 652 etc.
1810 625 1882 653 Dat.
1899 626 2047 663 Neapcdi.
2062 628 2089 655 Y
2106 627 2179 656 idus

1180 671 1303 706 martii,
1322 681 1407 701 anno
1424 673 1539 710 primo.
1561 687 1573 700 1)

1251 862 1332 891 201

1216 922 1389 950 officialibus
1406 925 1606 959 universisque
1618 926 1783 953 homiuibus
1799 927 1913 953 Siciliae.
1931 928 2052 960 mandat,
2068 932 2096 955 ut
2111 937 2127 954 a
2143 929 2182 954 ci-

1182 971 1265 997 vibus
1281 975 1309 998 ct
1325 973 1532 999 mercatoribus
1544 973 1683 1000 Romanis
1695 975 1802 1000 nullum
1817 975 1967 1009 pedagium
1981 976 2023 1002 vel
2040 977 2181 1003 teloneum

1180 1019 1302 1053 exigant.
1322 1020 1404 1054 (mo.
1421 1021 1466 1052 24,
1487 1029 1512 1048 c.
1532 1022 1590 1053 178,
1608 1022 1626 1048 f.
1644 1022 1713 1055 ςΖΕΝ.)

1775 865 1891 900 Napies,
1909 867 1923 892 5
1941 875 2015 893 mai-s
2035 868 2109 894 ¹355.

1222 1133 1234 1145 «
1252 1122 1408 1150 Nobilibus
1428 1123 1505 1151 viris
1525 1124 1682 1159 mayistris
1691 1125 1894 1161 justitiariis,
1914 1127 2096 1162 capitaneis,
2116 1135 2182 1155 ma-

1179 1175 1284 1210 gistris
1307 1176 1488 1204 camerariis
1508 1177 1637 1213 aliisque
1661 1177 1843 1213 officialibus
1865 1187 1981 1207 necnon
2006 1179 2179 1214 comitibus,

1179 1227 1343 1257 baronibus
1353 1237 1388 1257 ac
1397 1237 1537 1257 commun
1545 1230 1668 1258 [tatibus
1678 1231 1838 1259 civitatum
1849 1236 1874 1259 et
1882 1236 2049 1260 castrorum
2063 1241 2183 1261 eorum—

1180 1289 1235 1317 que
1246 1281 1442 1317 potestatibus
1455 1290 1505 1309 seu
1518 1283 1683 1311 rectoribus
1701 1284 1854 1312 universis
1863 1292 1918 1320 per
1934 1292 2063 1320 rcqnum
2080 1284 2183 1313 Sicilie

1179 1334 1362 1362 constitutis.
1380 1334 1547 1363 Honorem
1566 1334 1667 1363 Urbis
1684 1338 1715 1364 et
1733 1334 1973 1365 incrementum
1990 1336 2101 1373 populi
2117 1337 2182 1366 Ro-

1179 1394 1352 1415 manorum
1363 1385 1505 1415 ferventi
1516 1386 1679 1416 desiderio
1691 1397 1706 1416 a
1713 1387 1892 1423 declames,
1904 1387 1950 1417 sic
1960 1396 2013 1417 eos
2026 1392 2181 1426 tanquam

1179 1438 1264 1468 tilios
1280 1439 1477 1476 predilectos
1490 1439 1694 1469 intendimus
1711 1440 1819 1477 dignis
1832 1441 1947 1470 efferre
1962 1441 2131 1470 favoribus
2151 1445 2181 1471 et

1178 1491 1344 1529 precipuis
1372 1492 1610 1522 emunitatibus
1636 1493 1836 1530 pres-ignire,
1863 1497 1899 1522 ut
1926 1494 1990 1531 ipsi
2014 1494 2181 1531 recognita

1178 1544 1294 1574 matris
1309 1544 1454 1574 Ecclesie
1471 1545 1694 1575 benivolentia
1708 1546 1851 1583 glatiosa
1864 1546 1901 1576 de
1918 1546 1970 1576 die
1988 1547 2022 1575 in
2039 1547 2125 1576 diem
2141 1547 2181 1576 ad

1179 1597 1249 1636 ejus
1266 1597 1473 1627 devotionem
1488 1598 1606 1627 fortius
1623 1598 1854 1628 accendantur.
1872 1599 1955 1629 Cum
1977 1599 2086 1638 itaque
2107 1609 2181 1638 reg-

1179 1659 1258 1679 num
1277 1650 1390 1680 Sicilie
1404 1650 1446 1679 sit
1461 1651 1501 1679 ad
1513 1651 1567 1689 jus
1584 1655 1615 1680 et
1630 1651 1863 1689 proprietatem
1877 1653 2023 1681 Romane
2036 1652 2181 1682 Ecclesie

1178 1702 1378 1735 devolutum,
1393 1712 1451 1733 1105
1467 1703 1614 1733 volentes
1631 1708 1666 1733 ut
1679 1704 1766 1733 cives
1781 1708 1811 1734 et
1827 1709 2024 1734 mereator-12s
2041 1705 2179 1734 Romani

1178 1756 1213 1784 in
1231 1764 1267 1785 00
1288 1760 1444 1794 tanquam
1461 1756 1620 1793 speciales
1638 1756 1783 1786 Ecclesie
1800 1756 1859 1785 tilii
1879 1757 2065 1794 speciant-›1-
2082 1757 2180 1786 hono-

1178 1812 1304 1839 rentur.
1336 1808 1587 1838 universitatem
1617 1813 1759 1838 vestram
1788 1818 1941 1847 rogamus
1973 1813 2095 1839 attente
2124 1819 2180 1847 per

1179 1861 1357 1899 apostolica
1375 1862 1468 1891 vobis
1489 1862 1608 1899 scripta
1632 1862 1843 1900 precipiendo
1861 1863 2053 1892 mantilautes
2072 1863 2180 1901 quati-

1179 1923 1241 1944 nus
1258 1924 1312 1944 eos
1329 1924 1403 1944 cum
1421 1915 1516 1944 bonis
1530 1915 1599 1943 suis
1616 1924 1672 1952 per
1686 1915 1854 1944 districtus
1870 1920 1995 1945 vestros
2013 1919 2077 1944 tam
2095 1920 2180 1945 ivri-e

1179 1976 1277 2005 quam
1302 1967 1404 1996 maris
1430 1967 1571 1996 transire
1593 1967 1696 1996 libere
1717 1971 1747 1996 et
1770 1967 1841 1996 sine
1863 1967 2009 1997 molestia
2035 1968 2179 2005 qualibet

1178 2019 1418 2057 permittentes,
1440 2019 1543 2048 nichil
1562 2019 1600 2048 ab
1617 2019 1698 2057 ipsis
1714 2020 1885 2049 occasione
1901 2020 2111 2057 pedagiorum
2129 2021 2178 2050 vel

1178 2072 1299 2101 tolenei
1317 2072 1527 2110 aliquatemis
1544 2072 1682 2109 exigatis
1700 2081 1758 2101 nec
1777 2072 1858 2101 alias
1875 2082 1929 2101 eos
1946 2073 2112 2111 aliquibus
2129 2082 2177 2102 ex-

1179 2125 1364 2154 actionibus
1390 2125 1587 2161 aggravetis.
1612 2126 1730 2154 Preces
1756 2129 1786 2153 et
1813 2125 2001 2154 mandatum
2031 2130 2177 2155 nostrum

1177 2177 1287 2207 taliter
1305 2177 1473 2214 impleturi
1489 2176 1575 2214 quod
1592 2176 1671 2205 dicti
1684 2177 1771 2205 cives
1791 2181 1820 2205 ct
1839 2181 2035 2207 mercatores
2054 2178 2177 2207 nullam

1177 2230 1262 2267 apud
1279 2238 1334 2259 vos
1351 2238 1449 2266 super
1464 2229 1636 2266 premissis
1650 2229 1822 2258 inveniant
1838 2229 2021 2259 molestiam
2036 2231 2085 2259 vel
2103 2240 2177 2267 gra-

1176 2291 1304 2317 vamen,
1318 2291 1377 2311 nec
1390 2282 1513 2319 justam
1530 2281 1567 2310 de
1585 2281 1676 2310 vobis
1693 2281 1835 2310 habeant
1852 2282 2021 2311 materiam
2039 2292 2176 2321 conque-

1175 2335 1269 2364 rendi
1299 2343 1423 2372 nosque
1455 2334 1660 2363 devotionem
1692 2339 1832 2363 vestram
1863 2335 2026 2371 possimus
2061 2336 2176 2365 exinde

1174 2387 1291 2417 merito
1312 2387 1551 2416 commendare.
1576 2388 1646 2416 Dat.
1674 2386 1825 2424 Neapoli,
1854 2388 1902 2416 ΙΙΙ
1927 2396 2030 2417 nonas
2053 2388 2173 2422 martii,

1174 2449 1260 2469 anno
1273 2440 1390 2477 primo.
1410 2452 1423 2465 n

1246 2630 1336 2657 202

1209 2689 1350 2716 Omnibus
1366 2691 1519 2716 comitibus
1535 2695 1562 2716 ct
1580 2690 1742 2715 homiuibus
1756 2689 1919 2716 Patrimonii
1934 2690 2078 2716 Eccit-siae
2093 2699 2172 2716 inan-

1174 2737 1221 2764 dat
1237 2737 1322 2764 istem.
1338 2737 1419 2770 (Rau.
1438 2738 1481 2772 24,
1498 2746 1523 2764 0.
1541 2738 1600 2771 1ἶ9,
1619 2738 1636 2763 s.
1653 2738 1721 2770 QQV.)

1770 2629 1884 2663 Naples,
1904 2630 1918 2655 ‚5
1936 2638 2010 2655 mars
2030 2630 2103 2655 1255.

1216 2850 1228 2863 «
1244 2838 1398 2867 Nobilibus
1411 2840 1486 2867 viris
1498 2840 1666 2873 ceramitibzis,
1681 2839 1853 2869 blm-onibus.
1870 2840 2040 2867 castellanis
2058 2847 2172 2867 necnon
