<?xml version="1.0" encoding="UTF-8"?>
<!DOCTYPE html PUBLIC "-//W3C//DTD XHTML 1.0 Transitional//EN"
    "http://www.w3.org/TR/xhtml1/DTD/xhtml1-transitional.dtd">
<html xmlns="http://www.w3.org/1999/xhtml" xml:lang="en" lang="en">
 <head>
  <title>
</title>
<meta http-equiv="Content-Type" content="text/html;charset=utf-8" />
  <meta name='ocr-system' content='tesseract 3.04.00' />
  <meta name='ocr-capabilities' content='ocr_page ocr_carea ocr_par ocr_line ocrx_word'/>
</head>
<body>
  <div class='ocr_page' id='page_1' title='image "./lesregistresdale01cathuoft_0054.png"; bbox 0 0 2441 3330; ppageno 0'>
   <div class='ocr_carea' id='block_1_1' title="bbox 181 221 1550 257">
    <p class='ocr_par' dir='ltr' id='par_1_1' title="bbox 181 221 1550 257">
     <span class='ocr_line' id='line_1_1' title="bbox 181 221 1550 257; baseline -0.004 0"><span class='ocrx_word' id='word_1_1' title='bbox 181 229 217 257; x_wconf 78' lang='lat'>44</span> <span class='ocrx_word' id='word_1_2' title='bbox 904 222 1144 253; x_wconf 86' lang='lat' dir='ltr'>REGISTRES</span> <span class='ocrx_word' id='word_1_3' title='bbox 1165 221 1473 253; x_wconf 83' lang='lat' dir='ltr'>D&#39;ALEXANDRE</span> <span class='ocrx_word' id='word_1_4' title='bbox 1495 224 1550 254; x_wconf 91' lang='lat' dir='ltr'>IV.</span> 
     </span>
    </p>
   </div>
   <div class='ocr_carea' id='block_1_2' title="bbox 179 288 1186 382">
    <p class='ocr_par' dir='ltr' id='par_1_2' title="bbox 179 288 1186 382">
     <span class='ocr_line' id='line_1_2' title="bbox 180 288 1186 330; baseline -0.004 -9"><span class='ocrx_word' id='word_1_5' title='bbox 180 291 322 330; x_wconf 83' lang='lat' dir='ltr'>pastoris</span> <span class='ocrx_word' id='word_1_6' title='bbox 338 308 386 319; x_wconf 92' lang='lat'>—.</span> <span class='ocrx_word' id='word_1_7' title='bbox 404 291 477 320; x_wconf 86' lang='lat' dir='ltr'>Dat.</span> <span class='ocrx_word' id='word_1_8' title='bbox 495 289 645 328; x_wconf 82' lang='lat' dir='ltr'>Neapoli,</span> <span class='ocrx_word' id='word_1_9' title='bbox 667 289 752 320; x_wconf 90' lang='lat' dir='ltr'>XIII</span> <span class='ocrx_word' id='word_1_10' title='bbox 773 288 933 319; x_wconf 82' lang='lat' dir='ltr'>kalendas</span> <span class='ocrx_word' id='word_1_11' title='bbox 951 288 1078 324; x_wconf 88' lang='lat' dir='ltr'>martii,</span> <span class='ocrx_word' id='word_1_12' title='bbox 1100 296 1186 318; x_wconf 90' lang='lat' dir='ltr'>anno</span> 
     </span>
     <span class='ocr_line' id='line_1_3' title="bbox 179 353 328 382; baseline -0.007 -8"><span class='ocrx_word' id='word_1_13' title='bbox 179 353 295 382; x_wconf 85' lang='lat' dir='ltr'>primo.</span> <span class='ocrx_word' id='word_1_14' title='bbox 316 357 328 370; x_wconf 73' lang='grc' dir='ltr'><strong>υ</strong></span> 
     </span>
    </p>
   </div>
   <div class='ocr_carea' id='block_1_3' title="bbox 253 519 1115 554">
    <p class='ocr_par' dir='ltr' id='par_1_3' title="bbox 253 519 1115 554">
     <span class='ocr_line' id='line_1_4' title="bbox 253 519 1115 554; baseline -0.001 -5"><span class='ocrx_word' id='word_1_15' title='bbox 253 521 338 549; x_wconf 76' lang='grc'>163</span> <span class='ocrx_word' id='word_1_16' title='bbox 729 519 846 554; x_wconf 63' lang='lat' dir='ltr'>Names,</span> <span class='ocrx_word' id='word_1_17' title='bbox 866 520 897 547; x_wconf 88' lang='grc'>17</span> <span class='ocrx_word' id='word_1_18' title='bbox 914 519 1020 546; x_wconf 71' lang='lat' dir='ltr'>fevi-ier</span> <span class='ocrx_word' id='word_1_19' title='bbox 1036 520 1115 548; x_wconf 69' lang='lat'>1255.</span> 
     </span>
    </p>
   </div>
   <div class='ocr_carea' id='block_1_4' title="bbox 178 581 1185 665">
    <p class='ocr_par' dir='ltr' id='par_1_4' title="bbox 178 581 1185 665">
     <span class='ocr_line' id='line_1_5' title="bbox 214 581 1185 617; baseline 0 -8"><span class='ocrx_word' id='word_1_20' title='bbox 214 582 346 617; x_wconf 86' lang='lat' dir='ltr'>Capitulo</span> <span class='ocrx_word' id='word_1_21' title='bbox 379 581 590 616; x_wconf 85' lang='lat' dir='ltr'>Albinganensi</span> <span class='ocrx_word' id='word_1_22' title='bbox 621 581 786 608; x_wconf 81' lang='lat' dir='ltr'>mandatum</span> <span class='ocrx_word' id='word_1_23' title='bbox 820 581 1016 616; x_wconf 85' lang='lat' dir='ltr'>supradictum</span> <span class='ocrx_word' id='word_1_24' title='bbox 1048 582 1185 610; x_wconf 86' lang='lat' dir='ltr'>notificat.</span> 
     </span>
     <span class='ocr_line' id='line_1_6' title="bbox 178 631 579 665; baseline -0.002 -7"><span class='ocrx_word' id='word_1_25' title='bbox 178 632 262 665; x_wconf 75' lang='lat' dir='ltr'>(Rso.</span> <span class='ocrx_word' id='word_1_26' title='bbox 278 631 322 665; x_wconf 71' lang='lat'>24,</span> <span class='ocrx_word' id='word_1_27' title='bbox 339 639 364 658; x_wconf 92' lang='lat' dir='ltr'>c.</span> <span class='ocrx_word' id='word_1_28' title='bbox 384 631 458 665; x_wconf 76' lang='lat'>1442,</span> <span class='ocrx_word' id='word_1_29' title='bbox 475 631 495 657; x_wconf 86' lang='lat' dir='ltr'>f.</span> <span class='ocrx_word' id='word_1_30' title='bbox 512 631 579 663; x_wconf 74' lang='lat' dir='ltr'><strong>18v.)</strong></span> 
     </span>
    </p>
   </div>
   <div class='ocr_carea' id='block_1_5' title="bbox 175 730 1187 1241">
    <p class='ocr_par' dir='ltr' id='par_1_5' title="bbox 175 730 1187 1241">
     <span class='ocr_line' id='line_1_7' title="bbox 219 730 1185 769; baseline 0.002 -10"><span class='ocrx_word' id='word_1_31' title='bbox 219 744 233 759; x_wconf 69' lang='grc' dir='ltr'>α</span> <span class='ocrx_word' id='word_1_32' title='bbox 251 733 391 769; x_wconf 71' lang='lat' dir='ltr'>Capitale</span> <span class='ocrx_word' id='word_1_33' title='bbox 409 732 639 768; x_wconf 72' lang='lat' dir='ltr'>Acbtnyanensi.</span> <span class='ocrx_word' id='word_1_34' title='bbox 666 730 814 760; x_wconf 78' lang='lat' dir='ltr'>Ecclesia</span> <span class='ocrx_word' id='word_1_35' title='bbox 836 735 945 761; x_wconf 77' lang='lat' dir='ltr'>vestra</span> <span class='ocrx_word' id='word_1_36' title='bbox 965 732 1107 769; x_wconf 80' lang='lat' dir='ltr'>pastoris</span> <span class='ocrx_word' id='word_1_37' title='bbox 1124 736 1185 762; x_wconf 89' lang='lat' dir='ltr'>etc.</span> 
     </span>
     <span class='ocr_line' id='line_1_8' title="bbox 177 783 1187 823; baseline 0 -8"><span class='ocrx_word' id='word_1_38' title='bbox 177 794 283 823; x_wconf 87' lang='lat' dir='ltr'>usque</span> <span class='ocrx_word' id='word_1_39' title='bbox 300 784 490 821; x_wconf 75' lang='lat' dir='ltr'>gubernari,</span> <span class='ocrx_word' id='word_1_40' title='bbox 508 783 619 813; x_wconf 85' lang='lat' dir='ltr'>verbis</span> <span class='ocrx_word' id='word_1_41' title='bbox 637 787 860 821; x_wconf 77' lang='lat' dir='ltr'><strong>competenter</strong></span> <span class='ocrx_word' id='word_1_42' title='bbox 875 784 1021 814; x_wconf 87' lang='lat' dir='ltr'>mutatis.</span> <span class='ocrx_word' id='word_1_43' title='bbox 1042 785 1187 815; x_wconf 82' lang='lat' dir='ltr'>Univer-</span> 
     </span>
     <span class='ocr_line' id='line_1_9' title="bbox 176 835 1184 876; baseline 0 -9"><span class='ocrx_word' id='word_1_44' title='bbox 176 837 269 868; x_wconf 88' lang='lat' dir='ltr'>sitati</span> <span class='ocrx_word' id='word_1_45' title='bbox 283 841 390 866; x_wconf 85' lang='lat' dir='ltr'>vestre</span> <span class='ocrx_word' id='word_1_46' title='bbox 407 845 464 874; x_wconf 89' lang='lat' dir='ltr'>per</span> <span class='ocrx_word' id='word_1_47' title='bbox 475 835 655 874; x_wconf 87' lang='lat' dir='ltr'>apostolica</span> <span class='ocrx_word' id='word_1_48' title='bbox 669 835 791 874; x_wconf 83' lang='lat' dir='ltr'>scripta</span> <span class='ocrx_word' id='word_1_49' title='bbox 805 836 1001 866; x_wconf 78' lang='lat' dir='ltr'>mandamus</span> <span class='ocrx_word' id='word_1_50' title='bbox 1015 838 1184 876; x_wconf 81' lang='lat' dir='ltr'>quatinus,</span> 
     </span>
     <span class='ocr_line' id='line_1_10' title="bbox 177 888 1186 929; baseline 0.001 -10"><span class='ocrx_word' id='word_1_51' title='bbox 177 891 263 920; x_wconf 84' lang='lat' dir='ltr'>dicto</span> <span class='ocrx_word' id='word_1_52' title='bbox 280 898 344 919; x_wconf 90' lang='lat' dir='ltr'>non</span> <span class='ocrx_word' id='word_1_53' title='bbox 361 889 511 919; x_wconf 86' lang='lat' dir='ltr'>obstante</span> <span class='ocrx_word' id='word_1_54' title='bbox 526 897 683 926; x_wconf 86' lang='lat' dir='ltr'>processu</span> <span class='ocrx_word' id='word_1_55' title='bbox 699 896 798 926; x_wconf 89' lang='lat' dir='ltr'>quem</span> <span class='ocrx_word' id='word_1_56' title='bbox 814 888 944 918; x_wconf 91' lang='lat' dir='ltr'>nullum</span> <span class='ocrx_word' id='word_1_57' title='bbox 956 890 1075 920; x_wconf 87' lang='lat' dir='ltr'>merito</span> <span class='ocrx_word' id='word_1_58' title='bbox 1093 900 1186 929; x_wconf 88' lang='lat' dir='ltr'>repu-</span> 
     </span>
     <span class='ocr_line' id='line_1_11' title="bbox 176 941 1186 980; baseline 0 -7"><span class='ocrx_word' id='word_1_59' title='bbox 176 947 297 977; x_wconf 82' lang='lat' dir='ltr'>tamus,</span> <span class='ocrx_word' id='word_1_60' title='bbox 318 943 406 971; x_wconf 76' lang='lat' dir='ltr'>infra</span> <span class='ocrx_word' id='word_1_61' title='bbox 421 942 482 972; x_wconf 83' lang='lat' dir='ltr'>XV</span> <span class='ocrx_word' id='word_1_62' title='bbox 501 941 572 971; x_wconf 86' lang='lat' dir='ltr'>dies</span> <span class='ocrx_word' id='word_1_63' title='bbox 588 945 660 979; x_wconf 83' lang='lat' dir='ltr'>post</span> <span class='ocrx_word' id='word_1_64' title='bbox 683 941 905 979; x_wconf 80' lang='lat' dir='ltr'>receptionem</span> <span class='ocrx_word' id='word_1_65' title='bbox 925 943 1130 980; x_wconf 88' lang='lat' dir='ltr'>presentium</span> <span class='ocrx_word' id='word_1_66' title='bbox 1147 944 1186 974; x_wconf 89' lang='lat' dir='ltr'>de</span> 
     </span>
     <span class='ocr_line' id='line_1_12' title="bbox 176 993 1186 1033; baseline 0.001 -8"><span class='ocrx_word' id='word_1_67' title='bbox 176 995 316 1025; x_wconf 80' lang='lat' dir='ltr'>consilio</span> <span class='ocrx_word' id='word_1_68' title='bbox 344 999 374 1024; x_wconf 86' lang='lat' dir='ltr'>et</span> <span class='ocrx_word' id='word_1_69' title='bbox 405 1004 545 1024; x_wconf 78' lang='lat' dir='ltr'>assensu</span> <span class='ocrx_word' id='word_1_70' title='bbox 575 994 681 1032; x_wconf 87' lang='lat' dir='ltr'>ipsius</span> <span class='ocrx_word' id='word_1_71' title='bbox 712 993 952 1033; x_wconf 84' lang='lat' dir='ltr'>archiepiscopi</span> <span class='ocrx_word' id='word_1_72' title='bbox 985 996 1186 1033; x_wconf 78' lang='lat' dir='ltr'>provideatis</span> 
     </span>
     <span class='ocr_line' id='line_1_13' title="bbox 177 1046 1186 1086; baseline 0.001 -8"><span class='ocrx_word' id='word_1_73' title='bbox 177 1049 284 1079; x_wconf 89' lang='lat' dir='ltr'>eidem</span> <span class='ocrx_word' id='word_1_74' title='bbox 301 1048 439 1077; x_wconf 75' lang='lat' dir='ltr'>ecclesie</span> <span class='ocrx_word' id='word_1_75' title='bbox 462 1047 500 1077; x_wconf 85' lang='lat' dir='ltr'>de</span> <span class='ocrx_word' id='word_1_76' title='bbox 518 1056 658 1085; x_wconf 86' lang='lat' dir='ltr'>persona</span> <span class='ocrx_word' id='word_1_77' title='bbox 678 1046 796 1076; x_wconf 87' lang='lat' dir='ltr'>idonea</span> <span class='ocrx_word' id='word_1_78' title='bbox 818 1047 976 1077; x_wconf 81' lang='lat' dir='ltr'>canonice</span> <span class='ocrx_word' id='word_1_79' title='bbox 999 1048 1033 1077; x_wconf 91' lang='lat' dir='ltr'>in</span> <span class='ocrx_word' id='word_1_80' title='bbox 1059 1049 1186 1086; x_wconf 79' lang='lat' dir='ltr'>episco-</span> 
     </span>
     <span class='ocr_line' id='line_1_14' title="bbox 175 1099 1185 1139; baseline 0.002 -9"><span class='ocrx_word' id='word_1_81' title='bbox 175 1110 255 1139; x_wconf 92' lang='lat' dir='ltr'>pum</span> <span class='ocrx_word' id='word_1_82' title='bbox 272 1104 302 1130; x_wconf 85' lang='lat' dir='ltr'>et</span> <span class='ocrx_word' id='word_1_83' title='bbox 315 1105 492 1138; x_wconf 81' lang='lat' dir='ltr'>pastorem.</span> <span class='ocrx_word' id='word_1_84' title='bbox 505 1099 665 1138; x_wconf 74' lang='lat' dir='ltr'>Alioquin</span> <span class='ocrx_word' id='word_1_85' title='bbox 681 1099 788 1129; x_wconf 87' lang='lat' dir='ltr'>eidem</span> <span class='ocrx_word' id='word_1_86' title='bbox 803 1099 1050 1139; x_wconf 69' lang='lat' dir='ltr'>archiepiscopo</span> <span class='ocrx_word' id='word_1_87' title='bbox 1063 1100 1185 1132; x_wconf 86' lang='lat' dir='ltr'>litteris</span> 
     </span>
     <span class='ocr_line' id='line_1_15' title="bbox 177 1152 1185 1193; baseline 0.002 -10"><span class='ocrx_word' id='word_1_88' title='bbox 177 1153 300 1183; x_wconf 88' lang='lat' dir='ltr'>nostris</span> <span class='ocrx_word' id='word_1_89' title='bbox 312 1153 518 1192; x_wconf 61' lang='lat' dir='ltr'>injungimus</span> <span class='ocrx_word' id='word_1_90' title='bbox 532 1156 567 1181; x_wconf 90' lang='lat' dir='ltr'>ut</span> <span class='ocrx_word' id='word_1_91' title='bbox 584 1152 653 1190; x_wconf 89' lang='lat' dir='ltr'>ipse</span> <span class='ocrx_word' id='word_1_92' title='bbox 666 1152 861 1182; x_wconf 88' lang='lat' dir='ltr'>auctoritate</span> <span class='ocrx_word' id='word_1_93' title='bbox 878 1156 989 1182; x_wconf 85' lang='lat' dir='ltr'>nostra</span> <span class='ocrx_word' id='word_1_94' title='bbox 1001 1157 1061 1183; x_wconf 88' lang='lat' dir='ltr'>etc.</span> <span class='ocrx_word' id='word_1_95' title='bbox 1080 1163 1185 1193; x_wconf 85' lang='lat' dir='ltr'>usque</span> 
     </span>
     <span class='ocr_line' id='line_1_16' title="bbox 176 1205 723 1241; baseline -0.004 -5"><span class='ocrx_word' id='word_1_96' title='bbox 176 1206 211 1236; x_wconf 90' lang='lat' dir='ltr'>in</span> <span class='ocrx_word' id='word_1_97' title='bbox 229 1206 340 1241; x_wconf 87' lang='lat' dir='ltr'>finem,</span> <span class='ocrx_word' id='word_1_98' title='bbox 358 1205 495 1235; x_wconf 86' lang='lat' dir='ltr'>mutatis</span> <span class='ocrx_word' id='word_1_99' title='bbox 510 1205 690 1235; x_wconf 79' lang='lat' dir='ltr'>mutandis.</span> <span class='ocrx_word' id='word_1_100' title='bbox 710 1217 723 1231; x_wconf 74' lang='lat' dir='ltr'>n</span> 
     </span>
    </p>
   </div>
   <div class='ocr_carea' id='block_1_6' title="bbox 251 1387 1112 1423">
    <p class='ocr_par' dir='ltr' id='par_1_6' title="bbox 251 1387 1112 1423">
     <span class='ocr_line' id='line_1_17' title="bbox 251 1387 1112 1423; baseline 0.008 -12"><span class='ocrx_word' id='word_1_101' title='bbox 251 1390 336 1418; x_wconf 66' lang='lat'>1134</span> <span class='ocrx_word' id='word_1_102' title='bbox 729 1387 847 1423; x_wconf 84' lang='lat' dir='ltr'>Naples,</span> <span class='ocrx_word' id='word_1_103' title='bbox 865 1389 896 1416; x_wconf 70' lang='grc'>12</span> <span class='ocrx_word' id='word_1_104' title='bbox 912 1390 1016 1416; x_wconf 75' lang='lat' dir='ltr'>sevrier</span> <span class='ocrx_word' id='word_1_105' title='bbox 1033 1391 1112 1418; x_wconf 76' lang='lat'><strong>1255.</strong></span> 
     </span>
    </p>
   </div>
   <div class='ocr_carea' id='block_1_7' title="bbox 175 1449 1186 1776">
    <p class='ocr_par' dir='ltr' id='par_1_7' title="bbox 175 1449 1186 1776">
     <span class='ocr_line' id='line_1_18' title="bbox 211 1449 1185 1484; baseline 0.002 -7"><span class='ocrx_word' id='word_1_106' title='bbox 211 1451 354 1478; x_wconf 76' lang='lat' dir='ltr'>Omnibus</span> <span class='ocrx_word' id='word_1_107' title='bbox 376 1450 411 1476; x_wconf 88' lang='lat' dir='ltr'>de</span> <span class='ocrx_word' id='word_1_108' title='bbox 433 1450 547 1484; x_wconf 76' lang='lat' dir='ltr'>Tui-ego</span> <span class='ocrx_word' id='word_1_109' title='bbox 567 1449 715 1477; x_wconf 83' lang='lat' dir='ltr'>Ecclesiae</span> <span class='ocrx_word' id='word_1_110' title='bbox 735 1450 883 1477; x_wconf 83' lang='lat' dir='ltr'>Romanae</span> <span class='ocrx_word' id='word_1_111' title='bbox 899 1450 1028 1483; x_wconf 84' lang='lat' dir='ltr'>devotis,</span> <span class='ocrx_word' id='word_1_112' title='bbox 1045 1451 1185 1480; x_wconf 88' lang='lat' dir='ltr'>Constan-</span> 
     </span>
     <span class='ocr_line' id='line_1_19' title="bbox 175 1498 1184 1533; baseline 0.001 -7"><span class='ocrx_word' id='word_1_113' title='bbox 175 1499 278 1526; x_wconf 87' lang='lat' dir='ltr'>tiensis</span> <span class='ocrx_word' id='word_1_114' title='bbox 293 1498 429 1530; x_wconf 88' lang='lat' dir='ltr'>diocesis,</span> <span class='ocrx_word' id='word_1_115' title='bbox 442 1498 548 1532; x_wconf 84' lang='lat' dir='ltr'>quibus</span> <span class='ocrx_word' id='word_1_116' title='bbox 564 1501 630 1533; x_wconf 88' lang='lat' dir='ltr'>post</span> <span class='ocrx_word' id='word_1_117' title='bbox 645 1498 791 1532; x_wconf 83' lang='lat' dir='ltr'>sequelam</span> <span class='ocrx_word' id='word_1_118' title='bbox 808 1499 951 1533; x_wconf 85' lang='lat' dir='ltr'>quondam</span> <span class='ocrx_word' id='word_1_119' title='bbox 968 1499 1111 1527; x_wconf 85' lang='lat' dir='ltr'>Frederici</span> <span class='ocrx_word' id='word_1_120' title='bbox 1128 1502 1184 1527; x_wconf 92' lang='lat' dir='ltr'>im-</span> 
     </span>
     <span class='ocr_line' id='line_1_20' title="bbox 176 1546 1185 1583; baseline 0.003 -9"><span class='ocrx_word' id='word_1_121' title='bbox 176 1548 317 1583; x_wconf 86' lang='lat' dir='ltr'>peratoris</span> <span class='ocrx_word' id='word_1_122' title='bbox 337 1547 524 1582; x_wconf 78' lang='lat' dir='ltr'>impunitates</span> <span class='ocrx_word' id='word_1_123' title='bbox 544 1546 733 1573; x_wconf 85' lang='lat' dir='ltr'>Innocentius</span> <span class='ocrx_word' id='word_1_124' title='bbox 749 1555 820 1582; x_wconf 87' lang='lat' dir='ltr'>papa</span> <span class='ocrx_word' id='word_1_125' title='bbox 835 1551 863 1574; x_wconf 86' lang='lat' dir='ltr'>et</span> <span class='ocrx_word' id='word_1_126' title='bbox 880 1547 916 1575; x_wconf 91' lang='lat' dir='ltr'>H.</span> <span class='ocrx_word' id='word_1_127' title='bbox 930 1549 1004 1575; x_wconf 91' lang='lat' dir='ltr'>tituli</span> <span class='ocrx_word' id='word_1_128' title='bbox 1021 1557 1044 1576; x_wconf 89' lang='lat' dir='ltr'>s.</span> <span class='ocrx_word' id='word_1_129' title='bbox 1063 1549 1185 1578; x_wconf 84' lang='lat' dir='ltr'>Sabinae</span> 
     </span>
     <span class='ocr_line' id='line_1_21' title="bbox 176 1595 1186 1632; baseline 0.003 -9"><span class='ocrx_word' id='word_1_130' title='bbox 176 1596 327 1632; x_wconf 74' lang='lat' dir='ltr'>presbyter</span> <span class='ocrx_word' id='word_1_131' title='bbox 342 1595 495 1621; x_wconf 87' lang='lat' dir='ltr'>cardinalis</span> <span class='ocrx_word' id='word_1_132' title='bbox 509 1599 579 1622; x_wconf 88' lang='lat' dir='ltr'>tunc</span> <span class='ocrx_word' id='word_1_133' title='bbox 595 1596 622 1621; x_wconf 92' lang='lat' dir='ltr'>in</span> <span class='ocrx_word' id='word_1_134' title='bbox 640 1595 694 1622; x_wconf 86' lang='lat' dir='ltr'>illis</span> <span class='ocrx_word' id='word_1_135' title='bbox 710 1595 840 1630; x_wconf 87' lang='lat' dir='ltr'>partibus</span> <span class='ocrx_word' id='word_1_136' title='bbox 855 1598 1029 1631; x_wconf 81' lang='lat' dir='ltr'>apostolicae</span> <span class='ocrx_word' id='word_1_137' title='bbox 1045 1598 1129 1625; x_wconf 87' lang='lat' dir='ltr'>Sedis</span> <span class='ocrx_word' id='word_1_138' title='bbox 1146 1600 1186 1626; x_wconf 87' lang='lat' dir='ltr'>le-</span> 
     </span>
     <span class='ocr_line' id='line_1_22' title="bbox 175 1643 1186 1681; baseline 0.005 -11"><span class='ocrx_word' id='word_1_139' title='bbox 175 1648 261 1679; x_wconf 86' lang='lat' dir='ltr'>gatus</span> <span class='ocrx_word' id='word_1_140' title='bbox 281 1644 426 1670; x_wconf 81' lang='lat' dir='ltr'>duxerunt</span> <span class='ocrx_word' id='word_1_141' title='bbox 447 1643 662 1678; x_wconf 86' lang='lat' dir='ltr'>concedendas,</span> <span class='ocrx_word' id='word_1_142' title='bbox 678 1644 940 1672; x_wconf 81' lang='lat' dir='ltr'>reconciliationem</span> <span class='ocrx_word' id='word_1_143' title='bbox 956 1649 984 1672; x_wconf 86' lang='lat' dir='ltr'>et</span> <span class='ocrx_word' id='word_1_144' title='bbox 999 1647 1186 1681; x_wconf 81' lang='lat' dir='ltr'>impunitates</span> 
     </span>
     <span class='ocr_line' id='line_1_23' title="bbox 175 1692 1185 1730; baseline 0.005 -12"><span class='ocrx_word' id='word_1_145' title='bbox 175 1693 335 1719; x_wconf 82' lang='lat' dir='ltr'>confirmat.</span> <span class='ocrx_word' id='word_1_146' title='bbox 363 1692 447 1725; x_wconf 69' lang='lat' dir='ltr'>(Rue.</span> <span class='ocrx_word' id='word_1_147' title='bbox 473 1692 518 1726; x_wconf 68' lang='lat'>24,</span> <span class='ocrx_word' id='word_1_148' title='bbox 541 1700 567 1719; x_wconf 83' lang='grc'><strong>0,</strong></span> <span class='ocrx_word' id='word_1_149' title='bbox 589 1692 649 1724; x_wconf 84' lang='grc'><strong>145,</strong></span> <span class='ocrx_word' id='word_1_150' title='bbox 675 1693 695 1718; x_wconf 81' lang='lat' dir='ltr'>f.</span> <span class='ocrx_word' id='word_1_151' title='bbox 722 1692 784 1726; x_wconf 70' lang='lat' dir='ltr'>18v3</span> <span class='ocrx_word' id='word_1_152' title='bbox 807 1692 977 1726; x_wconf 63' lang='lat' dir='ltr'>Bsnuoumi,</span> <span class='ocrx_word' id='word_1_153' title='bbox 999 1696 1066 1722; x_wconf 77' lang='lat' dir='ltr'>Acca</span> <span class='ocrx_word' id='word_1_154' title='bbox 1081 1697 1185 1730; x_wconf 79' lang='lat' dir='ltr'>pontif.</span> 
     </span>
     <span class='ocr_line' id='line_1_24' title="bbox 175 1741 421 1776; baseline -0.008 -8"><span class='ocrx_word' id='word_1_155' title='bbox 175 1741 283 1776; x_wconf 59' lang='lat' dir='ltr'>helvet„</span> <span class='ocrx_word' id='word_1_156' title='bbox 301 1747 332 1767; x_wconf 78' lang='lat'>11⁰</span> <span class='ocrx_word' id='word_1_157' title='bbox 347 1741 421 1773; x_wconf 81' lang='lat'>645.)</span> 
     </span>
    </p>
   </div>
   <div class='ocr_carea' id='block_1_8' title="bbox 174 1842 1187 2092">
    <p class='ocr_par' dir='ltr' id='par_1_8' title="bbox 174 1842 1187 2092">
     <span class='ocr_line' id='line_1_25' title="bbox 219 1842 1186 1879; baseline 0.007 -11"><span class='ocrx_word' id='word_1_158' title='bbox 219 1854 232 1868; x_wconf 85' lang='lat'>«</span> <span class='ocrx_word' id='word_1_159' title='bbox 249 1842 405 1871; x_wconf 76' lang='lat' dir='ltr'>Nobilibus</span> <span class='ocrx_word' id='word_1_160' title='bbox 422 1842 501 1870; x_wconf 75' lang='lat' dir='ltr'>viris</span> <span class='ocrx_word' id='word_1_161' title='bbox 513 1842 540 1871; x_wconf 88' lang='lat' dir='ltr'>J.</span> <span class='ocrx_word' id='word_1_162' title='bbox 558 1842 791 1878; x_wconf 70' lang='lat' dir='ltr'>Moleudinario,</span> <span class='ocrx_word' id='word_1_163' title='bbox 811 1844 842 1872; x_wconf 86' lang='lat' dir='ltr'>U.</span> <span class='ocrx_word' id='word_1_164' title='bbox 857 1843 999 1879; x_wconf 81' lang='lat' dir='ltr'>Sculteto,</span> <span class='ocrx_word' id='word_1_165' title='bbox 1017 1846 1048 1874; x_wconf 89' lang='lat' dir='ltr'>B.</span> <span class='ocrx_word' id='word_1_166' title='bbox 1065 1846 1099 1875; x_wconf 82' lang='lat' dir='ltr'>de</span> <span class='ocrx_word' id='word_1_167' title='bbox 1113 1847 1186 1875; x_wconf 85' lang='lat' dir='ltr'>Hot-</span> 
     </span>
     <span class='ocr_line' id='line_1_26' title="bbox 177 1894 1186 1932; baseline 0.004 -8"><span class='ocrx_word' id='word_1_168' title='bbox 177 1896 292 1932; x_wconf 72' lang='lat' dir='ltr'>tinyeu,</span> <span class='ocrx_word' id='word_1_169' title='bbox 312 1895 347 1923; x_wconf 88' lang='grc' dir='ltr'>Η.</span> <span class='ocrx_word' id='word_1_170' title='bbox 367 1895 519 1929; x_wconf 75' lang='lat' dir='ltr'>Brunoni,</span> <span class='ocrx_word' id='word_1_171' title='bbox 535 1894 565 1924; x_wconf 87' lang='lat' dir='ltr'>C.</span> <span class='ocrx_word' id='word_1_172' title='bbox 587 1895 733 1930; x_wconf 64' lang='lat' dir='ltr'>ll&#39;ellensi,</span> <span class='ocrx_word' id='word_1_173' title='bbox 749 1896 780 1925; x_wconf 87' lang='lat' dir='ltr'>C.</span> <span class='ocrx_word' id='word_1_174' title='bbox 805 1896 1096 1927; x_wconf 70' lang='lat' dir='ltr'>Il&#39;icensimilitibus</span> <span class='ocrx_word' id='word_1_175' title='bbox 1112 1904 1186 1928; x_wconf 73' lang='lat' dir='ltr'>cete-</span> 
     </span>
     <span class='ocr_line' id='line_1_27' title="bbox 174 1947 1187 1985; baseline 0.004 -9"><span class='ocrx_word' id='word_1_176' title='bbox 174 1949 279 1985; x_wconf 77' lang='lat' dir='ltr'>risque</span> <span class='ocrx_word' id='word_1_177' title='bbox 306 1948 339 1976; x_wconf 79' lang='lat' dir='ltr'>de</span> <span class='ocrx_word' id='word_1_178' title='bbox 361 1948 473 1984; x_wconf 66' lang='lat' dir='ltr'>Tuo-eye</span> <span class='ocrx_word' id='word_1_179' title='bbox 496 1947 624 1976; x_wconf 69' lang='lat' dir='ltr'>Ecclesia</span> <span class='ocrx_word' id='word_1_180' title='bbox 644 1949 775 1976; x_wconf 79' lang='lat' dir='ltr'>Romane</span> <span class='ocrx_word' id='word_1_181' title='bbox 797 1949 920 1984; x_wconf 76' lang='lat' dir='ltr'>devotis,</span> <span class='ocrx_word' id='word_1_182' title='bbox 947 1950 1187 1980; x_wconf 76' lang='lat' dir='ltr'>Constantiensis</span> 
     </span>
     <span class='ocr_line' id='line_1_28' title="bbox 175 2000 1184 2039; baseline 0.003 -9"><span class='ocrx_word' id='word_1_183' title='bbox 175 2001 310 2030; x_wconf 74' lang='lat' dir='ltr'>diocesis.</span> <span class='ocrx_word' id='word_1_184' title='bbox 326 2000 409 2030; x_wconf 90' lang='lat' dir='ltr'>Cum</span> <span class='ocrx_word' id='word_1_185' title='bbox 421 2000 507 2030; x_wconf 89' lang='lat' dir='ltr'>sicut</span> <span class='ocrx_word' id='word_1_186' title='bbox 518 2008 556 2030; x_wconf 80' lang='lat' dir='ltr'>ex</span> <span class='ocrx_word' id='word_1_187' title='bbox 566 2016 615 2028; x_wconf 89' lang='lat'>—.</span> <span class='ocrx_word' id='word_1_188' title='bbox 628 2001 702 2030; x_wconf 85' lang='lat' dir='ltr'>Dat.</span> <span class='ocrx_word' id='word_1_189' title='bbox 715 2001 866 2039; x_wconf 91' lang='lat' dir='ltr'>Neapoli,</span> <span class='ocrx_word' id='word_1_190' title='bbox 882 2003 914 2032; x_wconf 89' lang='lat' dir='ltr'>II</span> <span class='ocrx_word' id='word_1_191' title='bbox 925 2002 1000 2032; x_wconf 89' lang='lat' dir='ltr'>idus</span> <span class='ocrx_word' id='word_1_192' title='bbox 1011 2003 1184 2039; x_wconf 85' lang='lat' dir='ltr'>februarii,</span> 
     </span>
     <span class='ocr_line' id='line_1_29' title="bbox 177 2054 432 2092; baseline -0.004 -8"><span class='ocrx_word' id='word_1_193' title='bbox 177 2063 264 2084; x_wconf 86' lang='lat' dir='ltr'>anno</span> <span class='ocrx_word' id='word_1_194' title='bbox 282 2054 399 2092; x_wconf 88' lang='lat' dir='ltr'>primo.</span> <span class='ocrx_word' id='word_1_195' title='bbox 420 2066 432 2080; x_wconf 68' lang='lat'>&gt;1</span> 
     </span>
    </p>
   </div>
   <div class='ocr_carea' id='block_1_9' title="bbox 251 2238 1114 2273">
    <p class='ocr_par' dir='ltr' id='par_1_9' title="bbox 251 2238 1114 2273">
     <span class='ocr_line' id='line_1_30' title="bbox 251 2238 1114 2273; baseline 0.002 -7"><span class='ocrx_word' id='word_1_196' title='bbox 251 2239 338 2266; x_wconf 71' lang='lat'>1135</span> <span class='ocrx_word' id='word_1_197' title='bbox 748 2238 867 2273; x_wconf 64' lang='lat' dir='ltr'>Names,</span> <span class='ocrx_word' id='word_1_198' title='bbox 884 2239 899 2266; x_wconf 79' lang='lat'><strong>6</strong></span> <span class='ocrx_word' id='word_1_199' title='bbox 915 2239 1019 2266; x_wconf 73' lang='lat' dir='ltr'>fevi-ier</span> <span class='ocrx_word' id='word_1_200' title='bbox 1036 2241 1114 2268; x_wconf 69' lang='lat'>1255.</span> 
     </span>
    </p>
   </div>
   <div class='ocr_carea' id='block_1_10' title="bbox 212 2298 1186 2335">
    <p class='ocr_par' dir='ltr' id='par_1_10' title="bbox 212 2298 1186 2335">
     <span class='ocr_line' id='line_1_31' title="bbox 212 2298 1186 2335; baseline 0.006 -10"><span class='ocrx_word' id='word_1_201' title='bbox 212 2299 346 2325; x_wconf 89' lang='lat' dir='ltr'>Mutuum</span> <span class='ocrx_word' id='word_1_202' title='bbox 367 2298 465 2325; x_wconf 89' lang='lat' dir='ltr'>XCVI</span> <span class='ocrx_word' id='word_1_203' title='bbox 483 2307 642 2326; x_wconf 86' lang='lat' dir='ltr'>marcarum</span> <span class='ocrx_word' id='word_1_204' title='bbox 663 2300 868 2334; x_wconf 81' lang='lat' dir='ltr'>sterlingorum</span> <span class='ocrx_word' id='word_1_205' title='bbox 885 2301 961 2335; x_wconf 87' lang='lat' dir='ltr'>quod</span> <span class='ocrx_word' id='word_1_206' title='bbox 982 2301 1119 2330; x_wconf 84' lang='lat' dir='ltr'>Nicotaus</span> <span class='ocrx_word' id='word_1_207' title='bbox 1139 2312 1186 2331; x_wconf 89' lang='lat' dir='ltr'>ca-</span> 
     </span>
    </p>
   </div>
   <div class='ocr_carea' id='block_1_11' title="bbox 177 2348 1186 2431">
    <p class='ocr_par' dir='ltr' id='par_1_11' title="bbox 177 2348 1186 2431">
     <span class='ocr_line' id='line_1_32' title="bbox 177 2348 1186 2382; baseline 0.006 -8"><span class='ocrx_word' id='word_1_208' title='bbox 177 2349 318 2374; x_wconf 79' lang='lat' dir='ltr'>merarius</span> <span class='ocrx_word' id='word_1_209' title='bbox 339 2356 412 2374; x_wconf 84' lang='lat' dir='ltr'>suus</span> <span class='ocrx_word' id='word_1_210' title='bbox 432 2348 574 2375; x_wconf 72' lang='lat' dir='ltr'>contraxit</span> <span class='ocrx_word' id='word_1_211' title='bbox 594 2356 662 2382; x_wconf 82' lang='lat' dir='ltr'>erga</span> <span class='ocrx_word' id='word_1_212' title='bbox 675 2352 770 2375; x_wconf 84' lang='lat' dir='ltr'>certos</span> <span class='ocrx_word' id='word_1_213' title='bbox 787 2353 960 2377; x_wconf 85' lang='lat' dir='ltr'>mercatores</span> <span class='ocrx_word' id='word_1_214' title='bbox 976 2350 1122 2379; x_wconf 71' lang='lat' dir='ltr'>senenses</span> <span class='ocrx_word' id='word_1_215' title='bbox 1139 2361 1186 2380; x_wconf 88' lang='lat' dir='ltr'>ra-</span> 
     </span>
     <span class='ocr_line' id='line_1_33' title="bbox 178 2396 756 2431; baseline 0.003 -9"><span class='ocrx_word' id='word_1_216' title='bbox 178 2399 239 2422; x_wconf 89' lang='lat' dir='ltr'>tum</span> <span class='ocrx_word' id='word_1_217' title='bbox 255 2396 350 2422; x_wconf 85' lang='lat' dir='ltr'>habet.</span> <span class='ocrx_word' id='word_1_218' title='bbox 369 2396 452 2429; x_wconf 72' lang='lat' dir='ltr'>(Rm,</span> <span class='ocrx_word' id='word_1_219' title='bbox 470 2396 513 2430; x_wconf 71' lang='lat'>⁵24,</span> <span class='ocrx_word' id='word_1_220' title='bbox 531 2405 555 2422; x_wconf 85' lang='lat' dir='ltr'>c.</span> <span class='ocrx_word' id='word_1_221' title='bbox 576 2397 636 2431; x_wconf 82' lang='lat'>146,</span> <span class='ocrx_word' id='word_1_222' title='bbox 653 2397 672 2423; x_wconf 82' lang='lat' dir='ltr'>f.</span> <span class='ocrx_word' id='word_1_223' title='bbox 690 2397 756 2429; x_wconf 84' lang='lat' dir='ltr'>18v.)</span> 
     </span>
    </p>
   </div>
   <div class='ocr_carea' id='block_1_12' title="bbox 178 2498 1188 2909">
    <p class='ocr_par' dir='ltr' id='par_1_12' title="bbox 178 2498 1188 2909">
     <span class='ocr_line' id='line_1_34' title="bbox 221 2498 1188 2540; baseline 0.011 -17"><span class='ocrx_word' id='word_1_224' title='bbox 221 2510 234 2524; x_wconf 65' lang='grc' dir='ltr'>ι(</span> <span class='ocrx_word' id='word_1_225' title='bbox 255 2498 466 2526; x_wconf 68' lang='lat' dir='ltr'>Beneventum</span> <span class='ocrx_word' id='word_1_226' title='bbox 481 2498 662 2533; x_wconf 72' lang='lat' dir='ltr'>Berardt&#39;ni,</span> <span class='ocrx_word' id='word_1_227' title='bbox 680 2499 888 2529; x_wconf 65' lang='lat' dir='ltr'>Bao-tholomeo</span> <span class='ocrx_word' id='word_1_228' title='bbox 909 2501 1016 2537; x_wconf 78' lang='lat' dir='ltr'>Guidt‘,</span> <span class='ocrx_word' id='word_1_229' title='bbox 1036 2503 1188 2540; x_wconf 68' lang='lat' dir='ltr'>lluqolino</span> 
     </span>
     <span class='ocr_line' id='line_1_35' title="bbox 178 2550 1188 2588; baseline 0.008 -10"><span class='ocrx_word' id='word_1_230' title='bbox 178 2550 353 2584; x_wconf 75' lang='lat' dir='ltr'>Belmontis,</span> <span class='ocrx_word' id='word_1_231' title='bbox 372 2550 513 2587; x_wconf 65' lang='lat' dir='ltr'>Captum</span> <span class='ocrx_word' id='word_1_232' title='bbox 530 2550 641 2578; x_wconf 71' lang='lat' dir='ltr'>Baetin</span> <span class='ocrx_word' id='word_1_233' title='bbox 663 2559 825 2587; x_wconf 81' lang='lat' dir='ltr'>eorumque</span> <span class='ocrx_word' id='word_1_234' title='bbox 845 2553 945 2588; x_wconf 78' lang='lat' dir='ltr'>sociis,</span> <span class='ocrx_word' id='word_1_235' title='bbox 969 2557 1188 2586; x_wconf 73' lang='lat' dir='ltr'>mercatoribus</span> 
     </span>
     <span class='ocr_line' id='line_1_36' title="bbox 178 2601 1187 2639; baseline 0.006 -7"><span class='ocrx_word' id='word_1_236' title='bbox 178 2602 370 2632; x_wconf 74' lang='lat' dir='ltr'>Senensibus.</span> <span class='ocrx_word' id='word_1_237' title='bbox 400 2602 483 2632; x_wconf 88' lang='lat' dir='ltr'>Cum</span> <span class='ocrx_word' id='word_1_238' title='bbox 512 2601 652 2631; x_wconf 87' lang='lat' dir='ltr'>dilectus</span> <span class='ocrx_word' id='word_1_239' title='bbox 682 2602 771 2632; x_wconf 87' lang='lat' dir='ltr'>filius</span> <span class='ocrx_word' id='word_1_240' title='bbox 799 2603 957 2635; x_wconf 89' lang='lat' dir='ltr'>Nicolaus</span> <span class='ocrx_word' id='word_1_241' title='bbox 984 2609 1187 2639; x_wconf 84' lang='lat' dir='ltr'>camerarius</span> 
     </span>
     <span class='ocr_line' id='line_1_37' title="bbox 179 2654 1188 2692; baseline 0.007 -8"><span class='ocrx_word' id='word_1_242' title='bbox 179 2658 291 2685; x_wconf 89' lang='lat' dir='ltr'>noster</span> <span class='ocrx_word' id='word_1_243' title='bbox 312 2663 369 2692; x_wconf 87' lang='lat' dir='ltr'>pro</span> <span class='ocrx_word' id='word_1_244' title='bbox 386 2654 641 2684; x_wconf 82' lang='lat' dir='ltr'>necessitatibus</span> <span class='ocrx_word' id='word_1_245' title='bbox 658 2655 806 2685; x_wconf 84' lang='lat' dir='ltr'>Romane</span> <span class='ocrx_word' id='word_1_246' title='bbox 823 2656 969 2688; x_wconf 86' lang='lat' dir='ltr'>Ecclesie</span> <span class='ocrx_word' id='word_1_247' title='bbox 986 2668 1004 2688; x_wconf 87' lang='lat' dir='ltr'>a</span> <span class='ocrx_word' id='word_1_248' title='bbox 1018 2660 1112 2691; x_wconf 88' lang='lat' dir='ltr'>vobis</span> <span class='ocrx_word' id='word_1_249' title='bbox 1129 2670 1188 2691; x_wconf 89' lang='lat' dir='ltr'>no-</span> 
     </span>
     <span class='ocr_line' id='line_1_38' title="bbox 179 2707 1187 2746; baseline 0.007 -9"><span class='ocrx_word' id='word_1_250' title='bbox 179 2707 317 2746; x_wconf 83' lang='lat' dir='ltr'>naginta</span> <span class='ocrx_word' id='word_1_251' title='bbox 337 2716 392 2737; x_wconf 82' lang='lat' dir='ltr'>sex</span> <span class='ocrx_word' id='word_1_252' title='bbox 408 2716 535 2737; x_wconf 88' lang='lat' dir='ltr'>marcas</span> <span class='ocrx_word' id='word_1_253' title='bbox 552 2707 786 2745; x_wconf 80' lang='lat' dir='ltr'>sterlingorum</span> <span class='ocrx_word' id='word_1_254' title='bbox 803 2717 963 2739; x_wconf 88' lang='lat' dir='ltr'>novorum</span> <span class='ocrx_word' id='word_1_255' title='bbox 979 2711 1017 2741; x_wconf 88' lang='lat' dir='ltr'>de</span> <span class='ocrx_word' id='word_1_256' title='bbox 1033 2714 1187 2744; x_wconf 87' lang='lat' dir='ltr'>mandato</span> 
     </span>
     <span class='ocr_line' id='line_1_39' title="bbox 179 2759 1187 2798; baseline 0.006 -8"><span class='ocrx_word' id='word_1_257' title='bbox 179 2764 293 2790; x_wconf 88' lang='lat' dir='ltr'>nostro</span> <span class='ocrx_word' id='word_1_258' title='bbox 314 2760 447 2789; x_wconf 89' lang='lat' dir='ltr'>nomine</span> <span class='ocrx_word' id='word_1_259' title='bbox 467 2759 576 2789; x_wconf 88' lang='lat' dir='ltr'>mutui</span> <span class='ocrx_word' id='word_1_260' title='bbox 595 2760 757 2798; x_wconf 85' lang='lat' dir='ltr'>receperit</span> <span class='ocrx_word' id='word_1_261' title='bbox 778 2761 877 2791; x_wconf 85' lang='lat' dir='ltr'>certis</span> <span class='ocrx_word' id='word_1_262' title='bbox 900 2761 970 2793; x_wconf 90' lang='lat' dir='ltr'>loco</span> <span class='ocrx_word' id='word_1_263' title='bbox 993 2768 1024 2793; x_wconf 87' lang='lat' dir='ltr'>et</span> <span class='ocrx_word' id='word_1_264' title='bbox 1045 2767 1187 2797; x_wconf 86' lang='lat' dir='ltr'>termino</span> 
     </span>
     <span class='ocr_line' id='line_1_40' title="bbox 179 2812 1188 2853; baseline 0.006 -11"><span class='ocrx_word' id='word_1_265' title='bbox 179 2813 272 2843; x_wconf 87' lang='lat' dir='ltr'>vobis</span> <span class='ocrx_word' id='word_1_266' title='bbox 288 2812 533 2851; x_wconf 87' lang='lat' dir='ltr'>persolvendas,</span> <span class='ocrx_word' id='word_1_267' title='bbox 547 2812 633 2842; x_wconf 89' lang='lat' dir='ltr'>sicut</span> <span class='ocrx_word' id='word_1_268' title='bbox 644 2813 678 2842; x_wconf 87' lang='lat' dir='ltr'>in</span> <span class='ocrx_word' id='word_1_269' title='bbox 690 2813 912 2845; x_wconf 87' lang='lat' dir='ltr'>instrumento</span> <span class='ocrx_word' id='word_1_270' title='bbox 922 2825 980 2853; x_wconf 88' lang='lat' dir='ltr'>per</span> <span class='ocrx_word' id='word_1_271' title='bbox 995 2817 1188 2848; x_wconf 88' lang='lat' dir='ltr'>Noclerium</span> 
     </span>
     <span class='ocr_line' id='line_1_41' title="bbox 180 2865 1188 2909; baseline 0.007 -15"><span class='ocrx_word' id='word_1_272' title='bbox 180 2865 395 2895; x_wconf 85' lang='lat' dir='ltr'>scriniarium</span> <span class='ocrx_word' id='word_1_273' title='bbox 407 2865 484 2895; x_wconf 88' lang='lat' dir='ltr'>inde</span> <span class='ocrx_word' id='word_1_274' title='bbox 497 2865 645 2895; x_wconf 84' lang='lat' dir='ltr'>confecto</span> <span class='ocrx_word' id='word_1_275' title='bbox 659 2865 792 2904; x_wconf 89' lang='lat' dir='ltr'>plenius</span> <span class='ocrx_word' id='word_1_276' title='bbox 808 2867 1006 2904; x_wconf 85' lang='lat' dir='ltr'>continetur,</span> <span class='ocrx_word' id='word_1_277' title='bbox 1022 2878 1081 2900; x_wconf 89' lang='lat' dir='ltr'>nos</span> <span class='ocrx_word' id='word_1_278' title='bbox 1100 2871 1188 2909; x_wconf 87' lang='lat' dir='ltr'>quod</span> 
     </span>
    </p>
   </div>
   <div class='ocr_carea' id='block_1_13' title="bbox 1269 287 2282 432">
    <p class='ocr_par' dir='ltr' id='par_1_13' title="bbox 1269 287 2282 432">
     <span class='ocr_line' id='line_1_42' title="bbox 1269 287 2282 326; baseline 0.006 -10"><span class='ocrx_word' id='word_1_279' title='bbox 1269 287 1310 317; x_wconf 90' lang='lat' dir='ltr'>ab</span> <span class='ocrx_word' id='word_1_280' title='bbox 1326 287 1397 326; x_wconf 88' lang='lat' dir='ltr'>ipso</span> <span class='ocrx_word' id='word_1_281' title='bbox 1414 289 1596 319; x_wconf 88' lang='lat' dir='ltr'>camerario</span> <span class='ocrx_word' id='word_1_282' title='bbox 1611 289 1736 320; x_wconf 87' lang='lat' dir='ltr'>factum</span> <span class='ocrx_word' id='word_1_283' title='bbox 1753 294 1813 325; x_wconf 87' lang='lat' dir='ltr'>est,</span> <span class='ocrx_word' id='word_1_284' title='bbox 1831 294 1940 320; x_wconf 88' lang='lat' dir='ltr'>ratum</span> <span class='ocrx_word' id='word_1_285' title='bbox 1954 289 2116 321; x_wconf 88' lang='lat' dir='ltr'>habemus</span> <span class='ocrx_word' id='word_1_286' title='bbox 2132 295 2164 322; x_wconf 86' lang='lat' dir='ltr'>et</span> <span class='ocrx_word' id='word_1_287' title='bbox 2183 291 2282 322; x_wconf 63' lang='lat' dir='ltr'>volu-1</span> 
     </span>
     <span class='ocr_line' id='line_1_43' title="bbox 1269 341 2279 381; baseline 0.004 -12"><span class='ocrx_word' id='word_1_288' title='bbox 1269 349 1343 370; x_wconf 90' lang='lat' dir='ltr'>mus</span> <span class='ocrx_word' id='word_1_289' title='bbox 1366 341 1506 371; x_wconf 87' lang='lat' dir='ltr'>firmiter</span> <span class='ocrx_word' id='word_1_290' title='bbox 1527 341 1708 372; x_wconf 85' lang='lat' dir='ltr'>observari.</span> <span class='ocrx_word' id='word_1_291' title='bbox 1734 343 1808 372; x_wconf 88' lang='lat' dir='ltr'>Dat.</span> <span class='ocrx_word' id='word_1_292' title='bbox 1834 342 1991 381; x_wconf 88' lang='lat' dir='ltr'>Neapoli,</span> <span class='ocrx_word' id='word_1_293' title='bbox 2021 344 2102 373; x_wconf 84' lang='lat' dir='ltr'>VIII</span> <span class='ocrx_word' id='word_1_294' title='bbox 2127 343 2203 373; x_wconf 87' lang='lat' dir='ltr'>idus</span> <span class='ocrx_word' id='word_1_295' title='bbox 2227 343 2279 374; x_wconf 80' lang='lat' dir='ltr'>fe-</span> 
     </span>
     <span class='ocr_line' id='line_1_44' title="bbox 1269 392 1678 432; baseline 0 -10"><span class='ocrx_word' id='word_1_296' title='bbox 1269 392 1408 428; x_wconf 89' lang='lat' dir='ltr'>bruarii,</span> <span class='ocrx_word' id='word_1_297' title='bbox 1425 402 1512 424; x_wconf 87' lang='lat' dir='ltr'>anno</span> <span class='ocrx_word' id='word_1_298' title='bbox 1527 394 1645 432; x_wconf 84' lang='lat' dir='ltr'>primo.</span> <span class='ocrx_word' id='word_1_299' title='bbox 1665 406 1678 422; x_wconf 77' lang='lat' dir='ltr'>n</span> 
     </span>
    </p>
   </div>
   <div class='ocr_carea' id='block_1_14' title="bbox 1345 579 2208 616">
    <p class='ocr_par' dir='ltr' id='par_1_14' title="bbox 1345 579 2208 616">
     <span class='ocr_line' id='line_1_45' title="bbox 1345 579 2208 616; baseline 0.002 -10"><span class='ocrx_word' id='word_1_300' title='bbox 1345 579 1432 608; x_wconf 69' lang='lat' dir='ltr'>18ss</span> <span class='ocrx_word' id='word_1_301' title='bbox 1826 580 1942 616; x_wconf 82' lang='lat' dir='ltr'>Naples‚</span> <span class='ocrx_word' id='word_1_302' title='bbox 1959 580 1993 608; x_wconf 72' lang='lat'>25</span> <span class='ocrx_word' id='word_1_303' title='bbox 2009 581 2114 607; x_wconf 77' lang='lat' dir='ltr'>fevi-ier</span> <span class='ocrx_word' id='word_1_304' title='bbox 2128 581 2208 608; x_wconf 71' lang='lat'>¹255.</span> 
     </span>
    </p>
   </div>
   <div class='ocr_carea' id='block_1_15' title="bbox 1269 640 2282 724">
    <p class='ocr_par' dir='ltr' id='par_1_15' title="bbox 1269 640 2282 724">
     <span class='ocr_line' id='line_1_46' title="bbox 1305 640 2282 678; baseline 0.002 -11"><span class='ocrx_word' id='word_1_305' title='bbox 1305 640 1449 676; x_wconf 76' lang='lat' dir='ltr'>Episcopo</span> <span class='ocrx_word' id='word_1_306' title='bbox 1466 641 1666 668; x_wconf 85' lang='lat' dir='ltr'>Lemovicensi</span> <span class='ocrx_word' id='word_1_307' title='bbox 1677 641 1802 675; x_wconf 85' lang='lat' dir='ltr'>mandat,</span> <span class='ocrx_word' id='word_1_308' title='bbox 1818 645 1849 668; x_wconf 86' lang='lat' dir='ltr'>ut</span> <span class='ocrx_word' id='word_1_309' title='bbox 1863 641 1989 668; x_wconf 78' lang='lat' dir='ltr'>Johanni</span> <span class='ocrx_word' id='word_1_310' title='bbox 2005 641 2041 668; x_wconf 86' lang='lat' dir='ltr'>de</span> <span class='ocrx_word' id='word_1_311' title='bbox 2056 641 2144 669; x_wconf 85' lang='lat' dir='ltr'>Borto</span> <span class='ocrx_word' id='word_1_312' title='bbox 2161 642 2282 678; x_wconf 80' lang='lat' dir='ltr'>pauperi</span> 
     </span>
     <span class='ocr_line' id='line_1_47' title="bbox 1269 689 2280 724; baseline 0.003 -9"><span class='ocrx_word' id='word_1_313' title='bbox 1269 689 1374 715; x_wconf 86' lang='lat' dir='ltr'>clerico</span> <span class='ocrx_word' id='word_1_314' title='bbox 1389 689 1424 715; x_wconf 88' lang='lat' dir='ltr'>dc</span> <span class='ocrx_word' id='word_1_315' title='bbox 1440 689 1535 724; x_wconf 86' lang='lat' dir='ltr'>aliquo</span> <span class='ocrx_word' id='word_1_316' title='bbox 1551 689 1689 716; x_wconf 81' lang='lat' dir='ltr'>beneficio</span> <span class='ocrx_word' id='word_1_317' title='bbox 1705 689 1863 724; x_wconf 82' lang='lat' dir='ltr'>provideat.</span> <span class='ocrx_word' id='word_1_318' title='bbox 1881 690 1965 723; x_wconf 69' lang='lat' dir='ltr'>(Rea.</span> <span class='ocrx_word' id='word_1_319' title='bbox 1979 690 2011 716; x_wconf 71' lang='lat'>‘24</span> <span class='ocrx_word' id='word_1_320' title='bbox 2024 711 2031 724; x_wconf 77' lang='grc'>,</span> <span class='ocrx_word' id='word_1_321' title='bbox 2049 697 2076 718; x_wconf 83' lang='lat' dir='ltr'>c.</span> <span class='ocrx_word' id='word_1_322' title='bbox 2094 690 2155 724; x_wconf 72' lang='lat'>147,</span> <span class='ocrx_word' id='word_1_323' title='bbox 2171 690 2191 716; x_wconf 83' lang='lat' dir='ltr'>f.</span> <span class='ocrx_word' id='word_1_324' title='bbox 2213 690 2280 724; x_wconf 77' lang='lat' dir='ltr'><strong>¹8v.)</strong></span> 
     </span>
    </p>
   </div>
   <div class='ocr_carea' id='block_1_16' title="bbox 1268 790 2283 1830">
    <p class='ocr_par' dir='ltr' id='par_1_16' title="bbox 1268 790 2283 1830">
     <span class='ocr_line' id='line_1_48' title="bbox 1312 790 2281 828; baseline 0.003 -10"><span class='ocrx_word' id='word_1_325' title='bbox 1312 802 1325 816; x_wconf 72' lang='grc' dir='ltr'><strong>α</strong></span> <span class='ocrx_word' id='word_1_326' title='bbox 1346 813 1378 825; x_wconf 85' lang='grc'>..,</span> <span class='ocrx_word' id='word_1_327' title='bbox 1397 792 1530 828; x_wconf 81' lang='lat' dir='ltr'>episcopo</span> <span class='ocrx_word' id='word_1_328' title='bbox 1546 792 1758 820; x_wconf 80' lang='lat' dir='ltr'>Lemovicensi.</span> <span class='ocrx_word' id='word_1_329' title='bbox 1778 790 1926 821; x_wconf 86' lang='lat' dir='ltr'>Dilectus</span> <span class='ocrx_word' id='word_1_330' title='bbox 1942 790 2032 820; x_wconf 86' lang='lat' dir='ltr'>filius</span> <span class='ocrx_word' id='word_1_331' title='bbox 2054 790 2226 821; x_wconf 87' lang='lat' dir='ltr'>Johannes</span> <span class='ocrx_word' id='word_1_332' title='bbox 2241 790 2281 821; x_wconf 83' lang='lat' dir='ltr'>de</span> 
     </span>
     <span class='ocr_line' id='line_1_49' title="bbox 1270 842 2282 882; baseline 0.002 -10"><span class='ocrx_word' id='word_1_333' title='bbox 1270 842 1380 878; x_wconf 75' lang='lat' dir='ltr'>Boi-to,</span> <span class='ocrx_word' id='word_1_334' title='bbox 1397 852 1520 881; x_wconf 88' lang='lat' dir='ltr'>pauper</span> <span class='ocrx_word' id='word_1_335' title='bbox 1535 843 1675 873; x_wconf 86' lang='lat' dir='ltr'>clericus</span> <span class='ocrx_word' id='word_1_336' title='bbox 1691 847 1746 873; x_wconf 90' lang='lat' dir='ltr'>tue</span> <span class='ocrx_word' id='word_1_337' title='bbox 1763 843 1916 879; x_wconf 83' lang='lat' dir='ltr'>diocesis,</span> <span class='ocrx_word' id='word_1_338' title='bbox 1934 843 1969 872; x_wconf 90' lang='lat' dir='ltr'>in</span> <span class='ocrx_word' id='word_1_339' title='bbox 1985 847 2097 873; x_wconf 89' lang='lat' dir='ltr'>nostra</span> <span class='ocrx_word' id='word_1_340' title='bbox 2112 843 2282 882; x_wconf 83' lang='lat' dir='ltr'>presentia</span> 
     </span>
     <span class='ocr_line' id='line_1_50' title="bbox 1270 895 2281 935; baseline 0.001 -10"><span class='ocrx_word' id='word_1_341' title='bbox 1270 896 1470 926; x_wconf 84' lang='lat' dir='ltr'>constitutus</span> <span class='ocrx_word' id='word_1_342' title='bbox 1485 896 1580 926; x_wconf 87' lang='lat' dir='ltr'>nobis</span> <span class='ocrx_word' id='word_1_343' title='bbox 1594 896 1768 927; x_wconf 86' lang='lat' dir='ltr'>humiliter</span> <span class='ocrx_word' id='word_1_344' title='bbox 1781 896 1990 935; x_wconf 85' lang='lat' dir='ltr'>supplicavit,</span> <span class='ocrx_word' id='word_1_345' title='bbox 2003 900 2049 931; x_wconf 82' lang='lat' dir='ltr'>ut,</span> <span class='ocrx_word' id='word_1_346' title='bbox 2062 905 2137 926; x_wconf 91' lang='lat' dir='ltr'>cum</span> <span class='ocrx_word' id='word_1_347' title='bbox 2151 895 2281 926; x_wconf 86' lang='lat' dir='ltr'>nullum</span> 
     </span>
     <span class='ocr_line' id='line_1_51' title="bbox 1270 949 2281 988; baseline 0.002 -10"><span class='ocrx_word' id='word_1_348' title='bbox 1270 949 1376 979; x_wconf 83' lang='lat' dir='ltr'>adhuc</span> <span class='ocrx_word' id='word_1_349' title='bbox 1400 949 1662 979; x_wconf 76' lang='lat' dir='ltr'>ecclesiasticum</span> <span class='ocrx_word' id='word_1_350' title='bbox 1684 950 1727 979; x_wconf 84' lang='lat' dir='ltr'>sit</span> <span class='ocrx_word' id='word_1_351' title='bbox 1745 950 1945 980; x_wconf 85' lang='lat' dir='ltr'>beneficium</span> <span class='ocrx_word' id='word_1_352' title='bbox 1964 953 2137 980; x_wconf 85' lang='lat' dir='ltr'>assecutus</span> <span class='ocrx_word' id='word_1_353' title='bbox 2158 953 2189 980; x_wconf 89' lang='lat' dir='ltr'>et</span> <span class='ocrx_word' id='word_1_354' title='bbox 2203 958 2281 988; x_wconf 89' lang='lat' dir='ltr'>pro-</span> 
     </span>
     <span class='ocr_line' id='line_1_52' title="bbox 1269 1001 2280 1040; baseline 0.002 -10"><span class='ocrx_word' id='word_1_355' title='bbox 1269 1002 1394 1031; x_wconf 85' lang='lat' dir='ltr'>moveri</span> <span class='ocrx_word' id='word_1_356' title='bbox 1411 1002 1451 1031; x_wconf 92' lang='lat' dir='ltr'>ad</span> <span class='ocrx_word' id='word_1_357' title='bbox 1469 1002 1602 1033; x_wconf 86' lang='lat' dir='ltr'>ordines</span> <span class='ocrx_word' id='word_1_358' title='bbox 1619 1011 1729 1032; x_wconf 87' lang='lat' dir='ltr'>sacros</span> <span class='ocrx_word' id='word_1_359' title='bbox 1746 1003 1886 1038; x_wconf 77' lang='lat' dir='ltr'>affectet,</span> <span class='ocrx_word' id='word_1_360' title='bbox 1903 1002 2068 1040; x_wconf 85' lang='lat' dir='ltr'>provideri</span> <span class='ocrx_word' id='word_1_361' title='bbox 2082 1002 2147 1032; x_wconf 90' lang='lat' dir='ltr'>sibi</span> <span class='ocrx_word' id='word_1_362' title='bbox 2165 1002 2204 1032; x_wconf 89' lang='lat' dir='ltr'>de</span> <span class='ocrx_word' id='word_1_363' title='bbox 2221 1001 2280 1032; x_wconf 83' lang='lat' dir='ltr'>be-</span> 
     </span>
     <span class='ocr_line' id='line_1_53' title="bbox 1269 1053 2280 1093; baseline 0.001 -10"><span class='ocrx_word' id='word_1_364' title='bbox 1269 1054 1433 1091; x_wconf 75' lang='lat' dir='ltr'>nignitate</span> <span class='ocrx_word' id='word_1_365' title='bbox 1450 1055 1628 1093; x_wconf 83' lang='lat' dir='ltr'>apostolica</span> <span class='ocrx_word' id='word_1_366' title='bbox 1644 1055 1889 1085; x_wconf 70' lang='lat' dir='ltr'>mandaremus,</span> <span class='ocrx_word' id='word_1_367' title='bbox 1904 1056 1963 1085; x_wconf 83' lang='lat' dir='ltr'>Pia</span> <span class='ocrx_word' id='word_1_368' title='bbox 1976 1055 2080 1092; x_wconf 75' lang='lat' dir='ltr'>igitur</span> <span class='ocrx_word' id='word_1_369' title='bbox 2093 1063 2169 1085; x_wconf 91' lang='lat' dir='ltr'>eum</span> <span class='ocrx_word' id='word_1_370' title='bbox 2182 1053 2280 1084; x_wconf 84' lang='lat' dir='ltr'>beni·</span> 
     </span>
     <span class='ocr_line' id='line_1_54' title="bbox 1269 1106 2280 1146; baseline 0.001 -10"><span class='ocrx_word' id='word_1_371' title='bbox 1269 1106 1414 1137; x_wconf 83' lang='lat' dir='ltr'>volentia</span> <span class='ocrx_word' id='word_1_372' title='bbox 1434 1111 1684 1146; x_wconf 81' lang='lat' dir='ltr'>prosequentes,</span> <span class='ocrx_word' id='word_1_373' title='bbox 1702 1108 1947 1137; x_wconf 85' lang='lat' dir='ltr'>fraternitatem</span> <span class='ocrx_word' id='word_1_374' title='bbox 1963 1112 2052 1136; x_wconf 87' lang='lat' dir='ltr'>tuam</span> <span class='ocrx_word' id='word_1_375' title='bbox 2074 1115 2228 1145; x_wconf 84' lang='lat' dir='ltr'>rogamus</span> <span class='ocrx_word' id='word_1_376' title='bbox 2248 1109 2280 1137; x_wconf 82' lang='lat' dir='ltr'>et</span> 
     </span>
     <span class='ocr_line' id='line_1_55' title="bbox 1269 1159 2280 1198; baseline 0.002 -10"><span class='ocrx_word' id='word_1_377' title='bbox 1269 1159 1441 1189; x_wconf 85' lang='lat' dir='ltr'>hortamur</span> <span class='ocrx_word' id='word_1_378' title='bbox 1455 1163 1590 1194; x_wconf 76' lang='lat' dir='ltr'>attente,</span> <span class='ocrx_word' id='word_1_379' title='bbox 1607 1169 1664 1198; x_wconf 88' lang='lat' dir='ltr'>per</span> <span class='ocrx_word' id='word_1_380' title='bbox 1680 1159 1858 1198; x_wconf 87' lang='lat' dir='ltr'>apostolica</span> <span class='ocrx_word' id='word_1_381' title='bbox 1871 1159 1931 1189; x_wconf 82' lang='lat' dir='ltr'>tibi</span> <span class='ocrx_word' id='word_1_382' title='bbox 1945 1159 2067 1198; x_wconf 89' lang='lat' dir='ltr'>scripta</span> <span class='ocrx_word' id='word_1_383' title='bbox 2083 1159 2280 1190; x_wconf 81' lang='lat' dir='ltr'>mandantes</span> 
     </span>
     <span class='ocr_line' id='line_1_56' title="bbox 1269 1211 2281 1250; baseline 0 -9"><span class='ocrx_word' id='word_1_384' title='bbox 1269 1212 1443 1250; x_wconf 82' lang='lat' dir='ltr'>quatinus,</span> <span class='ocrx_word' id='word_1_385' title='bbox 1462 1212 1491 1242; x_wconf 92' lang='lat' dir='ltr'>si</span> <span class='ocrx_word' id='word_1_386' title='bbox 1514 1215 1563 1242; x_wconf 88' lang='lat' dir='ltr'>est</span> <span class='ocrx_word' id='word_1_387' title='bbox 1579 1212 1640 1247; x_wconf 82' lang='lat' dir='ltr'>ita,</span> <span class='ocrx_word' id='word_1_388' title='bbox 1659 1212 1841 1242; x_wconf 89' lang='lat' dir='ltr'>secundum</span> <span class='ocrx_word' id='word_1_389' title='bbox 1858 1221 1916 1242; x_wconf 88' lang='lat' dir='ltr'>sue</span> <span class='ocrx_word' id='word_1_390' title='bbox 1932 1211 2107 1250; x_wconf 84' lang='lat' dir='ltr'>probitatis</span> <span class='ocrx_word' id='word_1_391' title='bbox 2122 1211 2281 1242; x_wconf 85' lang='lat' dir='ltr'>meritum</span> 
     </span>
     <span class='ocr_line' id='line_1_57' title="bbox 1269 1263 2281 1303; baseline 0 -10"><span class='ocrx_word' id='word_1_392' title='bbox 1269 1263 1307 1294; x_wconf 88' lang='lat' dir='ltr'>de</span> <span class='ocrx_word' id='word_1_393' title='bbox 1323 1264 1435 1303; x_wconf 87' lang='lat' dir='ltr'>aliquo</span> <span class='ocrx_word' id='word_1_394' title='bbox 1450 1264 1612 1294; x_wconf 84' lang='lat' dir='ltr'>beneficio</span> <span class='ocrx_word' id='word_1_395' title='bbox 1632 1265 1842 1303; x_wconf 82' lang='lat' dir='ltr'>competenti,</span> <span class='ocrx_word' id='word_1_396' title='bbox 1861 1264 1960 1294; x_wconf 86' lang='lat' dir='ltr'>etiam</span> <span class='ocrx_word' id='word_1_397' title='bbox 1981 1264 2009 1294; x_wconf 90' lang='lat' dir='ltr'>si</span> <span class='ocrx_word' id='word_1_398' title='bbox 2026 1273 2139 1294; x_wconf 87' lang='lat' dir='ltr'>curam</span> <span class='ocrx_word' id='word_1_399' title='bbox 2158 1263 2281 1294; x_wconf 84' lang='lat' dir='ltr'>habeat</span> 
     </span>
     <span class='ocr_line' id='line_1_58' title="bbox 1269 1315 2280 1356; baseline -0.001 -10"><span class='ocrx_word' id='word_1_400' title='bbox 1269 1317 1457 1347; x_wconf 86' lang='lat' dir='ltr'>animarum</span> <span class='ocrx_word' id='word_1_401' title='bbox 1469 1325 1642 1353; x_wconf 80' lang='lat' dir='ltr'>annexam,</span> <span class='ocrx_word' id='word_1_402' title='bbox 1659 1316 1742 1346; x_wconf 89' lang='lat' dir='ltr'>nulli</span> <span class='ocrx_word' id='word_1_403' title='bbox 1757 1316 1814 1346; x_wconf 89' lang='lat' dir='ltr'>alii</span> <span class='ocrx_word' id='word_1_404' title='bbox 1830 1316 1869 1346; x_wconf 87' lang='lat' dir='ltr'>de</span> <span class='ocrx_word' id='word_1_405' title='bbox 1882 1317 1957 1356; x_wconf 79' lang='lat' dir='ltr'>Jure</span> <span class='ocrx_word' id='word_1_406' title='bbox 1973 1316 2083 1346; x_wconf 83' lang='lat' dir='ltr'>debito</span> <span class='ocrx_word' id='word_1_407' title='bbox 2097 1316 2126 1346; x_wconf 88' lang='lat' dir='ltr'>si</span> <span class='ocrx_word' id='word_1_408' title='bbox 2137 1319 2231 1346; x_wconf 87' lang='lat' dir='ltr'>vacat</span> <span class='ocrx_word' id='word_1_409' title='bbox 2243 1315 2280 1345; x_wconf 89' lang='lat' dir='ltr'>in</span> 
     </span>
     <span class='ocr_line' id='line_1_59' title="bbox 1269 1368 2281 1407; baseline -0.001 -8"><span class='ocrx_word' id='word_1_410' title='bbox 1269 1378 1329 1399; x_wconf 87' lang='lat' dir='ltr'>sua</span> <span class='ocrx_word' id='word_1_411' title='bbox 1345 1370 1479 1400; x_wconf 86' lang='lat' dir='ltr'>civitate</span> <span class='ocrx_word' id='word_1_412' title='bbox 1497 1369 1549 1399; x_wconf 90' lang='lat' dir='ltr'>vel</span> <span class='ocrx_word' id='word_1_413' title='bbox 1571 1369 1695 1399; x_wconf 87' lang='lat' dir='ltr'>diocesi</span> <span class='ocrx_word' id='word_1_414' title='bbox 1715 1369 1755 1398; x_wconf 85' lang='lat' dir='ltr'>ad</span> <span class='ocrx_word' id='word_1_415' title='bbox 1774 1378 1911 1407; x_wconf 88' lang='lat' dir='ltr'>presens</span> <span class='ocrx_word' id='word_1_416' title='bbox 1927 1368 1980 1398; x_wconf 89' lang='lat' dir='ltr'>vel</span> <span class='ocrx_word' id='word_1_417' title='bbox 1995 1369 2162 1407; x_wconf 82' lang='lat' dir='ltr'>quamcito</span> <span class='ocrx_word' id='word_1_418' title='bbox 2178 1377 2214 1398; x_wconf 85' lang='lat' dir='ltr'>se</span> <span class='ocrx_word' id='word_1_419' title='bbox 2229 1368 2281 1398; x_wconf 83' lang='lat' dir='ltr'>fa-</span> 
     </span>
     <span class='ocr_line' id='line_1_60' title="bbox 1269 1419 2281 1457; baseline -0.001 -6"><span class='ocrx_word' id='word_1_420' title='bbox 1269 1422 1374 1452; x_wconf 87' lang='lat' dir='ltr'>cultas</span> <span class='ocrx_word' id='word_1_421' title='bbox 1399 1422 1574 1457; x_wconf 84' lang='lat' dir='ltr'>obtulerit,</span> <span class='ocrx_word' id='word_1_422' title='bbox 1595 1422 1770 1452; x_wconf 88' lang='lat' dir='ltr'>dummodo</span> <span class='ocrx_word' id='word_1_423' title='bbox 1791 1422 1834 1451; x_wconf 82' lang='lat' dir='ltr'>sit</span> <span class='ocrx_word' id='word_1_424' title='bbox 1855 1421 1996 1451; x_wconf 89' lang='lat' dir='ltr'>idoneus</span> <span class='ocrx_word' id='word_1_425' title='bbox 2017 1425 2049 1451; x_wconf 89' lang='lat' dir='ltr'>et</span> <span class='ocrx_word' id='word_1_426' title='bbox 2067 1420 2147 1451; x_wconf 88' lang='lat' dir='ltr'>velit</span> <span class='ocrx_word' id='word_1_427' title='bbox 2166 1420 2202 1450; x_wconf 92' lang='lat' dir='ltr'>in</span> <span class='ocrx_word' id='word_1_428' title='bbox 2222 1419 2281 1451; x_wconf 91' lang='lat' dir='ltr'>illo</span> 
     </span>
     <span class='ocr_line' id='line_1_61' title="bbox 1268 1471 2281 1514; baseline -0.002 -10"><span class='ocrx_word' id='word_1_429' title='bbox 1268 1474 1646 1512; x_wconf 86' lang='lat' dir='ltr'>personaliterresidere</span> <span class='ocrx_word' id='word_1_430' title='bbox 1663 1482 1791 1504; x_wconf 88' lang='lat' dir='ltr'>necnon</span> <span class='ocrx_word' id='word_1_431' title='bbox 1805 1474 1845 1503; x_wconf 88' lang='lat' dir='ltr'>ad</span> <span class='ocrx_word' id='word_1_432' title='bbox 1858 1474 1992 1514; x_wconf 86' lang='lat' dir='ltr'>ordines</span> <span class='ocrx_word' id='word_1_433' title='bbox 2008 1473 2200 1513; x_wconf 86' lang='lat' dir='ltr'>hujusmodi</span> <span class='ocrx_word' id='word_1_434' title='bbox 2210 1471 2281 1503; x_wconf 79' lang='lat' dir='ltr'>suis</span> 
     </span>
     <span class='ocr_line' id='line_1_62' title="bbox 1268 1527 2282 1567; baseline -0.001 -10"><span class='ocrx_word' id='word_1_435' title='bbox 1268 1528 1473 1567; x_wconf 82' lang='lat' dir='ltr'>temporibus</span> <span class='ocrx_word' id='word_1_436' title='bbox 1490 1537 1524 1558; x_wconf 90' lang='lat' dir='ltr'>se</span> <span class='ocrx_word' id='word_1_437' title='bbox 1540 1528 1649 1558; x_wconf 83' lang='lat' dir='ltr'>facere</span> <span class='ocrx_word' id='word_1_438' title='bbox 1660 1527 1858 1566; x_wconf 79' lang='lat' dir='ltr'>promoveri,</span> <span class='ocrx_word' id='word_1_439' title='bbox 1872 1527 2067 1557; x_wconf 87' lang='lat' dir='ltr'>auctoritate</span> <span class='ocrx_word' id='word_1_440' title='bbox 2081 1530 2195 1557; x_wconf 86' lang='lat' dir='ltr'>nostra</span> <span class='ocrx_word' id='word_1_441' title='bbox 2209 1534 2282 1564; x_wconf 88' lang='lat' dir='ltr'>pro-</span> 
     </span>
     <span class='ocr_line' id='line_1_63' title="bbox 1268 1579 2280 1619; baseline -0.002 -9"><span class='ocrx_word' id='word_1_442' title='bbox 1268 1582 1382 1611; x_wconf 88' lang='lat' dir='ltr'>videas</span> <span class='ocrx_word' id='word_1_443' title='bbox 1403 1581 1454 1612; x_wconf 87' lang='lat' dir='ltr'>vel</span> <span class='ocrx_word' id='word_1_444' title='bbox 1477 1590 1536 1619; x_wconf 88' lang='lat' dir='ltr'>per</span> <span class='ocrx_word' id='word_1_445' title='bbox 1554 1581 1657 1611; x_wconf 83' lang='lat' dir='ltr'>alium</span> <span class='ocrx_word' id='word_1_446' title='bbox 1679 1581 1783 1610; x_wconf 78' lang='lat' dir='ltr'>facias</span> <span class='ocrx_word' id='word_1_447' title='bbox 1803 1580 1980 1619; x_wconf 87' lang='lat' dir='ltr'>provideri.</span> <span class='ocrx_word' id='word_1_448' title='bbox 2000 1579 2280 1611; x_wconf 78' lang='lat' dir='ltr'>Contradictores.</span> 
     </span>
     <span class='ocr_line' id='line_1_64' title="bbox 1269 1631 2282 1672; baseline -0.002 -8"><span class='ocrx_word' id='word_1_449' title='bbox 1269 1636 1343 1665; x_wconf 90' lang='lat' dir='ltr'>Non</span> <span class='ocrx_word' id='word_1_450' title='bbox 1360 1635 1512 1664; x_wconf 87' lang='lat' dir='ltr'>obstante</span> <span class='ocrx_word' id='word_1_451' title='bbox 1529 1634 1558 1664; x_wconf 89' lang='lat' dir='ltr'>si</span> <span class='ocrx_word' id='word_1_452' title='bbox 1574 1633 1743 1672; x_wconf 84' lang='lat' dir='ltr'>aliquibus</span> <span class='ocrx_word' id='word_1_453' title='bbox 1765 1651 1814 1662; x_wconf 94' lang='lat'>—.</span> <span class='ocrx_word' id='word_1_454' title='bbox 1833 1634 1953 1663; x_wconf 87' lang='lat' dir='ltr'>Preces</span> <span class='ocrx_word' id='word_1_455' title='bbox 1970 1636 2081 1663; x_wconf 89' lang='lat' dir='ltr'>autem</span> <span class='ocrx_word' id='word_1_456' title='bbox 2097 1636 2128 1663; x_wconf 88' lang='lat' dir='ltr'>et</span> <span class='ocrx_word' id='word_1_457' title='bbox 2142 1631 2282 1662; x_wconf 86' lang='lat' dir='ltr'>manda.-</span> 
     </span>
     <span class='ocr_line' id='line_1_65' title="bbox 1269 1683 2283 1725; baseline -0.003 -8"><span class='ocrx_word' id='word_1_458' title='bbox 1269 1692 1340 1718; x_wconf 90' lang='lat' dir='ltr'>tum</span> <span class='ocrx_word' id='word_1_459' title='bbox 1360 1692 1511 1717; x_wconf 82' lang='lat' dir='ltr'>nostrum</span> <span class='ocrx_word' id='word_1_460' title='bbox 1533 1695 1632 1725; x_wconf 88' lang='lat' dir='ltr'>super</span> <span class='ocrx_word' id='word_1_461' title='bbox 1651 1686 1713 1716; x_wconf 88' lang='lat' dir='ltr'>hoc</span> <span class='ocrx_word' id='word_1_462' title='bbox 1735 1686 1846 1716; x_wconf 88' lang='lat' dir='ltr'>taliter</span> <span class='ocrx_word' id='word_1_463' title='bbox 1868 1685 2005 1724; x_wconf 88' lang='lat' dir='ltr'>implere</span> <span class='ocrx_word' id='word_1_464' title='bbox 2021 1693 2178 1724; x_wconf 82' lang='lat' dir='ltr'>procures</span> <span class='ocrx_word' id='word_1_465' title='bbox 2194 1683 2283 1724; x_wconf 85' lang='lat' dir='ltr'>quod</span> 
     </span>
     <span class='ocr_line' id='line_1_66' title="bbox 1269 1736 2279 1779; baseline -0.003 -9"><span class='ocrx_word' id='word_1_466' title='bbox 1269 1741 1423 1779; x_wconf 88' lang='lat' dir='ltr'>amplecti</span> <span class='ocrx_word' id='word_1_467' title='bbox 1455 1740 1630 1778; x_wconf 82' lang='lat' dir='ltr'>negocium</span> <span class='ocrx_word' id='word_1_468' title='bbox 1658 1739 1814 1778; x_wconf 86' lang='lat' dir='ltr'>pauperis</span> <span class='ocrx_word' id='word_1_469' title='bbox 1840 1739 1995 1769; x_wconf 85' lang='lat' dir='ltr'>videaris.</span> <span class='ocrx_word' id='word_1_470' title='bbox 2024 1739 2099 1769; x_wconf 81' lang='lat' dir='ltr'>Dat.</span> <span class='ocrx_word' id='word_1_471' title='bbox 2127 1736 2279 1776; x_wconf 81' lang='lat' dir='ltr'>Neapoli,</span> 
     </span>
     <span class='ocr_line' id='line_1_67' title="bbox 1270 1792 1887 1830; baseline -0.006 -6"><span class='ocrx_word' id='word_1_472' title='bbox 1270 1795 1298 1824; x_wconf 91' lang='lat' dir='ltr'>V</span> <span class='ocrx_word' id='word_1_473' title='bbox 1312 1793 1473 1823; x_wconf 82' lang='lat' dir='ltr'>kalendas</span> <span class='ocrx_word' id='word_1_474' title='bbox 1490 1792 1614 1827; x_wconf 87' lang='lat' dir='ltr'>martii,</span> <span class='ocrx_word' id='word_1_475' title='bbox 1633 1800 1720 1822; x_wconf 89' lang='lat' dir='ltr'>anno</span> <span class='ocrx_word' id='word_1_476' title='bbox 1735 1792 1854 1830; x_wconf 89' lang='lat' dir='ltr'>primo.</span> <span class='ocrx_word' id='word_1_477' title='bbox 1874 1803 1887 1818; x_wconf 87' lang='lat'>»</span> 
     </span>
    </p>
   </div>
   <div class='ocr_carea' id='block_1_17' title="bbox 1345 1974 2206 2010">
    <p class='ocr_par' dir='ltr' id='par_1_17' title="bbox 1345 1974 2206 2010">
     <span class='ocr_line' id='line_1_68' title="bbox 1345 1974 2206 2010; baseline -0.005 -4"><span class='ocrx_word' id='word_1_478' title='bbox 1345 1979 1430 2007; x_wconf 60' lang='lat'>163¹?</span> <span class='ocrx_word' id='word_1_479' title='bbox 1825 1974 1942 2010; x_wconf 82' lang='lat' dir='ltr'>Naptes,</span> <span class='ocrx_word' id='word_1_480' title='bbox 1958 1975 1992 2002; x_wconf 72' lang='lat'>28</span> <span class='ocrx_word' id='word_1_481' title='bbox 2008 1974 2112 2001; x_wconf 76' lang='lat' dir='ltr'>fevi-ier</span> <span class='ocrx_word' id='word_1_482' title='bbox 2128 1974 2206 2002; x_wconf 72' lang='lat'>1255.</span> 
     </span>
    </p>
   </div>
   <div class='ocr_carea' id='block_1_18' title="bbox 1269 2035 2282 2134">
    <p class='ocr_par' dir='ltr' id='par_1_18' title="bbox 1269 2035 2282 2134">
     <span class='ocr_line' id='line_1_69' title="bbox 1306 2035 2282 2074; baseline -0.004 -7"><span class='ocrx_word' id='word_1_483' title='bbox 1306 2041 1445 2074; x_wconf 82' lang='lat' dir='ltr'>Magistro</span> <span class='ocrx_word' id='word_1_484' title='bbox 1465 2039 1574 2066; x_wconf 84' lang='lat' dir='ltr'>Jacobo</span> <span class='ocrx_word' id='word_1_485' title='bbox 1593 2039 1628 2065; x_wconf 91' lang='lat' dir='ltr'>de</span> <span class='ocrx_word' id='word_1_486' title='bbox 1643 2038 1674 2065; x_wconf 89' lang='lat' dir='ltr'>S.</span> <span class='ocrx_word' id='word_1_487' title='bbox 1692 2038 1835 2065; x_wconf 86' lang='lat' dir='ltr'>Germano</span> <span class='ocrx_word' id='word_1_488' title='bbox 1851 2037 2004 2064; x_wconf 87' lang='lat' dir='ltr'>ecclesiam</span> <span class='ocrx_word' id='word_1_489' title='bbox 2020 2045 2046 2065; x_wconf 84' lang='lat' dir='ltr'>s.</span> <span class='ocrx_word' id='word_1_490' title='bbox 2062 2036 2141 2064; x_wconf 87' lang='lat' dir='ltr'>Petri</span> <span class='ocrx_word' id='word_1_491' title='bbox 2156 2036 2192 2063; x_wconf 84' lang='lat' dir='ltr'>de</span> <span class='ocrx_word' id='word_1_492' title='bbox 2206 2035 2282 2072; x_wconf 80' lang='lat' dir='ltr'>Gay-</span> 
     </span>
     <span class='ocr_line' id='line_1_70' title="bbox 1269 2084 2245 2134; baseline -0.004 -18"><span class='ocrx_word' id='word_1_493' title='bbox 1269 2090 1344 2116; x_wconf 90' lang='lat' dir='ltr'>bano</span> <span class='ocrx_word' id='word_1_494' title='bbox 1359 2089 1526 2115; x_wconf 79' lang='lat' dir='ltr'>Aversanae</span> <span class='ocrx_word' id='word_1_495' title='bbox 1541 2087 1668 2114; x_wconf 87' lang='lat' dir='ltr'>diocesis</span> <span class='ocrx_word' id='word_1_496' title='bbox 1683 2086 1842 2134; x_wconf 65' lang='lat' dir='ltr'>confirmat.</span> <span class='ocrx_word' id='word_1_497' title='bbox 1856 2085 1938 2121; x_wconf 73' lang='lat' dir='ltr'>(Rea.</span> <span class='ocrx_word' id='word_1_498' title='bbox 1953 2085 2000 2119; x_wconf 74' lang='lat'>24,</span> <span class='ocrx_word' id='word_1_499' title='bbox 2016 2093 2042 2112; x_wconf 88' lang='lat' dir='ltr'>c.</span> <span class='ocrx_word' id='word_1_500' title='bbox 2060 2085 2121 2117; x_wconf 81' lang='lat'>148,</span> <span class='ocrx_word' id='word_1_501' title='bbox 2137 2085 2158 2113; x_wconf 81' lang='lat' dir='ltr'>f.</span> <span class='ocrx_word' id='word_1_502' title='bbox 2176 2084 2245 2117; x_wconf 86' lang='lat' dir='ltr'><strong>18v.)</strong></span> 
     </span>
    </p>
   </div>
   <div class='ocr_carea' id='block_1_19' title="bbox 1269 2187 2282 2910">
    <p class='ocr_par' dir='ltr' id='par_1_19' title="bbox 1269 2187 2282 2910">
     <span class='ocr_line' id='line_1_71' title="bbox 1312 2187 2278 2228; baseline -0.004 -9"><span class='ocrx_word' id='word_1_503' title='bbox 1312 2204 1325 2219; x_wconf 89' lang='lat'>«</span> <span class='ocrx_word' id='word_1_504' title='bbox 1338 2192 1481 2228; x_wconf 68' lang='lat' dir='ltr'>Magistro</span> <span class='ocrx_word' id='word_1_505' title='bbox 1494 2190 1599 2219; x_wconf 79' lang='lat' dir='ltr'>Jacobo</span> <span class='ocrx_word' id='word_1_506' title='bbox 1613 2189 1646 2218; x_wconf 83' lang='lat' dir='ltr'>de</span> <span class='ocrx_word' id='word_1_507' title='bbox 1656 2189 1767 2219; x_wconf 79' lang='lat' dir='ltr'>Sancto</span> <span class='ocrx_word' id='word_1_508' title='bbox 1781 2188 1940 2222; x_wconf 79' lang='lat' dir='ltr'>Germano,</span> <span class='ocrx_word' id='word_1_509' title='bbox 1953 2188 2101 2217; x_wconf 82' lang='lat' dir='ltr'>canonico</span> <span class='ocrx_word' id='word_1_510' title='bbox 2112 2187 2278 2216; x_wconf 82' lang='lat' dir='ltr'>Aversano.</span> 
     </span>
     <span class='ocr_line' id='line_1_72' title="bbox 1269 2237 2280 2277; baseline -0.007 -3"><span class='ocrx_word' id='word_1_511' title='bbox 1269 2242 1427 2274; x_wconf 87' lang='lat' dir='ltr'>Volentes</span> <span class='ocrx_word' id='word_1_512' title='bbox 1452 2241 1528 2277; x_wconf 86' lang='lat' dir='ltr'>tibi,</span> <span class='ocrx_word' id='word_1_513' title='bbox 1552 2240 1689 2271; x_wconf 87' lang='lat' dir='ltr'>obtentu</span> <span class='ocrx_word' id='word_1_514' title='bbox 1716 2238 1828 2269; x_wconf 89' lang='lat' dir='ltr'>dilecti</span> <span class='ocrx_word' id='word_1_515' title='bbox 1852 2238 1912 2267; x_wconf 89' lang='lat' dir='ltr'>filii</span> <span class='ocrx_word' id='word_1_516' title='bbox 1939 2237 2093 2276; x_wconf 83' lang='lat' dir='ltr'>magistri</span> <span class='ocrx_word' id='word_1_517' title='bbox 2118 2237 2216 2268; x_wconf 88' lang='lat' dir='ltr'>Pauli</span> <span class='ocrx_word' id='word_1_518' title='bbox 2239 2237 2280 2268; x_wconf 88' lang='lat' dir='ltr'>de</span> 
     </span>
     <span class='ocr_line' id='line_1_73' title="bbox 1271 2290 2280 2333; baseline -0.006 -7"><span class='ocrx_word' id='word_1_519' title='bbox 1271 2297 1391 2327; x_wconf 84' lang='lat' dir='ltr'>Sancto</span> <span class='ocrx_word' id='word_1_520' title='bbox 1411 2294 1534 2333; x_wconf 77' lang='lat' dir='ltr'>Helya,</span> <span class='ocrx_word' id='word_1_521' title='bbox 1555 2293 1708 2323; x_wconf 86' lang='lat' dir='ltr'>canonici</span> <span class='ocrx_word' id='word_1_522' title='bbox 1731 2291 1940 2326; x_wconf 82' lang='lat' dir='ltr'>Baiocensis,</span> <span class='ocrx_word' id='word_1_523' title='bbox 1964 2291 2058 2330; x_wconf 87' lang='lat' dir='ltr'>cujus</span> <span class='ocrx_word' id='word_1_524' title='bbox 2078 2290 2280 2329; x_wconf 79' lang='lat' dir='ltr'>consangui-</span> 
     </span>
     <span class='ocr_line' id='line_1_74' title="bbox 1270 2343 2280 2384; baseline -0.004 -6"><span class='ocrx_word' id='word_1_525' title='bbox 1270 2357 1353 2379; x_wconf 88' lang='lat' dir='ltr'>neus</span> <span class='ocrx_word' id='word_1_526' title='bbox 1381 2347 1519 2382; x_wconf 83' lang='lat' dir='ltr'>diceris,</span> <span class='ocrx_word' id='word_1_527' title='bbox 1553 2345 1695 2384; x_wconf 80' lang='lat' dir='ltr'>gratiam</span> <span class='ocrx_word' id='word_1_528' title='bbox 1727 2345 1836 2374; x_wconf 85' lang='lat' dir='ltr'>facere</span> <span class='ocrx_word' id='word_1_529' title='bbox 1872 2343 2067 2382; x_wconf 86' lang='lat' dir='ltr'>specialem,</span> <span class='ocrx_word' id='word_1_530' title='bbox 2105 2343 2280 2374; x_wconf 82' lang='lat' dir='ltr'>ecclesiam</span> 
     </span>
     <span class='ocr_line' id='line_1_75' title="bbox 1270 2395 2281 2437; baseline -0.007 -5"><span class='ocrx_word' id='word_1_531' title='bbox 1270 2401 1378 2432; x_wconf 87' lang='lat' dir='ltr'>sancti</span> <span class='ocrx_word' id='word_1_532' title='bbox 1394 2400 1485 2431; x_wconf 86' lang='lat' dir='ltr'>Petri</span> <span class='ocrx_word' id='word_1_533' title='bbox 1500 2399 1538 2429; x_wconf 88' lang='lat' dir='ltr'>de</span> <span class='ocrx_word' id='word_1_534' title='bbox 1555 2398 1723 2437; x_wconf 76' lang='lat' dir='ltr'>Caybano,</span> <span class='ocrx_word' id='word_1_535' title='bbox 1739 2398 1907 2426; x_wconf 77' lang='lat' dir='ltr'>Aversane</span> <span class='ocrx_word' id='word_1_536' title='bbox 1923 2396 2077 2432; x_wconf 81' lang='lat' dir='ltr'>diocesis,</span> <span class='ocrx_word' id='word_1_537' title='bbox 2095 2399 2127 2426; x_wconf 85' lang='lat' dir='ltr'>et</span> <span class='ocrx_word' id='word_1_538' title='bbox 2142 2395 2208 2426; x_wconf 86' lang='lat' dir='ltr'>alia</span> <span class='ocrx_word' id='word_1_539' title='bbox 2221 2395 2281 2426; x_wconf 90' lang='lat' dir='ltr'>he-</span> 
     </span>
     <span class='ocr_line' id='line_1_76' title="bbox 1271 2448 2280 2491; baseline -0.007 -7"><span class='ocrx_word' id='word_1_540' title='bbox 1271 2453 1390 2484; x_wconf 85' lang='lat' dir='ltr'>neficia</span> <span class='ocrx_word' id='word_1_541' title='bbox 1405 2452 1466 2482; x_wconf 87' lang='lat' dir='ltr'>tibi</span> <span class='ocrx_word' id='word_1_542' title='bbox 1483 2451 1678 2491; x_wconf 88' lang='lat' dir='ltr'>jamdudum</span> <span class='ocrx_word' id='word_1_543' title='bbox 1698 2449 1833 2484; x_wconf 86' lang='lat' dir='ltr'>collata,</span> <span class='ocrx_word' id='word_1_544' title='bbox 1852 2449 1952 2479; x_wconf 86' lang='lat' dir='ltr'>etiam</span> <span class='ocrx_word' id='word_1_545' title='bbox 1973 2448 2001 2478; x_wconf 89' lang='lat' dir='ltr'>si</span> <span class='ocrx_word' id='word_1_546' title='bbox 2020 2457 2133 2479; x_wconf 89' lang='lat' dir='ltr'>curam</span> <span class='ocrx_word' id='word_1_547' title='bbox 2151 2448 2280 2478; x_wconf 87' lang='lat' dir='ltr'>anima—</span> 
     </span>
     <span class='ocr_line' id='line_1_77' title="bbox 1270 2500 2281 2540; baseline -0.006 -4"><span class='ocrx_word' id='word_1_548' title='bbox 1270 2515 1345 2536; x_wconf 89' lang='lat' dir='ltr'>rum</span> <span class='ocrx_word' id='word_1_549' title='bbox 1362 2505 1516 2539; x_wconf 85' lang='lat' dir='ltr'>habeant,</span> <span class='ocrx_word' id='word_1_550' title='bbox 1535 2503 1700 2533; x_wconf 83' lang='lat' dir='ltr'>defectum</span> <span class='ocrx_word' id='word_1_551' title='bbox 1716 2502 1744 2532; x_wconf 90' lang='lat' dir='ltr'>si</span> <span class='ocrx_word' id='word_1_552' title='bbox 1761 2501 1836 2540; x_wconf 88' lang='lat' dir='ltr'>quis</span> <span class='ocrx_word' id='word_1_553' title='bbox 1847 2501 1881 2530; x_wconf 87' lang='lat' dir='ltr'>in</span> <span class='ocrx_word' id='word_1_554' title='bbox 1898 2510 2011 2531; x_wconf 86' lang='lat' dir='ltr'>eorum</span> <span class='ocrx_word' id='word_1_555' title='bbox 2027 2500 2203 2531; x_wconf 87' lang='lat' dir='ltr'>collatione</span> <span class='ocrx_word' id='word_1_556' title='bbox 2221 2509 2281 2531; x_wconf 87' lang='lat' dir='ltr'>seu</span> 
     </span>
     <span class='ocr_line' id='line_1_78' title="bbox 1270 2553 2277 2596; baseline -0.006 -8"><span class='ocrx_word' id='word_1_557' title='bbox 1270 2557 1459 2596; x_wconf 88' lang='lat' dir='ltr'>receptione</span> <span class='ocrx_word' id='word_1_558' title='bbox 1475 2555 1583 2586; x_wconf 78' lang='lat' dir='ltr'>extitit</span> <span class='ocrx_word' id='word_1_559' title='bbox 1599 2554 1789 2593; x_wconf 83' lang='lat' dir='ltr'>supplentes</span> <span class='ocrx_word' id='word_1_560' title='bbox 1812 2554 1850 2583; x_wconf 89' lang='lat' dir='ltr'>de</span> <span class='ocrx_word' id='word_1_561' title='bbox 1869 2553 2077 2592; x_wconf 78' lang='lat' dir='ltr'>plenitudine</span> <span class='ocrx_word' id='word_1_562' title='bbox 2092 2553 2277 2592; x_wconf 85' lang='lat' dir='ltr'>potestatis,</span> 
     </span>
     <span class='ocr_line' id='line_1_79' title="bbox 1271 2605 2280 2645; baseline -0.004 -5"><span class='ocrx_word' id='word_1_563' title='bbox 1271 2610 1332 2640; x_wconf 88' lang='lat' dir='ltr'>tibi</span> <span class='ocrx_word' id='word_1_564' title='bbox 1349 2610 1389 2640; x_wconf 87' lang='lat' dir='ltr'>ad</span> <span class='ocrx_word' id='word_1_565' title='bbox 1403 2610 1510 2639; x_wconf 88' lang='lat' dir='ltr'>instar</span> <span class='ocrx_word' id='word_1_566' title='bbox 1525 2608 1633 2638; x_wconf 85' lang='lat' dir='ltr'>felicis</span> <span class='ocrx_word' id='word_1_567' title='bbox 1645 2606 1883 2637; x_wconf 87' lang='lat' dir='ltr'>recordationis</span> <span class='ocrx_word' id='word_1_568' title='bbox 1898 2607 1923 2636; x_wconf 93' lang='grc' dir='ltr'>Ι.</span> <span class='ocrx_word' id='word_1_569' title='bbox 1938 2616 2020 2645; x_wconf 87' lang='lat' dir='ltr'>pape</span> <span class='ocrx_word' id='word_1_570' title='bbox 2036 2605 2280 2645; x_wconf 82' lang='lat' dir='ltr'>predecessoris</span> 
     </span>
     <span class='ocr_line' id='line_1_80' title="bbox 1271 2660 2280 2699; baseline -0.004 -6"><span class='ocrx_word' id='word_1_571' title='bbox 1271 2663 1377 2694; x_wconf 88' lang='lat' dir='ltr'>nostri</span> <span class='ocrx_word' id='word_1_572' title='bbox 1399 2661 1595 2692; x_wconf 84' lang='lat' dir='ltr'>auctoritate</span> <span class='ocrx_word' id='word_1_573' title='bbox 1619 2660 1798 2699; x_wconf 86' lang='lat' dir='ltr'>apostolica</span> <span class='ocrx_word' id='word_1_574' title='bbox 1823 2660 2057 2689; x_wconf 88' lang='lat' dir='ltr'>confirmamus</span> <span class='ocrx_word' id='word_1_575' title='bbox 2082 2663 2143 2689; x_wconf 89' lang='lat' dir='ltr'>etc.</span> <span class='ocrx_word' id='word_1_576' title='bbox 2173 2666 2280 2697; x_wconf 81' lang='lat' dir='ltr'>usque</span> 
     </span>
     <span class='ocr_line' id='line_1_81' title="bbox 1271 2710 2280 2747; baseline -0.005 -1"><span class='ocrx_word' id='word_1_577' title='bbox 1271 2716 1526 2747; x_wconf 87' lang='lat' dir='ltr'>communimus.</span> <span class='ocrx_word' id='word_1_578' title='bbox 1550 2715 1624 2745; x_wconf 90' lang='lat' dir='ltr'>Non</span> <span class='ocrx_word' id='word_1_579' title='bbox 1649 2713 1858 2744; x_wconf 85' lang='lat' dir='ltr'>obstantibus</span> <span class='ocrx_word' id='word_1_580' title='bbox 1883 2713 2119 2743; x_wconf 85' lang='lat' dir='ltr'>constitutione</span> <span class='ocrx_word' id='word_1_581' title='bbox 2146 2710 2280 2742; x_wconf 88' lang='lat' dir='ltr'>concilii</span> 
     </span>
     <span class='ocr_line' id='line_1_82' title="bbox 1271 2763 2278 2807; baseline -0.007 -7"><span class='ocrx_word' id='word_1_582' title='bbox 1271 2769 1436 2807; x_wconf 82' lang='lat' dir='ltr'>generalis</span> <span class='ocrx_word' id='word_1_583' title='bbox 1461 2772 1492 2798; x_wconf 88' lang='lat' dir='ltr'>et</span> <span class='ocrx_word' id='word_1_584' title='bbox 1512 2767 1680 2806; x_wconf 84' lang='lat' dir='ltr'>aliquibus</span> <span class='ocrx_word' id='word_1_585' title='bbox 1700 2766 1822 2796; x_wconf 88' lang='lat' dir='ltr'>litteris</span> <span class='ocrx_word' id='word_1_586' title='bbox 1845 2775 1943 2804; x_wconf 87' lang='lat' dir='ltr'>super</span> <span class='ocrx_word' id='word_1_587' title='bbox 1965 2765 2090 2795; x_wconf 86' lang='lat' dir='ltr'>eisdem</span> <span class='ocrx_word' id='word_1_588' title='bbox 2112 2763 2278 2794; x_wconf 88' lang='lat' dir='ltr'>benificiis</span> 
     </span>
     <span class='ocr_line' id='line_1_83' title="bbox 1271 2817 2279 2860; baseline -0.005 -9"><span class='ocrx_word' id='word_1_589' title='bbox 1271 2821 1311 2851; x_wconf 80' lang='lat' dir='ltr'>ab</span> <span class='ocrx_word' id='word_1_590' title='bbox 1332 2821 1511 2860; x_wconf 88' lang='lat' dir='ltr'>apostolica</span> <span class='ocrx_word' id='word_1_591' title='bbox 1527 2820 1610 2851; x_wconf 85' lang='lat' dir='ltr'>Sede</span> <span class='ocrx_word' id='word_1_592' title='bbox 1632 2819 1776 2850; x_wconf 87' lang='lat' dir='ltr'>obtentis</span> <span class='ocrx_word' id='word_1_593' title='bbox 1797 2823 1828 2849; x_wconf 86' lang='lat' dir='ltr'>ct</span> <span class='ocrx_word' id='word_1_594' title='bbox 1846 2818 2055 2857; x_wconf 87' lang='lat' dir='ltr'>processibus</span> <span class='ocrx_word' id='word_1_595' title='bbox 2074 2817 2199 2847; x_wconf 87' lang='lat' dir='ltr'>habitis</span> <span class='ocrx_word' id='word_1_596' title='bbox 2220 2825 2279 2855; x_wconf 83' lang='lat' dir='ltr'>per</span> 
     </span>
     <span class='ocr_line' id='line_1_84' title="bbox 1269 2868 2282 2910; baseline -0.005 -6"><span class='ocrx_word' id='word_1_597' title='bbox 1269 2874 1411 2904; x_wconf 90' lang='lat' dir='ltr'>easdem.</span> <span class='ocrx_word' id='word_1_598' title='bbox 1433 2873 1650 2904; x_wconf 85' lang='lat' dir='ltr'>Decernimus</span> <span class='ocrx_word' id='word_1_599' title='bbox 1663 2872 1800 2910; x_wconf 88' lang='lat' dir='ltr'>insuper</span> <span class='ocrx_word' id='word_1_600' title='bbox 1813 2871 1946 2901; x_wconf 88' lang='lat' dir='ltr'>irritum</span> <span class='ocrx_word' id='word_1_601' title='bbox 1957 2874 1987 2900; x_wconf 86' lang='lat' dir='ltr'>et</span> <span class='ocrx_word' id='word_1_602' title='bbox 2003 2870 2103 2900; x_wconf 87' lang='lat' dir='ltr'>inane</span> <span class='ocrx_word' id='word_1_603' title='bbox 2119 2868 2282 2909; x_wconf 88' lang='lat' dir='ltr'>quicquid</span> 
     </span>
    </p>
   </div>
   <div class='ocr_carea' id='block_1_20' title="bbox 2399 0 2441 3330">
    <p class='ocr_par' dir='ltr' id='par_1_20' title="bbox 2399 0 2441 3330">
     <span class='ocr_line' id='line_1_85' title="bbox 2399 0 2441 3330; baseline 0 0"><span class='ocrx_word' id='word_1_604' title='bbox 2399 0 2441 3330; x_wconf 95' lang='lat' dir='ltr'> </span> 
     </span>
    </p>
   </div>
  </div>
 </body>
</html>
