2498 3325
222 256 276 285 194
944 252 1183 284 REGISTRES
1205 251 1513 283 D'ALEXANDRE
1538 254 1594 283 IV.

222 333 234 347 r.
260 321 407 358 ipsorum
432 319 467 349 in
491 319 655 358 judicium
680 319 840 349 deducere
865 319 1043 357 potuisset,
1070 321 1166 356 prout
1194 318 1230 347 in

222 385 234 399 »
260 373 380 402 litteris
404 372 510 410 ipsius
533 372 657 401 domini
680 373 705 401 I.
728 381 827 410 super
845 372 904 401 hoc
922 371 1082 401 confectis
1098 370 1229 409 plenius

220 437 234 452 ι»
259 426 458 455 continetur.
484 425 681 454 Procurator
704 429 813 454 autem
839 424 968 454 abbatis
994 428 1023 454 et
1047 427 1229 454 conventus

221 491 233 504 >1
260 487 295 507 ac
310 477 447 507 rectoris
460 477 605 515 ipsorum
617 477 799 507 sententias
810 477 992 507 antedictas
1005 476 1111 515 quoad
1125 475 1229 505 dictos

221 542 233 556 η
260 530 411 559 homines
436 529 552 559 videns
582 538 654 559 csse
682 533 844 559 correctas
873 538 909 559 ac
936 529 1073 567 cupiens
1098 537 1230 558 eorum-

221 595 233 609 »
259 583 331 612 «lom
354 582 563 611 dominorum
586 591 721 612 suorum
744 582 978 620 indenipnitati
999 581 1107 620 quoad
1129 590 1230 620 quas-

221 647 233 662 »
259 635 333 664 dzun
365 634 448 664 alias
478 635 661 664 sententias
691 643 749 673 pro
778 634 903 664 eisdem
933 634 1169 664 communitate
1199 637 1231 664 et

221 699 233 714 »
257 686 449 717 bominibus
473 696 572 724 super
596 686 885 716 benedictionibus
903 686 1119 720 nubentium.
1142 694 1230 715 mor-

221 752 234 766 »
261 744 390 769 tuorum
414 739 612 777 sepulturis,
630 739 828 776 baptismate
845 738 1058 777 parvulorum
1079 742 1110 768 et
1131 738 1230 768 rebus

221 805 233 819 n
259 792 334 822 aliis
349 796 463 821 contra
479 792 642 827 abbatem,
661 796 859 822 conventum
876 796 907 822 et
922 796 1083 822 rectorem
1101 791 1231 830 predic-

213 850 308 888 2105
334 854 392 883 per
418 845 541 874 dictum
566 844 762 882 magistrum
783 844 953 875 Matheum
974 844 1117 883 prolatas
1140 836 1230 874 salu-

221 911 232 924 »
259 898 362 927 briter
385 897 561 935 provideri,
580 906 656 931 nos,
682 897 865 935 predictum
886 897 1112 933 Guillelmum,
1132 905 1231 935 super

220 964 233 978 »
259 951 319 981 boc
332 950 520 988 impetravit
533 950 572 979 ab
582 950 653 988 ipso
665 950 798 980 domino
810 950 874 979 sibi
888 950 1071 980 auditorem
1081 950 1228 985 concedi,

220 1016 232 1030 »
257 1012 366 1033 coram
397 1003 492 1033 nobis
522 1003 556 1032 in
585 1003 711 1042 judicio
741 1002 970 1041 multipliciter
1003 1002 1227 1041 persuadens,

221 1069 234 1083 »
260 1056 356 1095 quod,
376 1056 461 1086 sicut
477 1056 642 1086 sententie
658 1055 723 1086 late
735 1060 849 1085 contra
863 1056 1014 1085 homines
1028 1055 1149 1093 corrigi
1161 1064 1230 1086 me-

220 1121 233 1136 »
259 1113 397 1139 ruerunt
419 1118 456 1138 ex
473 1118 571 1138 causa
589 1108 742 1146 superius
759 1108 939 1144 assignata,
955 1108 1069 1138 eodem
1084 1108 1180 1138 modo
1198 1111 1229 1138 et

221 1174 233 1189 »
258 1162 323 1191 late
337 1161 502 1191 sententie
517 1170 573 1198 pro
588 1160 712 1190 eisdem
729 1160 926 1190 correctioni
943 1160 1113 1199 subjacere
1129 1159 1229 1190 debe-

221 1227 233 1240 »
258 1215 348 1244 bant.
368 1214 404 1243 Et
427 1213 503 1243 licet
519 1222 594 1251 pars
610 1213 748 1242 adversa
766 1212 869 1242 multa
886 1212 921 1241 in
938 1212 1138 1242 contrariam
1153 1221 1229 1250 pro-

220 1278 232 1292 »
257 1270 393 1304 poneret
409 1270 440 1295 et
456 1265 604 1300 diversa,
622 1274 682 1294 nos
703 1269 812 1294 tamen
829 1264 1037 1294 attendentes
1054 1264 1150 1303 quod,
1170 1264 1229 1293 ubi

219 1331 232 1345 »
258 1319 371 1348 eadem
393 1322 442 1347 est
464 1318 558 1353 ratio,
581 1326 653 1347 esse
671 1317 788 1346 debeat
803 1317 890 1347 idem
903 1317 1012 1355 ju(ri)s
1029 1320 1060 1346 et
1076 1317 1110 1346 in
1134 1317 1228 1346 simi-

258 1371 346 1400 libus
375 1370 488 1400 eadem
519 1370 562 1399 sit
588 1369 729 1399 tenenda
760 1378 920 1403 censura,
948 1369 1026 1408 quia
1050 1369 1085 1398 in
1111 1373 1228 1399 neutro

253 1423 455 1463 judiciorum
472 1422 655 1460 comparuit
671 1421 794 1460 aliquis
807 1431 865 1460 pro
880 1421 1019 1460 prefatis
1034 1421 1228 1452 hominibus

256 1481 465 1515 procurator.
496 1475 610 1505 habita
634 1484 733 1513 super
759 1474 820 1504 hoc
845 1474 960 1505 sedula
989 1474 1229 1505 deliberatione

218 1542 231 1556 >³
258 1529 430 1559 nobiscum
447 1533 478 1558 et
492 1528 530 1558 de
547 1527 701 1558 mandato
719 1527 845 1557 domini
861 1536 943 1565 pape
962 1527 1092 1566 quesito
1108 1527 1229 1557 simili-

219 1594 231 1609 »
258 1586 307 1611 ter
333 1586 363 1612 et
390 1581 523 1611 obtento
544 1580 631 1620 juris
653 1579 794 1610 consilio
814 1580 1007 1618 peritorum,
1029 1585 1228 1611 memoratas

219 1647 231 1662 »
258 1634 441 1665 sententias
458 1643 515 1672 pro
531 1633 724 1663 hominibus
738 1632 914 1663 antedictis
931 1633 1076 1671 prolatas
1091 1642 1228 1671 presen-

218 1700 231 1714 »
258 1687 345 1717 tibus
368 1686 518 1725 partibus
538 1685 782 1715 sententialiter
798 1685 1005 1715 decrevimus
1023 1686 1091 1715 sore
1106 1685 1226 1722 nullas,

219 1753 231 1766 »
257 1740 376 1769 ceteris
403 1739 568 1769 contentis
595 1739 629 1767 in
657 1738 739 1776 ipsis
765 1738 941 1768 sententiis
967 1738 1002 1767 in
1026 1747 1085 1768 suo
1111 1738 1229 1769 robore

219 1806 232 1820 »
257 1792 437 1822 duraturis.
460 1793 498 1822 In
522 1792 615 1830 cujus
639 1792 686 1821 rei
709 1790 938 1821 testimonium
960 1799 1098 1829 presens
1118 1791 1229 1829 publi-

219 1858 232 1872 »
257 1855 331 1875 cuin
352 1845 612 1874 instrumentum
633 1852 690 1882 per
711 1843 907 1881 magistrum
930 1844 1061 1873 Bonum
1082 1843 1120 1873 de
1145 1844 1228 1874 Are-

219 1911 231 1925 »
255 1899 313 1934 tio,
331 1897 497 1927 notarium
514 1902 678 1931 nostrum,
694 1896 767 1926 fieri
784 1896 926 1926 fecimus
940 1900 971 1926 et
987 1900 1099 1926 nostro
1117 1896 1228 1934 sigillo

256 1950 392 1980 muniri.
419 1951 538 1979 Actum
565 1949 722 1987 Neapoli,
751 1949 786 1978 in
814 1948 958 1987 hospitio
984 1953 1113 1984 nostro,
1140 1957 1227 1979 anno

256 2003 389 2034 Domini
409 2002 601 2038 M⁰CC⁰LV⁰‚
622 2001 804 2031 indictione
819 2001 1009 2036 X111³,X1·
1032 2001 1085 2031 die
1101 2001 1227 2031 mensis

219 2069 231 2083 »
253 2057 402 2096 Januarii
438 2059 597 2088 exeunte.
638 2054 849 2092 pontificatus
886 2054 1012 2084 domini
1047 2054 1228 2084 Alexandri

256 2119 337 2148 pape
359 2111 404 2139 IV
427 2117 513 2138 anno
538 2109 644 2146 primo
663 2118 668 2137 :
688 2108 898 2146 presentibus
918 2108 1078 2145 magistro
1099 2109 1227 2145 Rogero

257 2161 367 2191 Lowel
384 2165 595 2199 procuratore
611 2160 754 2190 illustris
773 2183 804 2194 ..,
825 2160 914 2197 regis
930 2160 1065 2198 Anglie,
1084 2160 1228 2190 Roberto

256 2214 294 2243 de
311 2215 532 2247 Nascentone,
550 2213 697 2243 Jannino
714 2213 752 2243 de
773 2214 885 2251 Taypo
905 2217 935 2242 et
951 2213 1110 2251 magistro
1129 2214 1227 2243 Petro

256 2267 294 2296 de
307 2266 471 2304 Nigrinis,
490 2266 630 2296 testibus
648 2265 761 2295 adhoc
778 2265 912 2295 vocatis.
932 2266 971 2295 Et
985 2274 1043 2303 ego
1058 2266 1170 2295 Bonus
1187 2265 1226 2296 de

219 2332 224 2345 >
258 2320 370 2349 Aretio
383 2319 543 2353 notarius,
558 2318 646 2348 filius
658 2318 824 2357 quondam
841 2318 1003 2356 Raynerii
1016 2306 1151 2353 notarii,
1171 2327 1227 2348 su-

218 2384 231 2398 »
256 2371 401 2409 pradicte
424 2371 602 2409 prolationi
623 2371 788 2400 sententie
812 2371 951 2400 interfui
968 2375 998 2400 et
1017 2371 1056 2400 de
1072 2371 1226 2401 mandato

219 2436 232 2450 »
257 2424 336 2453 dicti
348 2423 473 2452 domini
484 2423 648 2453 Vv'illelini
663 2423 824 2452 auditoris
838 2423 956 2461 scripsi
971 2427 1001 2452 et
1011 2423 1045 2452 in
1059 2422 1226 2461 publicam

219 2488 232 2502 ι»
257 2476 397 2505 formam
414 2475 536 2513 redegi.
555 2487 567 2501 »

256 2528 349 2558 Nulli
366 2537 442 2565 ergo
459 2531 519 2557 etc.
544 2527 629 2557 hanc
652 2527 806 2565 paginam
831 2532 943 2557 nostre
964 2528 1226 2559 confirmationis

216 2580 412 2617 infringere.
431 2580 465 2609 Si
479 2579 554 2618 quis
571 2584 680 2609 autem
692 2583 752 2609 etc.
767 2580 839 2609 Dat.
857 2579 1020 2617 Anagnie‚
1038 2581 1101 2610 XI·
1114 2580 1226 2612 kalen-

217 2633 275 2662 das
292 2632 440 2670 augusti,
459 2641 545 2662 anno
561 2632 678 2670 primo.
698 2644 710 2657 n

220 1384 226 1397 )

225 1384 232 1397 v

219 1436 225 1450 )

220 1489 225 1502 )

225 1489 232 1503 .ae

219 1964 225 1977 )

218 2016 224 2030 )

224 2016 231 2030 ν

219 2122 225 2135 )

219 2174 224 2187 )

218 2226 224 2240 )

219 2278 224 2293 )

286 2788 378 2817 650

254 2850 392 2884 Magistro
412 2848 542 2875 Conrado
563 2847 598 2874 de
615 2848 738 2882 Friburg
753 2848 903 2875 confirmat
917 2849 1071 2876 ecclesiam
1087 2849 1121 2876 de
1137 2849 1226 2876 Wol-

771 2787 898 2821 Anagni,
917 2788 948 2814 15
961 2788 1055 2822 juillet
1073 2788 1152 2815 1255.

218 2900 396 2935 velnlwillcr,
412 2908 496 2934 quarn
513 2899 569 2934 ipsi
584 2899 678 2933 Hugo,
695 2899 769 2926 tituli
785 2907 809 2926 s.
828 2899 950 2926 Sabinae
965 2900 1115 2935 presbyter
1131 2900 1226 2927 cardi-

1314 317 1396 351 nalis,
1412 318 1447 344 de
1462 319 1580 352 speciali
1597 319 1728 347 mandato
1744 319 1904 347 innocentii
1924 320 1977 355 lv,
1994 324 2061 356 post
2082 324 2202 348 mortem
2223 321 2324 349 Gebe-

1312 366 1402 397 hardi,
1414 367 1510 394 fratris
1523 368 1627 395 nobilis
1639 369 1691 395 viri
1703 367 1846 403 Clonradil
1862 369 1978 396 comitis
1989 369 2024 396 de
2036 368 2170 405 Friburg,
2182 370 2323 405 capellani

1313 414 1435 449 papalis.
1453 417 1608 442 concessit.
1629 416 1711 445 (Rae.
1728 416 1776 449 2⁴,
1793 425 1819 444 c.
1836 417 1904 451 529,
1925 417 1944 444 f.
1966 417 2027 448 76';
2052 416 2233 452 Hannonem,
2255 419 2322 445 Acta

1311 463 1412 497 pontif.
1430 464 1537 498 helmet„
1555 467 1574 491 t.
1590 463 1613 495 Ι,
1629 470 1660 491 n⁰
1675 464 1750 497 648.)

1354 569 1367 584 α
1387 558 1530 595 Magistro
1551 559 1688 588 Conrado
1707 559 1741 588 de
1762 559 1910 597 Fribury.
1927 561 2040 590 rectori
2054 561 2172 590 ecclesie
2192 560 2226 590 de
2246 560 2325 590 Wol-

1311 611 1456 645 vewiller,
1475 611 1715 641 Constantiensis
1731 612 1866 641 diocesis.
1882 612 1990 643 Justis
2002 612 2186 651 petentium
2198 617 2259 643 etc.
2270 629 2323 642 —.

1312 663 1386 692 Dat.
1403 663 1567 701 Anagnie,
1582 663 1694 694 idibus
1709 663 1798 703 julii,
1816 672 1903 694 anno
1921 665 2040 703 primo.
2060 676 2073 691 »

1384 846 1469 874 65¹
1869 846 1995 882 Anagni,
2018 847 2049 875 15
2061 848 2157 882 juillet
2172 847 2251 876 1255.

1350 907 1466 934 Decano
1489 907 1613 935 Metensi
1632 916 1731 935 curam
1751 908 1905 935 committit
1922 909 2095 944 magistrum
2111 909 2274 937 Conradum
2289 909 2326 938 de

1313 956 1437 991 Friburg
1447 956 1473 983 in
1487 957 1705 991 possessionem
1718 957 1858 984 ecclesiae
1871 957 1906 984 de
1921 956 2166 992 Wolvelnlwiller
2181 958 2323 994 mittendi,

1314 1013 1370 1032 non
1392 1006 1525 1032 obstante
1546 1006 1777 1041 praesentatione
1798 1005 1936 1037 Conradi.
1958 1007 2016 1033 nati
2038 1006 2070 1034 C.
2090 1006 2159 1034 dicti
2179 1006 2323 1035 Snewelin

1313 1054 1411 1081 militis
1426 1054 1629 1088 tribui-gensis,
1647 1054 1680 1080 ad
1697 1054 1827 1081 eamdem
1843 1055 1996 1082 ecclesiam
2014 1056 2087 1082 facta
2097 1064 2113 1082 a
2125 1056 2218 1091 priore
2228 1055 2324 1083 Cellae

1313 1102 1459 1137 Vilmaris,
1477 1102 1679 1129 cluniacensis
1694 1102 1815 1137 ordinis,
1833 1107 2013 1138 patronatum
2031 1104 2164 1131 habente.
2181 1103 2322 1138 (REO-24,

1311 1159 1337 1178 c.
1355 1151 1427 1183 529²,
1445 1151 1464 1178 s.
1482 1152 1542 1185 76'3
1562 1150 1731 1185 Βεηκοοιω,
1748 1153 1816 1178 Acta
1829 1153 1930 1186 pontis.
1947 1152 2054 1183 helvet„
2067 1156 2087 1179 t.
2104 1152 2127 1186 Ι,
2142 1157 2172 1179 n⁰
2187 1151 2262 1185 649.)

1353 1264 1366 1279 α
1393 1275 1432 1287 ..,
1459 1253 1570 1282 decano
1595 1253 1734 1288 Μειεηεί,
1759 1253 1915 1290 capellano
1935 1258 2048 1282 nostro.
2071 1252 2164 1284 Sicut
2181 1252 2323 1284 dilectus

1311 1305 1401 1335 filius
1417 1323 1468 1334 —.
1486 1306 1559 1335 Dat.
1577 1309 1613 1335 ut
1629 1314 1740 1344 supra.
1760 1317 1773 1332 »

1383 1483 1469 1513 652
1871 1482 1996 1518 Anagni,
2013 1483 2047 1510 27
2060 1483 2156 1518 juillet
2171 1483 2251 1512 1255.

1348 1545 1471 1573 Gentilis
1490 1545 1524 1571 de
1541 1544 1714 1576 Luculensi,
1730 1545 1902 1572 auctoritate
1917 1545 2078 1572 litterarum
2093 1544 2254 1574 Innocentii
2269 1555 2324 1582 pa-

1313 1603 1365 1630 pae
1385 1594 1438 1628 IV,
1455 1595 1482 1621 in
1499 1594 1670 1621 canonicum
1687 1594 1827 1620 ecclesiae
1843 1593 2026 1620 Florentinae
2042 1595 2236 1630 receptionem
2252 1603 2325 1622 con-

1311 1644 1415 1677 firmat,
1433 1651 1488 1670 non
1505 1643 1689 1670 obstantibus
1705 1642 1809 1669 litteris
1823 1642 1858 1669 de
1874 1646 1998 1677 quatuor
2012 1643 2162 1671 dumtaxat
2176 1644 2326 1672 canonicis

1311 1693 1340 1719 in
1357 1692 1590 1726 quibuscumque
1605 1691 1739 1718 ecclesiis
1755 1691 1941 1726 recipiendis.
1959 1691 2040 1724 (Rea.
2052 1691 2096 1723 24,
2109 1699 2135 1720 c.
2148 1691 2210 1725 5³0,
2223 1692 2242 1720 f.
2255 1693 2325 1727 76v.)

1353 1806 1366 1820 «
1384 1794 1496 1823 Gentili
1511 1793 1544 1822 de
1556 1794 1729 1827 Luculensi,
1745 1793 1892 1822 canonico
1903 1793 2090 1822 Florentino.
2103 1793 2202 1824 Lecta
2213 1802 2325 1824 coram

1312 1847 1408 1877 nobis
1424 1851 1480 1876 tua
1492 1846 1607 1885 petitio
1619 1846 1821 1881 continebat,
1838 1845 1925 1884 quod
1937 1850 1968 1876 te
1984 1845 2064 1876 olim
2077 1855 2153 1876 cum
2166 1846 2322 1884 Viviano‚

1311 1899 1431 1930 clerico
1457 1899 1665 1933 Florentino.
1698 1908 1798 1937 super
1821 1899 1971 1937 prioratu
1998 1899 2159 1930 secularis
2184 1899 2324 1930 ecclesie

1311 1952 1418 1982 sancti
1430 1951 1655 1982 Bai-tholomei
1666 1951 1704 1981 de
1718 1951 1869 1985 Fichino,
1882 1950 2046 1981 Fesulane
2058 1951 2211 1987 diocesis,
2224 1960 2324 1991 quem

1309 2009 1449 2044 uterque
1467 2009 1615 2034 vestrum
1631 2003 1671 2033 ad
1691 2012 1725 2033 se
1744 2007 1892 2042 spectare
1909 2003 2056 2039 dicebat,
2076 2012 2187 2033 coram
2202 2003 2324 2034 dilecto

1310 2057 1378 2086 filio
1391 2057 1525 2086 Andrea
1540 2056 1579 2086 de
1595 2056 1752 2091 Lavania‚
1772 2054 1941 2094 capellano
1959 2059 2083 2091 nostro,
2099 2064 2198 2094 quem
2212 2055 2324 2087 felicis

1309 2109 1549 2139 recordationis
1566 2109 1592 2138 Ι.
1611 2117 1705 2147 papa,
1723 2107 1937 2146 predecessor
1955 2111 2079 2143 noster,
2097 2107 2232 2138 dederat
2245 2117 2325 2147 par-

1310 2161 1399 2192 tibus
1416 2161 1600 2191 auditorem
1613 2160 1699 2199 apud
1710 2160 1828 2190 Sedern
1844 2159 2059 2198 apostolicam
2073 2159 2271 2198 litigantem,
2285 2169 2324 2191 ac

1310 2214 1426 2245 eodem
1456 2213 1625 2252 capellano
1661 2213 1747 2242 dicto
1775 2213 1813 2242 V.
1847 2212 2045 2242 auctoritate
2077 2212 2324 2250 predecessoris

1309 2266 1416 2305 ipsius
1438 2275 1496 2304 per
1516 2265 1693 2304 quamdam
1715 2265 1959 2295 ordinationem
1984 2265 2168 2303 prioratum
2192 2265 2324 2305 adjudi-

1310 2323 1405 2349 cante
1420 2318 1623 2357 predictum,
1641 2322 1676 2347 tu
1698 2327 1716 2347 a
1737 2317 1823 2347 dicto
1845 2317 2079 2355 predecessore
2095 2317 2242 2356 aliquam
2261 2317 2324 2348 tibi

1309 2371 1651 2410 recompensationem
1675 2371 1748 2401 fieri
1771 2369 1946 2400 humiliter
1970 2369 2158 2408 postulasti.
2183 2370 2248 2407 Qui
2272 2370 2325 2400 dj-

1309 2425 1393 2455 lecto
1414 2425 1483 2454 filio
1503 2424 1662 2462 magistro
1679 2423 1827 2454 Johanni
1848 2423 1886 2453 de
1904 2423 2024 2453 Sancto
2043 2423 2219 2459 Germano,
2244 2423 2343 2454 subs

1309 2478 1448 2508 diacono
1460 2481 1491 2507 et
1505 2477 1632 2507 notario
1644 2482 1768 2511 nostro,
1782 2480 1861 2505 tunc
1873 2475 2043 2514 capellano
2055 2476 2150 2506 Sedis
2162 2476 2323 2515 ejusdem,

1310 2531 1380 2561 suis
1397 2530 1486 2560 dedit
1507 2529 1629 2559 litteris
1650 2529 1685 2558 in
1702 2528 1885 2562 mandatis,
1903 2532 1940 2558 ut
1956 2528 2017 2558 tibi
2035 2528 2069 2558 in
2089 2528 2200 2567 aliqua
2218 2528 2325 2559 eccle-

1310 2583 1435 2614 siarum
1449 2582 1639 2612 Florentine
1651 2581 1702 2611 vel
1714 2581 1877 2611 Fesulane
1889 2581 2064 2610 civitatum
2074 2580 2127 2610 vel
2140 2580 2326 2611 diocesium

1309 2636 1349 2666 de
1371 2635 1566 2674 plebanatu,
1591 2634 1908 2672 archipresbiter-atu
1930 2637 1987 2663 aut
2010 2632 2075 2663 alio
2096 2632 2324 2663 ecclesiastico

1309 2688 1471 2718 beneficio
1493 2686 1686 2725 prebendali
1704 2686 1756 2716 vel
1777 2686 1859 2721 alio,
1882 2685 1984 2716 etiam
2003 2694 2117 2715 curam
2133 2685 2324 2715 animarum

1308 2740 1463 2774 habente,
1477 2739 1563 2778 quod
1579 2739 1716 2769 duceres
1728 2738 1976 2776 acceptandum,
1992 2737 2166 2776 providere
2177 2741 2322 2774 curaret,

1308 2792 1436 2821 faciens
1454 2796 1485 2822 te
1500 2796 1618 2821 extunc
1634 2791 1669 2820 in
1688 2791 1829 2821 ecclesia
1845 2791 1879 2820 in
1895 2799 1961 2829 qua
1982 2790 2044 2819 tibi
2059 2790 2226 2828 provideri
2249 2798 2324 2820 con-

1309 2844 1462 2881 tingeret,
1481 2844 1581 2874 etiarn
1599 2844 1627 2873 si
1644 2843 1844 2874 cathedralis
1862 2843 2030 2878 existeret,
2047 2842 2152 2881 recipi
2169 2842 2205 2872 in
2223 2851 2325 2873 cano-

1308 2897 1421 2926 nicum
1443 2900 1474 2926 et
1497 2896 1531 2925 in
1553 2897 1707 2932 fratrem,
1727 2905 1764 2926 ac
1783 2895 1845 2926 tibi
1866 2895 2051 2926 cotidianas
2067 2895 2324 2926 distributiones
