2498 3325
126 318 139 333 >2

126 371 140 386 ))

127 423 140 438 ))

126 476 140 490 3)

127 581 141 596 i)

127 634 140 649 ὶ)

126 739 140 753 ))

127 792 140 806 ))

127 843 140 859 ))

126 949 140 965 ))

126 1055 140 1070 ))

128 1214 141 1229 >)

129 1319 142 1333 D

129 1372 142 1386 ))

127 1426 141 1440 ))

128 1478 141 1492 1)

125 1583 138 1597 ))

123 1636 137 1650 ))

973 234 1198 271 PREMIERE
1219 235 1379 273 ANNEE.

165 306 258 336 curia
273 306 547 344 archiepiscopali
563 306 614 337 vel
631 306 813 337 senescalci
832 306 1078 344 pertinentibus
1095 305 1136 335 ad

164 358 449 397 archiepiscopum
468 363 498 389 et
515 359 708 389 comitatum
725 359 855 398 quando
874 359 944 389 dies
964 359 1134 396 assignan-

165 415 229 445 tur,
244 411 432 449 prepositus
444 412 620 441 comitatus
634 411 730 441 debet
741 411 923 446 certiorari,
942 415 973 440 et
985 420 1043 448 per
1059 419 1135 440 eum

167 463 377 494 senescalcus
394 468 425 494 et
444 468 583 502 uterque
602 473 716 494 eorum
738 464 767 493 si
787 463 929 493 voluerit
948 462 1086 502 judiciis
1104 465 1135 492 et

165 516 350 546 concordiis
367 516 541 551 interesse,
560 520 591 546 et
608 516 643 545 in
661 516 815 546 omnibus
833 524 895 554 que
912 515 989 545 inde
1006 515 1046 544 ad
1059 524 1135 553 par-

166 572 231 599 tem
252 569 428 599 comitatus
443 569 657 607 perveniunt,
680 569 811 598 tertiam
832 573 958 606 partem
977 568 1066 598 idem
1082 576 1135 598 se-

166 621 338 652 nescalcus
356 622 506 660 percipit.
525 623 563 652 In
579 621 734 651 omnibus
750 621 950 651 clamoribus
967 625 997 651 et
1013 620 1134 650 bannis

166 674 206 704 ad
220 673 505 712 arehiepiscopum
519 678 550 704 et
561 674 752 704 comitatum
767 673 1024 712 pertinentibus,
1035 673 1135 703 habet

165 726 200 755 in
225 730 317 764 parte
338 727 513 756 comitatus
538 726 670 756 tertiam
693 730 837 764 partem,
865 729 997 763 excepto
1024 725 1134 755 banno

165 779 308 817 pedagii,
324 779 425 808 furati
442 783 472 808 et
487 778 573 808 leide
588 782 727 808 retente.
743 779 781 808 In
797 778 1031 816 pladiamentis
1046 778 1135 816 ripe-

164 832 302 866 riarum,
328 831 498 866 atriorum,
522 831 740 861 scalariorum
762 835 793 861 et
815 831 1010 869 platearum,
1039 830 1135 861 debet

166 883 375 914 senescalcus
390 883 565 913 comitatus
582 883 744 914 interesse
763 887 794 913 et
810 884 942 913 tertiam
957 887 1084 921 partem
1099 883 1134 912 in

163 942 256 976 parte
272 937 448 967 comitatus
467 937 647 975 percipere.
666 938 704 966 In
723 937 878 967 omnibus
896 937 996 967 rebus
1014 945 1077 975 que
1095 936 1135 966 ad

165 990 357 1020 comitatum
373 993 502 1019 tantum
515 990 693 1028 pertinent,
709 990 738 1020 si
753 989 880 1028 aliquid
892 990 1064 1025 vendatur,
1083 989 1135 1020 vel

165 1043 340 1080 obligetur,
361 1042 413 1072 vel
428 1047 645 1080 permutetur,
664 1046 720 1071 aut
738 1041 853 1072 laudes
874 1052 931 1081 pro
950 1042 1017 1072 hiis
1035 1043 1134 1073 rebus

166 1096 295 1131 dentur,
320 1095 451 1134 quando
473 1095 589 1125 laudes
614 1095 712 1130 fiunt,
734 1095 829 1126 debet
848 1095 1058 1126 senescalcus
1081 1104 1136 1125 co-

165 1149 302 1178 mitatus
318 1149 481 1178 interesse
504 1152 534 1178 et
557 1148 634 1178 inde
657 1148 791 1178 tertiam
810 1152 937 1186 partem
952 1148 1133 1186 percipere,

165 1206 390 1240 preterquam
415 1201 450 1230 in
466 1201 593 1236 clauso,
612 1201 699 1239 quod
723 1201 845 1231 dicitur
866 1201 1029 1237 comitale,
1049 1205 1079 1231 et
1100 1201 1135 1230 in

166 1254 234 1283 hiis
257 1253 413 1283 laudibus
436 1253 541 1283 nichil
561 1253 700 1292 percipit
726 1253 914 1292 prepositus
941 1254 1132 1289 comitatus,

166 1311 276 1345 preter
300 1306 440 1336 drualia.
469 1306 649 1336 Sciendum
678 1315 808 1345 quoque
836 1307 922 1345 quod
947 1307 1135 1345 prepositus

168 1359 343 1389 comitatus
362 1359 457 1389 debet
480 1359 672 1396 homagium
693 1359 801 1388 facere
823 1363 853 1389 et
869 1359 1063 1390 fidelitatem
1084 1369 1136 1390 se-

167 1412 318 1443 nescalco
329 1412 516 1446 comitatus,
532 1412 623 1442 salva
636 1412 794 1442 fidelitate
811 1413 936 1442 domini
947 1413 1134 1443 comitatus.

166 1467 260 1496 Hanc
277 1470 387 1495 autem
401 1465 587 1503 sepedictus
598 1465 808 1495 senescalcus
820 1465 919 1495 habet
934 1465 1133 1501 libertatem,

165 1519 262 1558 quod,
279 1518 307 1548 si
321 1518 355 1547 in
373 1518 468 1547 domo
485 1526 544 1547 sua
558 1526 656 1556 quam
671 1517 836 1548 inhabitat
850 1518 977 1557 aliquid
988 1519 1136 1548 furatum

163 1570 277 1605 fuerit,
302 1570 451 1600 bannum
474 1570 656 1600 insolidum
683 1570 753 1609 ejus
778 1574 841 1605 est,
869 1571 953 1600 sicut
983 1571 1136 1601 canonici

162 1623 225 1653 hoc
240 1623 363 1653 habent
379 1627 410 1653 et
426 1623 542 1653 domus
558 1623 705 1653 claustri.

163 1689 176 1703 »
202 1677 240 1706 Et
264 1676 352 1706 facta
374 1684 484 1705 coram
507 1675 621 1705 eodem
642 1675 774 1705 domino
791 1675 861 1706 litis
881 1677 1133 1713 contestatione,

161 1729 249 1759 idem
266 1729 420 1758 dominus
442 1737 501 1758 nos
518 1728 552 1757 in
572 1728 686 1758 eodem
703 1729 834 1766 negotio
853 1730 1017 1759 concessit
1032 1730 1136 1768 parti-

163 1782 224 1812 bus
242 1782 437 1811 auditorem.
456 1781 732 1819 Comparentibus
744 1781 846 1819 igitur
859 1782 1009 1819 partibus
1027 1791 1137 1812 coram

164 1834 278 1870 nohis,
293 1835 441 1873 juratum
458 1834 566 1863 extitit
586 1834 624 1864 de
644 1834 833 1872 calumpnia
855 1844 913 1873 per
935 1835 1077 1865 eundem
1096 1836 1135 1865 B.

165 1897 202 1918 ex
225 1897 292 1917 una
312 1891 405 1926 parte
430 1891 461 1917 et
483 1887 588 1917 dictos
607 1887 769 1917 decanum
792 1891 822 1917 et
846 1892 1073 1926 precentorem
1099 1898 1137 1918 ex

166 1940 280 1976 altera,
304 1944 334 1970 et
354 1940 439 1969 facte
457 1939 640 1977 positiones
656 1939 827 1969 hincinde
847 1949 883 1969 ac
903 1941 1137 1978 responsiones

166 1994 206 2023 ad
227 2002 293 2028 eas,
317 2002 375 2031 per
393 2001 475 2031 quas
499 1991 603 2021 nichil
624 1992 737 2021 efficax
755 1992 928 2030 probatum
949 1993 1057 2022 extitit
1079 2002 1137 2031 pro

166 2045 325 2076 alterutra
351 2044 505 2083 partium.
536 2044 717 2074 Confessus
742 2044 806 2073 fnit
839 2049 948 2074 tamen
975 2045 1136 2081 decanus,

167 2099 255 2137 quod
276 2098 468 2127 inhibuerat
493 2102 523 2127 et
547 2097 719 2126 inhibebat
738 2097 1009 2127 Bartholomeum
1032 2098 1138 2136 perci-

167 2160 244 2190 pere
265 2151 393 2180 ratione
415 2149 629 2180 senescachie
652 2158 689 2179 ea
709 2159 772 2188 que
793 2150 828 2178 in
848 2149 961 2180 libello
984 2160 1139 2188 expressa

167 2208 244 2233 sunt
258 2207 288 2233 et
305 2202 486 2237 declarata;
501 2206 530 2231 ct
543 2206 667 2237 cantor,
689 2202 775 2240 qnod
790 2202 938 2231 inhibuit
955 2202 1136 2241 aliquibus,

167 2260 197 2285 et
217 2255 330 2294 adjicit
347 2259 485 2293 uterque
498 2264 642 2289 causam,
657 2254 783 2284 scilicet
796 2254 874 2293 quia
886 2263 951 2284 non
963 2259 1012 2284 est
1028 2264 1138 2286 senes-

166 2309 304 2339 calchia.
323 2309 362 2337 Et
384 2307 458 2337 ideo
476 2312 615 2346 utraque
637 2317 711 2345 pars
731 2317 791 2337 usa
812 2312 860 2337 est
885 2308 1138 2346 probationibus

166 2361 254 2391 aliis.
282 2361 320 2390 Et
342 2359 409 2389 dati
435 2360 569 2389 suerunt
599 2359 746 2394 articuli,
774 2360 813 2389 ad
840 2369 922 2398 quos
952 2360 1138 2398 probandos

164 2418 304 2452 utraque
322 2421 397 2451 pars
411 2416 510 2441 testes
527 2412 668 2447 induxit,
683 2413 775 2442 curia
793 2413 954 2443 existente
973 2413 1136 2450 Lugduni.

169 2479 182 2493 n
208 2466 376 2497 Pendente
395 2469 504 2495 autem
521 2465 777 2500 examinatione,
796 2466 934 2503 contigit
950 2466 1073 2496 decano
1087 2467 1138 2496 de-

166 2519 273 2548 bitum
291 2522 407 2547 nature
430 2517 629 2556 persolvere.
652 2518 691 2547 Et
715 2518 878 2548 discretus
895 2518 946 2547 vir
964 2519 1140 2548 Antelmus

167 2571 301 2610 Rigaldi
318 2571 351 2600 in
371 2571 533 2600 decanatu
553 2580 589 2599 ac
606 2575 697 2609 parte
714 2580 811 2609 quarn
826 2571 861 2600 in
876 2571 1033 2601 comitatu
1052 2576 1140 2601 tene-

167 2625 220 2654 bat
251 2623 357 2653 extitit
387 2623 588 2652 substitutus
617 2622 735 2652 cidem.
762 2623 858 2652 Dicto
884 2632 961 2652 vero
986 2623 1140 2653 Antclmo

168 2677 348 2707 substituto
361 2676 484 2705 decano
499 2675 662 2713 allegante
674 2685 731 2713 per
746 2679 884 2705 mortem
897 2676 1141 2713 predecessoris

169 2729 220 2759 sui
238 2729 369 2758 finitum
384 2728 547 2767 judicium
566 2728 651 2766 quod
669 2736 743 2757 cum
761 2737 798 2757 eo
814 2728 922 2757 fuerat
936 2728 1139 2763 inchoatum,

169 2791 245 2821 pars
258 2781 484 2811 Bartholomci
497 2780 698 2811 contrarium
713 2781 892 2815 asserebat,
906 2785 1020 2819 petens
1032 2781 1142 2819 ipsum

171 2835 389 2866 substitutum
422 2834 539 2864 decani
569 2833 722 2871 compelli
762 2833 801 2863 ad
829 2835 1073 2871 procedendum
1107 2835 1142 2864 in

172 2896 283 2917 causa.
301 2887 449 2925 Cumque
472 2896 571 2925 super
591 2886 658 2915 hiis
680 2886 800 2916 suisset
821 2886 1026 2924 aliquamdiu
1044 2887 1144 2917 alter-

1221 318 1233 332 >1

1221 370 1233 384 ))

1221 422 1233 436 ))

1220 474 1232 488 ))

1220 526 1232 541 ))

1220 579 1232 594 >)

1220 632 1232 646 ὶ)

1219 684 1232 698 ))

1219 737 1232 752 ))

1220 844 1232 858 ))

1220 896 1232 909 i)

1220 948 1232 962 ))

1220 1002 1233 1015 ))

1221 1054 1233 1068 ))

1221 1107 1234 1121 D

1222 1160 1233 1174 ))

1222 1213 1234 1227 ))

1222 1266 1232 1279 b)

1221 1318 1233 1332 ))

1221 1371 1233 1385 1)

1221 1476 1233 1491 j)

1220 1529 1233 1544 »

1221 1582 1232 1596 ))

1221 1634 1232 1648 ))

1221 1687 1233 1701 ))

1221 1739 1232 1753 ))

1221 1792 1233 1806 ὶ)

1222 1844 1233 1857 ))

1222 1898 1234 1912 ))

1222 1950 1234 1964 ))

1223 2003 1235 2016 J)

1223 2054 1236 2069 1>

1222 2107 1235 2122 ))

1223 2160 1235 2174 ))

1223 2214 1235 2227 D

1225 2266 1236 2280 ))

1224 2372 1236 2385 Ὀ

1225 2425 1236 2438 D

1225 2477 1237 2491 ))

1225 2529 1237 2542 ))

1224 2582 1236 2595 >l

1226 2686 1239 2701 ))

1226 2740 1239 2755 5)

1227 2792 1240 2807 1)

1228 2846 1242 2861 1)

1228 2898 1242 2914 5>

2169 247 2224 278 197

1259 311 1382 342 catum,
1401 318 1471 344 nos,
1492 310 1578 339 facta
1598 310 1758 340 relatione
1778 319 1906 340 summo
1931 311 2078 349 pontifici
2098 312 2133 341 in
2155 313 2224 342 sra-

1260 363 1345 388 trum
1369 361 1553 397 presentia,
1589 366 1620 391 et
1642 362 1755 391 habita
1780 362 1866 392 inter
1895 363 1985 401 ipsos
2016 364 2224 395 discussione

1258 411 1418 449 plenaria,
1437 413 1475 442 de
1492 414 1628 452 speciali
1644 415 1769 444 domini
1785 424 1866 453 pape
1880 416 2044 451 mandato,
2063 416 2225 446 decanum

1258 464 1475 494 substitutum
1504 470 1535 496 et
1563 471 1790 504 precentorem
1824 476 1951 497 necnon
1981 472 2012 498 et
2043 469 2225 507 capitulum

1258 516 1478 553 Lugdunense
1498 526 1534 547 ac
1548 522 1737 549 executores
1754 519 1901 549 defuncti
1919 520 2035 550 decani
2050 522 2160 551 vocari
2176 522 2226 552 fe-

1258 568 1363 598 cimus
1387 578 1496 599 coram
1520 570 1615 600 nobis
1639 575 1679 606 et,
1707 572 1745 601 de
1766 572 1905 609 predicti
1926 573 2050 602 domini
2069 574 2225 605 similiter

1258 620 1395 658 speciali
1412 622 1577 657 mandato,
1596 623 1683 652 inter
1699 628 1808 653 cetera
1830 625 2121 661 pronunciavimus
2134 627 2225 665 judi-

1257 673 1346 702 cium
1373 682 1438 703 non
1465 674 1598 703 finitum
1626 679 1656 704 et
1685 675 1795 713 ipsum
1824 676 2040 706 substitutum
2064 679 2225 717 judicium

1258 726 1376 756 debere
1391 727 1515 757 subire.

1260 791 1272 805 »
1290 779 1442 809 Predicto
1453 780 1606 810 Antelmo
1618 780 1721 818 igitur
1735 781 1915 811 substituto
1929 782 2051 813 decano
2064 784 2227 815 subeunte

1258 837 1289 862 et
1304 833 1430 870 prefato
1447 834 1586 870 Hugone
1606 838 1798 871 precentore
1818 840 2037 873 prosequente
2050 837 2225 875 judicium,

1257 884 1388 914 induxit
1421 885 1675 916 Bartholomeus
1706 886 1769 916 duo
1805 887 2027 918 instrumenta
2060 889 2099 917 ad
2133 898 2228 919 suam

1257 937 1479 967 intentionem
1507 938 1722 974 fundandam,
1749 939 1860 976 sigillo
1892 939 2131 979 archiepiscopi
2161 943 2228 971 Ra-

1259 989 1395 1028 gynaldi
1428 994 1458 1020 et
1488 991 1626 1028 capituli
1663 992 1938 1029 Lugdunensium
1975 992 2131 1030 sigillata.
2166 995 2229 1024 Per

1258 1051 1397 1081 quorum
1418 1043 1569 1079 alterum,
1587 1044 1676 1074 inter
1692 1048 1799 1074 cetera
1812 1045 1945 1082 probari
1965 1046 2138 1076 videbatur
2160 1047 2229 1076 Du-

1259 1095 1411 1131 randum,
1424 1100 1551 1134 patrem
1567 1097 1674 1135 ipsius
1692 1097 1928 1133 Bartholomei,
1947 1098 2165 1137 acquisivisse
2177 1108 2230 1130 se-

1261 1147 1495 1184 nescalchiam,
1512 1149 1550 1179 de
1567 1158 1632 1187 qua
1646 1149 1765 1187 agitur,
1781 1159 1854 1179 cum
1868 1150 2001 1189 juribus
2018 1155 2048 1181 et
2063 1152 2230 1189 pertinen-

1259 1200 1316 1230 tiis
1333 1201 1415 1234 suis,
1443 1201 1538 1231 titulo
1560 1202 1749 1240 emptionis,
1772 1202 1810 1232 de
1831 1202 1999 1233 voluntate
2018 1208 2049 1233 et
2065 1213 2231 1235 consensu

1257 1254 1445 1292 Ragynaldi
1456 1258 1534 1284 tunc
1544 1255 1785 1293 archiepiscopi
1799 1259 1828 1285 et
1842 1256 1941 1286 totius
1953 1257 2088 1294 capituli
2101 1258 2229 1295 Lugdu-

1259 1306 1432 1341 nensium3
1449 1316 1506 1344 per
1522 1307 1689 1345 reliquum
1706 1317 1792 1343 vero,
1812 1307 1870 1337 illa
1885 1318 1957 1338 esse
1970 1309 2045 1347 jura
2063 1311 2230 1340 senescal-

1258 1359 1331 1388 chie
1349 1368 1411 1397 que
1426 1359 1680 1389 Bartholomeus
1697 1360 1732 1389 in
1747 1369 1806 1390 suo
1822 1360 1934 1390 libello
1946 1363 2119 1400 expressit.

1261 1424 1273 1438 »
1299 1413 1380 1442 Pars
1408 1421 1484 1442 vero
1514 1412 1630 1442 decani
1660 1417 1690 1442 et
1717 1413 1862 1444 cantoris
1891 1414 1978 1444 dicta
2003 1415 2227 1446 instrumenta

1258 1463 1489 1502 multipliciter
1504 1465 1738 1502 impugnabat,
1760 1474 1913 1496 asserens
1937 1467 2048 1504 sigilla
2069 1468 2226 1506 predictis

1257 1517 1491 1547 instrumentis
1514 1526 1659 1555 appensa
1679 1527 1756 1548 vera
1783 1527 1849 1548 non
1870 1528 1954 1549 esse.
1976 1521 2114 1558 Propter
2140 1522 2227 1560 quod

1259 1578 1318 1599 nos
1337 1570 1437 1599 etiam
1459 1579 1517 1608 per
1535 1571 1792 1608 comparationis
1815 1571 2022 1609 indaginem,
2047 1575 2170 1604 vocatis
2187 1576 2228 1605 ad

1257 1621 1343 1652 hanc
1359 1622 1602 1667 discus-sionem
1613 1623 1800 1661 sigillorum
1814 1625 2080 1662 fabricatoribus,
2096 1636 2228 1665 presen-

1259 1675 1347 1705 tibus
1364 1675 1525 1713 partibus,
1544 1676 1722 1714 diligenter
1738 1677 1825 1707 circa
1838 1677 1898 1708 hoc
1917 1679 2155 1717 inquisivimus
2171 1690 2228 1711 ve-

1258 1727 1402 1757 ritatem.
1427 1728 1576 1767 Cumque
1598 1729 1703 1759 nichil
1728 1730 1957 1761 inveniremus
1978 1732 2091 1762 efficax
2115 1737 2229 1764 contra

1259 1779 1370 1817 sigilla
1386 1780 1468 1818 ipsis
1482 1781 1715 1812 instrumentis
1727 1792 1882 1821 appensa,
1902 1785 1981 1823 quia
1996 1794 2071 1823 pars
2088 1786 2230 1816 Bartho-

1258 1831 1357 1861 lomei
1389 1833 1558 1862 asserebat
1588 1833 1653 1863 sibi
1681 1834 1857 1865 imminere
1889 1837 2073 1874 periculum
2098 1843 2231 1877 propter

1259 1886 1389 1915 viarum
1412 1886 1622 1922 discrimina,
1648 1896 1723 1917 cum
1745 1888 1936 1919 immineret
1958 1899 2109 1921 recessus
2131 1892 2230 1922 Curie

1260 1938 1299 1967 de
1321 1938 1491 1975 Lugduno,
1516 1948 1575 1969 nos
1593 1940 1633 1969 ad
1655 1940 1761 1978 ipsius
1777 1941 1988 1977 instantiam,
2010 1948 2082 1981 post
2102 1944 2231 1982 predic-

1260 1994 1327 2019 tam
1355 1991 1645 2027 examinationem,
1677 1993 1900 2023 instrumenta
1925 1994 1997 2032 ipsa
2028 1996 2089 2025 sub
2121 1997 2231 2034 sigillo

1261 2048 1373 2073 nostro
1390 2044 1530 2074 fecimus
1542 2045 1718 2083 publicari.
1737 2046 1823 2076 Sane
1837 2048 2078 2078 examinatores
2096 2050 2231 2079 testium

1261 2095 1407 2134 deputati
1424 2106 1441 2125 a
1459 2097 1554 2126 nobis
1571 2097 1606 2126 in
1627 2098 1803 2128 commisso
1822 2099 1886 2128 sibi
1908 2101 2039 2138 negotio
2057 2102 2231 2139 proceden-

1261 2152 1320 2182 tes,
1340 2154 1534 2187 receperunt
1556 2158 1670 2180 omnes
1692 2155 1792 2181 testes
1812 2161 1893 2190 quos
1913 2162 1988 2190 pars
2006 2154 2230 2185 Bartholomei

1261 2206 1292 2231 et
1309 2211 1391 2240 quos
1414 2212 1489 2240 pars
1515 2203 1631 2232 decani
1653 2208 1684 2233 et
1702 2205 1863 2240 cantoris,
1890 2205 1989 2236 Curia
2014 2207 2121 2237 adhuc
2144 2208 2232 2238 exis-

1263 2258 1351 2284 tente
1370 2255 1534 2291 Lugduni,
1552 2256 1716 2293 produxit.

1265 2319 1276 2333 »
1296 2308 1434 2336 Demum
1452 2308 1553 2337 Curia
1573 2309 1727 2339 veniente
1751 2310 1942 2346 Perusium,
1962 2313 2232 2349 procuratoribus

1261 2359 1406 2397 partium
1426 2361 1694 2398 comparentibus
1714 2371 1823 2391 coram
1841 2363 1947 2399 nobis,
1960 2364 2091 2402 petebat
2106 2365 2231 2395 instan-

1261 2416 1311 2441 ter
1328 2417 1519 2449 procurator
1534 2413 1759 2443 Bai-tholomei
1777 2414 1939 2453 publicari
1955 2417 2183 2448 attestationes
2203 2423 2233 2449 et

1263 2465 1296 2493 in
1316 2474 1414 2495 causa
1435 2466 1584 2503 procedi3
1603 2471 1814 2504 procuratore
1830 2468 2052 2506 predictorum
2069 2470 2185 2500 decani
2202 2476 2232 2502 et

1263 2517 1408 2547 cantoris
1425 2517 1588 2555 allegante
1604 2519 1638 2547 in
1656 2520 1858 2549 contrarium
1878 2530 1913 2550 ac
1930 2526 2061 2559 petente
2073 2523 2179 2554 adhuc
2193 2524 2233 2553 ad

1263 2575 1363 2599 testes
1380 2571 1607 2608 producendos
1625 2572 1766 2602 admitti.

1266 2635 1278 2649 »
1298 2624 1335 2652 Et
1354 2623 1430 2653 licet
1447 2633 1545 2662 super
1562 2624 1622 2654 hoc
1644 2625 1778 2659 fuisset,
1803 2627 1909 2664 primo
1932 2636 2042 2657 corani
2067 2630 2178 2665 nobis,
2197 2640 2234 2660 ac

1265 2675 1395 2704 denium
1415 2684 1525 2705 corani
1545 2677 1672 2714 prefato
1689 2677 1822 2708 domino
1841 2688 1970 2709 summo
1992 2681 2145 2718 pontifice
2164 2681 2234 2711 liti-

1265 2732 1392 2765 gatum,
1412 2729 1543 2758 tandem
1568 2729 1656 2759 idem
1679 2731 1833 2761 dominns
1855 2733 2007 2770 Lugduni
2030 2734 2110 2763 duos
2130 2734 2234 2764 tabel-

1266 2781 1371 2811 liones
1390 2781 1428 2810 de
1445 2781 1546 2811 Curia
1563 2782 1754 2819 destinavit,
1774 2784 1856 2814 dans
1873 2785 1921 2814 eis
1938 2785 2024 2815 inter
2038 2791 2145 2816 cetera
2164 2788 2234 2817 suis

1266 2834 1386 2864 litteris
1404 2835 1436 2863 in
1451 2835 1627 2871 mandatis,
1647 2841 1679 2865 ut
1698 2836 1785 2866 infra
1802 2842 1868 2867 tres
1885 2847 2015 2868 menses
2033 2844 2063 2869 et
2076 2843 2147 2869 octo
2164 2840 2233 2870 dies

1267 2892 1441 2926 postquam
1456 2888 1609 2926 Lugduni
1625 2890 1847 2927 pervenirent,
1866 2900 1964 2929 super
1980 2892 2136 2921 articulos
2153 2902 2234 2931 quos
