2498 3325
978 235 1202 273 PREMIERE
1224 235 1383 270 ANNEE.
2172 238 2228 268 <243

134 317 229 346 tinua
257 324 291 345 se
316 314 465 344 reddere*
483 313 646 351 gaudeant
676 311 868 349 insignitos.
904 309 987 340 Cum
1016 308 1139 345 itaque,

136 369 222 399 sicut
238 367 442 405 accepimus,
461 374 590 395 morum
609 369 639 395 et
656 364 795 395 scientie
813 362 959 393 vacando
976 361 1096 391 studiis
1112 365 1142 390 te

137 421 242 460 gratia
264 420 388 450 favoris
404 418 553 457 precipui
574 418 712 456 dignum
730 416 865 446 reddere
884 414 1047 448 videaris,
1070 422 1142 448 nos,

135 477 267 512 propter
281 472 353 507 hoc,
366 480 403 501 ac
414 471 514 501 etiam
529 470 653 500 intuitu
670 469 855 499 affectionis
868 476 966 506 quam
979 466 1143 504 gessimus

137 526 223 555 circa
240 525 324 554 hone
339 523 498 553 memorie
514 524 567 557 R.,
585 521 808 560 patriarcham
823 519 1142 551 Jerosolimitanum,

137 578 231 616 cujus
249 581 284 606 tu
300 585 400 614 nepos
417 575 522 605 fuisse
540 575 740 609 dinosceris,
757 573 824 603 tuis
846 570 1144 610 supplicationibus

137 629 303 664 inclinati,
321 634 428 658 tecum
445 628 639 657 auctoritate
654 626 834 664 apostolica
850 625 1091 662 dispensamus,
1110 626 1146 652 ut

139 683 202 712 duo
230 682 391 711 beneficia
415 680 655 714 ecclesiastica,
684 679 783 709 etiam
810 679 839 708 si
862 686 974 707 curam
1002 676 1146 706 habeant

139 735 327 765 animarum
357 738 387 763 et
417 742 521 762 unum
552 741 666 762 eorum
695 731 840 768 dignitas
869 729 921 759 vel
949 732 1145 767 personatus

139 787 268 821 existat,
282 786 456 816 dummodo
468 785 529 814 tibi
543 784 700 814 canonice
717 783 909 816 offerantur,
929 782 1019 811 licite
1038 781 1145 819 possis

138 839 285 876 recipere
303 847 339 868 ac
354 837 458 867 libere
472 837 615 867 retinere
636 847 642 865 z
658 845 724 866 non
740 836 891 865 obstante
910 833 1146 864 constitutione

139 890 273 920 concilii
290 889 467 928 generalis.
485 890 535 919 Ita
551 893 660 918 tamen
678 888 765 926 quod
780 887 942 917 beneficia
956 886 1146 924 hujusmodi

139 943 260 973 debitis
280 947 340 972 etc.
356 951 462 980 usque
476 952 482 970 :
496 941 696 979 negligatur.
709 940 803 970 Nulli
815 945 874 969 etc.
890 944 1000 969 nostre
1013 939 1147 977 dispen-

139 995 280 1025 sationis
298 999 358 1024 etc.
378 996 450 1024 Dat.
471 994 627 1032 Neapoli,
644 995 673 1024 V
688 994 762 1023 idus
779 993 870 1027 maii,
889 1002 975 1022 anno
994 992 1111 1030 primo.
1132 1004 1144 1017 »

211 1159 300 1188 8⁰0

180 1221 270 1247 Priori
287 1224 315 1247 et
331 1221 487 1248 conventui
507 1220 680 1255 Elyensibus
697 1220 835 1245 ecclesias
851 1219 885 1245 de
903 1218 1079 1252 Stapolford,
1098 1218 1149 1244 La-

144 1269 270 1304 kingbed
291 1273 319 1295 et
337 1269 506 1303 W'ineston,
526 1268 660 1303 Elyensis
676 1272 704 1294 et
718 1268 915 1294 Norwicensis
934 1268 1103 1299 diocesium,
1121 1268 1147 1294 in

725 1158 849 1191 Anagni,
866 1157 898 1184 QG
915 1158 982 1183 aout
1000 1157 1074 1183 1255.

144 1327 216 1345 usus
234 1319 365 1353 proprios
381 1326 431 1353 pro
448 1319 658 1344 sustentatione
674 1318 792 1343 fratrum
806 1339 810 1347 ‚
829 1317 974 1350 hospitum
991 1325 1023 1342 ac
1040 1325 1150 1350 paupe-

144 1376 206 1393 rum
224 1367 365 1394 concedit.
383 1367 466 1399 (Rau.
485 1366 528 1397 24,
546 1374 571 1392 c.
590 1366 650 1397 635,
669 1366 687 1392 f,
705 1366 773 1398 95¹.)

186 1480 198 1494 «
219 1491 250 1503 ..,
267 1470 370 1506 priori
383 1473 408 1497 et
423 1469 588 1497 conventui
604 1468 792 1505 Elyensibus,
810 1468 929 1496 ordinis
944 1469 1044 1496 sancti
1059 1468 1151 1496 Bene-

143 1521 229 1550 dicti.
255 1520 440 1558 Religionis
458 1524 566 1550 vestre
591 1524 737 1549 meretur
760 1537 808 1548 ——.
831 1520 915 1550 Cum
933 1520 1046 1556 igitur,
1065 1520 1151 1549 sicut

143 1572 252 1602 oblata
271 1572 367 1602 nohis
388 1582 426 1602 ex
444 1576 536 1610 parte
554 1576 665 1602 vestra
684 1572 800 1610 petitio
817 1572 1024 1606 continebat,
1042 1572 1150 1601 felicis

142 1625 382 1655 recordationis
407 1625 596 1655 Celestinus
615 1634 712 1662 papa,
736 1624 948 1662 predecessor
967 1629 1089 1659 noster,
1112 1625 1150 1654 de

145 1677 349 1716 Stapelford,
390 1676 606 1714 Lakingheda
649 1681 680 1706 et
716 1677 933 1706 VVinestimm
974 1677 1149 1712 ecclesias,

143 1730 300 1768 Elyensis
314 1734 345 1760 et
360 1729 587 1759 Norwicensis
603 1730 797 1763 diocesium,
816 1739 957 1768 quarum
972 1734 1151 1767 proventus

144 1783 230 1812 sicut
257 1782 407 1812 asseritis
431 1782 528 1811 XXX
552 1790 739 1811 marcarum
762 1781 942 1811 valentiam
969 1782 1150 1811 secundum

144 1843 351 1864 communem
384 1839 415 1864 et
445 1834 617 1872 antiquam
647 1834 895 1863 extimationem
920 1835 1026 1871 patrie
1053 1835 1151 1864 annis

144 1887 287 1925 singulis
304 1896 369 1917 non
386 1887 557 1921 excedunt,
576 1891 606 1916 et
625 1887 659 1915 in
677 1887 798 1925 quibus
812 1887 866 1925 jus
883 1891 1076 1924 patronatus
1091 1887 1152 1916 lia-

142 1939 247 1974 110115,
272 1939 352 1969 011111
379 1939 518 1969 ecclesie
543 1943 652 1969 vestre
678 1939 795 1968 usibus
822 1948 879 1977 pro
910 1940 1152 1970 sustentatione

141 1992 283 2022 fratrum
301 1996 332 2021 et
353 1991 522 2030 hospitum
543 2000 579 2021 ac
599 2000 784 2029 pauperum
807 1992 987 2029 deputarit⁷
1006 1997 1101 2030 prout
1118 1993 1151 2021 in

142 2045 290 2084 ejusdem
308 2044 551 2082 predecessoris
569 2044 691 2074 litteris
713 2044 844 2082 plenius
861 2045 1061 2079 continetur,
1080 2054 1150 2081 nos,

144 2098 264 2127 vestris
296 2096 595 2135 supplicationibus
628 2096 799 2131 inclinati,
827 2098 1032 2135 presentium
1060 2098 1152 2128 vobis

133 2150 338 2180 auctoritate
350 2149 573 2183 concedimus,
587 2153 622 2178 ut
636 2148 793 2179 eeclesias
806 2150 905 2187 ipsas,
923 2150 1153 2180 nonobstante

144 2202 231 2242 quod
258 2211 312 2232 eas
338 2201 484 2231 locorum
508 2201 677 2231 diocesani
702 2201 736 2230 in
762 2206 907 2231 vestrum
932 2203 1153 2242 prejudicium

144 2254 296 2293 pluribus
312 2254 442 2283 clericis
457 2258 528 2291 post
541 2254 791 2283 concessionem
807 2255 1052 2292 predecessoris
1069 2256 1153 2294 ejus*

145 2308 219 2337 dem
231 2308 265 2336 in
278 2306 475 2336 beneficium
489 2306 694 2336 concessisse
710 2306 876 2341 dicuntur,
893 2308 1086 2338 cedentibus
1103 2308 1152 2338 vel

146 2359 382 2390 decedentibus
406 2359 589 2388 rectoribus
615 2359 805 2394 earundem,
832 2360 872 2389 ad
892 2369 1008 2390 manus
1028 2365 1154 2390 vestras

146 2413 187 2443 ob
203 2411 440 2450 hospitalitatis
457 2411 597 2447 gratiam
616 2420 678 2450 que
701 2412 735 2440 in
758 2412 898 2442 ecclesia
914 2418 1021 2443 vestra
1044 2414 1154 2451 vigere

148 2464 332 2495 dinoscitur
358 2463 449 2492 licite
476 2463 640 2498 retinere,
670 2472 706 2493 ac
732 2465 978 2502 possessionem
1007 2466 1155 2503 ipsarum

149 2517 344 2548 auctoritate
356 2520 469 2545 nostra
478 2525 536 2553 per
550 2525 606 2545 vos
616 2516 667 2545 vel
675 2525 732 2554 per
742 2522 987 2555 procuratorem
997 2523 1153 2553 vestrum,

149 2571 401 2601 diocesanei-um
416 2569 468 2598 vel
484 2568 793 2598 archidiaconorum
809 2569 955 2599 locorum
970 2580 1028 2600 seu
1045 2572 1156 2610 cujus-

149 2623 230 2653 libet
247 2621 384 2652 alterius
402 2629 541 2651 assensu
557 2621 695 2650 minime
712 2622 891 2659 requisito,
910 2622 1013 2653 libere
1032 2623 1156 2653 intrare

149 2675 285 2714 possitis
301 2674 495 2711 fructusque
512 2673 659 2711 ipsarum
675 2674 844 2712 percipere
858 2675 892 2703 in
910 2685 990 2704 usus
1008 2676 1156 2713 proprios

149 2726 399 2758 convertendos
418 2725 554 2755 Proviso
568 2725 655 2763 quod
667 2725 701 2755 in
716 2726 866 2756 ecclesiis
882 2727 964 2765 ipsis
980 2737 1038 2765 per
1054 2728 1158 2758 dictos

151 2781 344 2810 diocesanos
368 2778 407 2808 ad
428 2778 710 2816 presentationem
733 2783 875 2809 vestram
901 2780 1012 2810 idonei
1031 2785 1061 2810 et
1083 2790 1158 2819 per-

150 2833 242 2872 petui
266 2831 382 2861 vicarii
402 2834 602 2865 statuantur,
631 2831 752 2869 quibus
776 2841 833 2869 pro
861 2833 1105 2871 episcopalibus
1127 2837 1158 2863 et

152 2883 476 2915 archidiaconalibus
507 2882 648 2921 aliisque
675 2883 833 2914 oneribus
861 2886 1094 2923 supportandis
1119 2886 1157 2915 (lc

1225 306 1373 343 ipsarum
1409 306 1624 336 ecclesiarum
1659 305 1872 344 proventibus
1904 304 2010 342 portio
2041 308 2229 342 competens

1226 358 1425 395 assignetur.
1459 357 1552 387 Nulli
1579 361 1637 386 etc.
1672 361 1782 386 nostre
1812 355 2037 385 concessionis
2068 359 2126 385 etc.
2155 357 2229 385 Dat.

1226 409 1388 447 Anagnie,
1406 410 1469 439 VII
1486 409 1645 438 kalendas
1662 408 1869 446 septembris,
1888 416 1973 437 anno
1990 408 2106 445 primo.
2126 419 2139 433 ³>

1298 578 1381 606 801

1263 639 1378 665 Eisdem
1405 638 1554 664 confirmat
1577 638 1612 663 de
1637 637 1818 669 Meldeburn,
1845 637 2018 670 Wretinge,
2045 637 2230 670 Haukeston‚

1228 687 1399 721 stapelford,
1413 686 1670 718 Steuecheiwortb,
1685 685 1861 719 Lakingbect,
1874 684 2028 710 Wineston
2041 688 2069 710 et
2081 685 2233 711 XVicbsord

1228 737 1366 762 ecclesias
1386 736 1428 761 eis
1444 744 1459 761 a
1475 734 1619 761 Celestiuo
1637 743 1717 768 papa,
1735 733 1906 765 Eustacbio,
1924 733 2081 766 VVillelmo,
2102 733 2234 759 „Iohanne

1229 787 1257 809 et
1278 783 1401 817 Hugone
1427 786 1455 809 et
1476 782 1548 813 W.,
1578 782 1750 816 Eiyensibus
1771 782 1935 815 episcopm,
1956 781 1982 806 in
2011 789 2082 807 usus
2105 781 2236 815 proprios

1229 833 1356 859 collatus.
1373 831 1457 865 (Rau.
1474 831 1505 857 2¹4
1517 851 1524 864 ‚
1542 839 1568 858 c.
1586 830 1664 864 6352,
1681 830 1699 855 f.
1717 830 1784 861 95¹.)

1714 575 1839 609 Anagni.
1854 576 1887 602 2⁴2
1904 576 2065 609 septembre
2086 577 2162 603 1255.

1272 945 1284 959 <‹
1303 933 1432 962 Eisdem.
1451 931 1540 962 Solet
1556 940 1703 960 annuere
1720 934 1780 959 etc.
1798 938 1903 968 usque
1925 939 1930 957 :
1953 929 2129 966 impertiri
2151 929 2236 958 Sane

1230 989 1340 1015 vestra
1360 985 1455 1014 nobis
1478 984 1626 1014 exhibita
1647 983 1763 1021 petitio
1785 982 1992 1016 continebat,
2020 981 2107 1019 quod
2128 981 2237 1010 felicis

1230 1037 1469 1067 recordationis
1500 1035 1689 1066 Celestinus
1724 1044 1822 1072 papa,
1859 1034 2073 1072 predecessor
2113 1037 2236 1067 noster,

1231 1090 1323 1119 duxit
1339 1089 1431 1119 vobis
1448 1098 1505 1127 per
1521 1098 1598 1118 suas
1616 1087 1745 1117 litteras
1764 1086 2025 1120 concedendum,
2045 1090 2079 1114 ut
2102 1085 2141 1115 de
2158 1085 2240 1114 Mel-

1231 1142 1393 1176 deburne,
1411 1141 1630 1178 Wrettinger,
1648 1139 1878 1173 Haukestone,
1902 1138 2102 1176 Stapelford,
2122 1138 2239 1167 Steue-

1231 1194 1456 1229 chehvorcha,
1500 1193 1715 1230 Lakingheda
1752 1196 1783 1221 et
1824 1191 2021 1221 Vv'inestone
2064 1190 2238 1223 ecclesias,

1232 1248 1387 1286 Elyensis
1404 1252 1435 1277 et
1453 1246 1680 1277 Norwicensis
1697 1245 1895 1277 dior-esium,
1913 1244 2032 1273 vestris
2049 1244 2165 1273 usibus
2182 1252 2239 1281 pro

1233 1300 1475 1330 sustentatione
1491 1300 1631 1328 fratrum
1648 1307 1683 1328 ac
1700 1298 1869 1335 hospitum
1885 1301 1915 1326 et
1935 1306 2115 1334 pauperum
2131 1305 2241 1333 posse-

1233 1354 1275 1383 tis
1298 1362 1372 1383 cuui
1396 1356 1551 1382 vacarent
1575 1351 1679 1381 libere
1709 1351 1881 1388 deputare,
1910 1350 2078 1386 assignato
2106 1349 2239 1377 vicariis

1232 1406 1320 1435 unde
1336 1405 1473 1435 honeste
1492 1405 1641 1434 viverent
1659 1408 1689 1433 et
1706 1404 1739 1432 in
1757 1402 1988 1440 spiritualibus
2005 1402 2150 1431 locorum
2171 1401 2241 1430 dio-

1234 1466 1429 1488 cesanorum
1441 1461 1471 1487 et
1485 1466 1597 1486 eorum
1612 1455 1745 1485 officiali
1758 1455 1994 1493 responderent
2009 1464 2014 1482 :
2031 1463 2067 1483 ac
2081 1454 2163 1483 bone
2176 1462 2240 1482 me-

1233 1511 1337 1540 morie
1353 1509 1564 1543 Eustacliius,
1580 1509 1753 1538 ecclesiam
1771 1508 1808 1537 cle
1827 1506 2140 1537 Steuocheworrliu:
2159 1505 2242 1535 Wit-

1232 1563 1367 1597 lelmus,
1392 1567 1470 1592 tunc
1496 1561 1673 1600 apostolice
1703 1561 1797 1591 Sedis
1825 1560 1969 1597 legatus,
2002 1559 2175 1588 ecclesiam
2203 1559 2241 1587 de

1234 1616 1440 1652 Wrettinger
1456 1625 1461 1650 ς
1495 1615 1677 1648 Johannes,
1710 1613 1883 1643 ecclesiam
1915 1612 1953 1641 de
1986 1611 2179 1646 XVirbforth
2213 1615 2243 1640 et

1233 1670 1340 1706 Hugo,
1359 1668 1504 1706 episcopi
1521 1667 1699 1705 Elyenses,
1725 1666 1898 1696 ecclesiam
1915 1665 1953 1694 de
1975 1664 2240 1698 Haverkestone3

1235 1731 1271 1752 ac
1284 1720 1487 1751 venerabilis
1504 1720 1606 1749 frater
1623 1723 1734 1748 noster
1748 1719 1802 1748 W.
1821 1718 2004 1755 episcopus,
2025 1721 2101 1745 tune
2119 1716 2243 1745 electus

1235 1774 1402 1813 Elyensis,
1418 1772 1592 1803 ecclesiam
1605 1772 1643 1801 de
1655 1771 1871 1801 Meltleburne
1888 1769 2011 1799 eisdem
2031 1769 2146 1798 usibus
2160 1772 2243 1805 post-

1234 1827 1366 1856 modum
1391 1826 1601 1863 deputarent,
1627 1828 1722 1862 prout
1740 1823 1775 1852 in
1799 1822 1977 1853 eorundem
2001 1820 2244 1859 predecessoris

1236 1884 1266 1910 et
1296 1879 1525 1917 episcoporum
1554 1877 1676 1907 litteris
1704 1885 1802 1914 super
1834 1875 1894 1905 boc
1919 1874 2079 1904 confectis
2110 1873 2242 1911 plenius

1236 1932 1434 1962 continetur.
1463 1931 1531 1960 Nos
1548 1930 1660 1967 igitur,
1680 1929 1799 1958 vestris
1823 1927 2123 1966 supplicationibus
2146 1926 2245 1955 ineli-

1236 1985 1317 2020 nati‚
1336 1984 1423 2023 quod
1438 1992 1537 2021 super
1552 1982 1619 2012 hiis
1636 1991 1694 2020 per
1711 1981 1875 2019 predictos
1892 1979 2158 2018 predecessorem
2173 1987 2245 2007 nos-

1237 2042 1324 2067 trum
1344 2041 1374 2067 et
1395 2037 1565 2074 episcopos
1583 2035 1707 2064 sactum
1731 2038 1794 2069 est,
1817 2037 1926 2062 ratum
1944 2032 2105 2061 habentes
2123 2035 2154 2060 et
2171 2039 2245 2068 gra-

1237 2095 1317 2125 tum⁷
1335 2089 1369 2118 id
1382 2088 1576 2118 auctoritate
1591 2086 1771 2125 apostolica
1785 2085 2019 2115 confirmamus
2036 2087 2096 2113 etc.
2115 2092 2219 2121 usque
2237 2092 2243 2110 :

1237 2142 1491 2173 communimus.
1528 2140 1622 2170 Nulli
1649 2143 1710 2169 etc.
1742 2143 1852 2168 nostre
1890 2136 2153 2166 confirmationis
2183 2140 2244 2164 etc.

1236 2196 1310 2225 Dat.
1328 2193 1491 2231 Anagnic,
1511 2193 1542 2222 X
1557 2191 1717 2221 kalendas
1733 2190 1888 2224 octobris,
1909 2198 1995 2219 anno
2012 2188 2129 2226 primo.
2150 2200 2162 2213 n

1309 2364 1395 2393 802

1273 2427 1388 2454 Eisdem
1412 2425 1447 2452 de
1462 2425 1559 2459 Molre‚
1576 2424 1720 2458 Impetun,
1738 2422 1933 2456 NViteleseye,
1951 2420 2073 2452 Suttun,
2092 2419 2248 2454 Swasbam,

1238 2476 1410 2505 Wintewrt,
1430 2473 1568 2500 Wicham
1589 2477 1617 2499 et
1641 2472 1678 2498 S‘¹
1702 2471 1835 2498 Andreae
1858 2470 1997 2496 ecclesias
2018 2469 2060 2494 eis
2081 2477 2096 2494 a
2115 2468 2228 2502 Nigello
2241 2489 2247 2500 ,

1239 2524 1387 2555 Gausrido,
1403 2522 1535 2549 «Iohanne
1551 2525 1580 2548 et
1595 2521 1718 2555 Hugone
1734 2525 1761 2546 et
1778 2518 1840 2550 W„
1855 2519 2001 2552 episcopis
2017 2516 2200 2551 Elyensibus,
2220 2518 2247 2542 in

1241 2582 1312 2600 usus
1333 2571 1463 2608 proprios
1479 2571 1597 2597 collatas
1611 2569 1770 2596 confirmat.
1786 2568 1868 2602 (Rae.
1886 2567 1930 2598 ⁶24,
1951 2574 1977 2592 c.
1995 2565 2069 2596 635⁸,
2088 2566 2106 2591 f⁴
2124 2566 2194 2597 sev.)

1718 2361 1844 2394 Anagni,
1861 2359 1896 2386 ‘22
1913 2359 2078 2393 septembre
2097 2358 2176 2384 1255.

1284 2687 1295 2701 «
1320 2674 1451 2703 Eisdem.
1475 2671 1564 2702 Solet
1586 2675 1647 2701 etc.
1667 2678 1773 2708 usque
1798 2679 1803 2698 ς
1828 2668 2003 2707 impertiri.
2026 2669 2144 2697 Vestra
2168 2675 2247 2696 sane

1241 2727 1337 2757 nobis
1356 2725 1504 2755 exhibita
1518 2723 1635 2763 petitio
1651 2722 1858 2756 continebat,
1877 2721 1963 2759 quod
1981 2720 2065 2749 bone
2091 2718 2248 2748 memorie

1241 2778 1412 2817 Nigellus‚
1451 2776 1650 2811 Gaufridus,
1686 2775 1857 2806 Joliannes
1894 2777 1925 2803 et
1958 2774 2065 2810 Hugo,
2103 2771 2249 2809 episcopi

1243 2832 1416 2871 Elyenses‚
1444 2834 1475 2860 et
1498 2828 1700 2859 venerabilis
1723 2828 1826 2857 frater
1853 2830 1965 2855 noster
1988 2826 2043 2854 W.
2062 2824 2247 2861 episcopus,

1242 2888 1320 2914 tunc
1334 2884 1458 2914 electus
1472 2882 1639 2921 Elyensis,
1653 2881 1691 2910 de
1706 2879 1819 2915 Molre‚
1834 2880 2017 2917 Impetune,
2030 2876 2248 2913 Witeleseye,
