2441 3330
199 233 237 263 46
925 232 1166 263 REGISTRES
1187 231 1494 262 D’ALEXANDRE
1517 233 1573 263 IV.

274 298 360 326 1⁵72
752 297 870 333 Names,
886 298 918 325 24
935 298 1040 326 sevrier
1056 298 1133 325 1255.

235 358 356 392 P1etro]‚
372 367 397 385 s.
415 358 532 393 Georgii
545 359 581 385 ad
599 358 702 386 Velum
718 367 837 386 aureum
854 359 974 387 diacono
990 360 1143 393 cardinali,
1159 361 1208 388 cui

198 407 233 433 ad
249 407 488 442 supplicationem
501 406 662 441 Wffitlelmij
682 408 759 442 regis
774 407 1039 443 Romanorumjam
1051 408 1208 443 Ilnnocen-

199 455 265 489 tius}
293 463 365 490 papa
389 455 594 490 praedecessor
615 455 731 482 dederat
750 455 779 482 in
802 456 953 491 mandatis,
977 461 1008 484 ut
1028 457 1158 484 Arnoldo
1179 461 1208 484 et

199 502 325 529 Henrico
341 503 490 530 canonicis
505 503 713 530 Leodiensibus
729 504 796 531 filiis
811 505 926 532 comitis
941 505 975 532 de
992 505 1058 537 Los,
1074 507 1099 540 ej
1107 506 1207 532 usdem

199 552 278 586 regis
299 551 520 586 consanguinei,
538 551 573 578 de
589 552 737 579 beneficiis
758 553 964 580 ecclesiasticis
984 553 1012 580 in
1035 562 1123 588 regno
1139 554 1208 580 Ala-

199 600 333 626 manniae
350 600 521 634 provideret,
538 600 654 627 mandat
670 604 700 627 ut
716 601 750 627 ad
768 602 959 636 provisionem
976 602 1142 629 eorumdem
1158 610 1208 629 ca-

199 651 369 677 nonicorum
386 651 531 685 procedat.
546 650 630 683 (Rae.
646 651 690 683 ⁵24,
709 659 734 678 c.
753 651 814 686 153,
830 652 850 680 f.
869 653 916 684 19;
936 652 1082 680 Pori-nasa·
1100 653 1207 687 15700.)

242 775 255 790 α
277 764 324 798 Ρ.,
350 766 450 793 sancti
475 765 594 802 Georgii
615 766 654 794 ad
683 766 782 795 Velum
806 774 934 796 aureum
959 767 1086 797 diacono
1107 768 1207 797 cardi-

199 817 281 851 nali,
305 818 464 854 apostolice
486 818 570 846 Sedis
595 818 698 855 leyato.
725 818 933 855 Significavit
955 819 1052 849 nobis
1071 819 1207 850 carissi-

198 876 272 897 mus
301 885 350 897 —-.
383 869 456 898 Dat.
493 869 652 908 Neapoli,
687 871 733 900 VI
764 870 923 901 kalendas
954 871 1086 907 martii,
1119 880 1206 901 anno

196 929 315 959 primo.
334 932 348 947 »

271 1152 357 1181 1³23
747 1155 866 1190 Naples,
883 1156 916 1184 20
934 1157 1038 1184 sevrier
1055 1157 1133 1186 1255.

235 1212 380 1245 Gualtero,
397 1215 533 1250 episcopo
554 1216 719 1250 Faventino,
736 1217 878 1252 indulget,
896 1222 927 1245 ut
943 1220 1039 1246 nullus
1056 1220 1205 1255 delegatus

198 1264 257 1293 etc„
285 1263 454 1289 auctoritate
484 1264 642 1291 litterarum
667 1266 842 1300 apostolicae
867 1267 951 1294 Sedis
977 1269 1019 1294 vel
1045 1269 1205 1303 legatorum

198 1311 274 1344 ejus,
287 1311 313 1336 in
329 1311 423 1345 ipsum
435 1313 742 1341 excommunicationis
759 1315 851 1349 possit
865 1316 939 1342 ferre
954 1317 1125 1344 sententiam
1142 1319 1205 1345 sine

197 1359 315 1393 speciali
332 1360 464 1387 mandato
480 1360 565 1388 Sedis
580 1350 723 1396 ejusdem.
740 1363 822 1397 (Rae.
836 1364 879 1396 24,
896 1373 922 1392 c.
944 1366 1001 1400 151,
1018 1366 1037 1393 f.
1058 1366 1111 1400 19.)

244 1486 257 1501 «
289 1475 450 1512 Gualtero,
489 1479 622 1515 episcopo
656 1479 836 1510 Faventino.
870 1480 1013 1519 Speciali
1048 1484 1204 1522 prosequi

198 1531 287 1557 tuan]
317 1546 365 1558 —.
398 1530 472 1560 Dat.
504 1531 662 1570 Neapoli,
694 1532 725 1562 X
755 1532 915 1564 kalendas
948 1535 1080 1571 martii,
1117 1544 1203 1567 anno

195 1580 314 1618 primo.
334 1594 347 1607 υ

269 1813 355 1840 Ιῖ4

230 1871 368 1899 Eumdcm
390 1878 417 1900 et
437 1875 577 1901 ecclesias
596 1876 721 1903 diocesis
740 1877 913 1905 Faventinae
929 1879 963 1905 ab
980 1889 1066 1906 onere
1086 1882 1202 1915 pensio-

194 1929 261 1947 num
273 1926 301 1947 et
314 1923 508 1955 provisionum
524 1924 558 1949 de
571 1925 703 1952 mandato
716 1925 800 1952 Sedis
813 1928 986 1961 apostolieae
1002 1930 1201 1963 impositarum

193 1968 275 1996 duxit
290 1970 491 1998 absolvendos.
509 1972 593 2005 (l’tso.
613 1973 655 2004 ⁴24,
673 1982 698 2000 c.
718 1975 791 2006 154²,
810 1976 828 2001 f.
849 1976 900 2008 19.)

751 1816 867 1851 Naples,
884 1818 918 1844 ‘20
931 1819 1035 1845 sevrier
1054 1820 1130 1846 ¹255.

234 2085 371 2113 «Eidem.
388 2086 592 2123 Significasti
609 2088 704 2117 nobis
721 2089 807 2127 quod
824 2076 1023 2121 cathedralis
1036 2097 1066 2122 et
1080 2092 1143 2123 alie
1153 2103 1201 2124 ec-

192 2136 291 2166 clesie
314 2141 366 2167 tue
388 2138 532 2167 civitatis
553 2144 581 2169 et
605 2140 747 2171 diocesis
769 2147 901 2180 propter
923 2153 1117 2181 guerrarum
1133 2146 1202 2176 dis-

191 2189 331 2218 crimina
351 2194 379 2219 et
397 2190 558 2221 malitiam
580 2193 735 2231 temporis
752 2199 827 2224 sunt
853 2195 997 2227 desolate
1014 2197 1094 2227 adeo
1115 2202 1145 2228 et
1162 2199 1201 2228 ad

193 2241 356 2272 nichilum
370 2243 439 2282 jam
455 2245 596 2281 redas-te,
615 2247 701 2284 quod
715 2251 749 2276 tu
763 2252 793 2277 et
811 2257 923 2278 earum
940 2249 1051 2280 clerici
1068 2252 1201 2289 pensio-

190 2303 249 2325 nes
267 2304 303 2325 ac
319 2296 525 2333 provisiones
542 2299 752 2336 pecuniarias
769 2301 834 2330 sibi
848 2301 886 2331 de
901 2303 1056 2333 mandato
1070 2308 1201 2342 aposto-

188 2346 251 2377 lice
280 2348 374 2377 Sedis
400 2352 431 2378 et
457 2349 640 2387 legatorum
670 2352 741 2391 ejus
768 2353 939 2391 impositas
970 2365 1034 2385 non
1061 2357 1200 2394 potestis

190 2399 384 2436 ex[s]olvere
407 2401 518 2439 aliqua
542 2403 681 2433 ratione.
705 2406 813 2441 Quare
836 2406 1009 2437 humiliter
1030 2409 1165 2447 petebas
1181 2420 1200 2441 a

189 2451 285 2481 nobis
308 2456 343 2481 ut
361 2462 459 2490 super
479 2454 538 2483 ho(-
556 2456 727 2492 providere
743 2462 879 2495 paterna
897 2460 1121 2492 sollieitudine
1142 2472 1199 2493 cu-

187 2513 349 2534 raremus.
367 2506 452 2541 Quia
466 2516 541 2536 vero
558 2508 659 2538 Sedes
676 2511 852 2547 apostoliea
868 2512 953 2542 circa
969 2515 1198 2551 provisionum

188 2557 311 2594 gratias
332 2558 366 2587 in
389 2559 510 2596 quibus
528 2560 706 2591 multorum
724 2564 808 2592 votis
823 2550 939 2594 annuit
955 2566 1047 2595 illam
1064 2568 1128 2597 sibi
1144 2578 1198 2599 as-

188 2609 282 2639 sidue
298 2614 445 2640 reservat
462 2612 703 2649 providentiam
724 2619 757 2644 ut
782 2616 829 2645 sie
846 2617 903 2646 uni
927 2618 1062 2655 dignum
1085 2630 1205 2658 prove-¹

187 2661 259 2691 niat
275 2663 481 2693 commodum
504 2666 590 2703 quod
609 2666 793 2696 indebitum
817 2669 911 2699 alleri
936 2680 1000 2700 non
1025 2672 1197 2704 immineat

187 2713 437 2751 detrimentum,
456 2725 515 2747 nos
533 2718 598 2747 tuis
615 2719 913 2757 supplicationiluis
930 2723 1099 2760 inclinati,
1118 2730 1148 2756 te
1165 2730 1196 2756 et

184 2767 350 2804 predictas
365 2768 521 2799 eeclesias
539 2769 578 2799 ab
597 2780 695 2801 onero
712 2774 909 2810 pensionum
924 2780 953 2804 et
967 2774 1195 2813 provisionum

183 2818 376 2858 hujusmodi
398 2822 593 2852 auctoritate
616 2825 820 2860 presentium
842 2826 995 2857 duximus
1021 2829 1195 2860 absolven-

185 2872 253 2901 dos.
271 2873 364 2902 Nulli
378 2877 439 2903 etc.
457 2879 568 2905 nostre
582 2875 812 2907 absolutionis.
831 2879 903 2908 Dat.
921 2884 955 2909 ut
973 2890 1082 2920 supra.
1099 2895 1111 2909 η

1363 298 1448 326 ¹⁸25

1325 358 1376 384 W.
1386 380 1393 391 ,
1411 361 1549 395 episcopo
1565 360 1773 388 saresbiriensi
1784 383 1790 392 .
1805 361 1855 396 qui
1870 361 1985 388 clericis
1999 361 2054 388 sibi
2070 361 2300 396 obsequentibus

1290 407 1440 442 providere
1461 416 1515 435 non
1539 409 1630 444 possit
1651 409 1706 436 nisi
1721 409 1757 436 de
1773 409 1945 444 praebendis
1959 409 2099 436 ecclesiae
2115 417 2185 436 suae
2199 410 2299 437 cathe-

1290 455 1388 491 dralis,
1407 457 1540 484 concedit
1561 458 1724 485 facultatem
1748 462 1779 484 ut
1798 458 1913 485 duobus
1933 458 1974 484 vel
1996 458 2089 486 tribus
2108 458 2222 485 clericis
2235 458 2300 486 suis

1289 505 1408 532 cuilibet
1436 513 1535 532 eorum
1565 506 1600 532 de
1630 514 1715 533 unico
1743 506 1891 533 dumtaxat
1920 506 2059 533 beneficio
2089 506 2298 539 ecclesiastico,

1290 554 1376 580 etiam
1392 562 1490 581 curam
1507 556 1666 582 animarum
1685 555 1822 586 habente,
1838 555 1872 582 ad
1888 556 2102 590 cujuscumque
2117 555 2298 583 collationem

1291 603 1440 636 pertineat,
1454 602 1603 637 providere
1616 603 1706 629 valeat
1721 614 1726 628 ι
1740 603 1777 629 ita
1791 603 1867 638 quod
1881 603 1947 638 ipsi,
1964 603 1989 629 si
2005 603 2039 629 ab
2055 603 2204 638 obsequiis
2219 602 2298 638 epis-

1289 650 1352 684 copi
1370 650 1558 681 recesserint.
1574 651 1601 677 in
1619 650 1766 677 beneficiis
1782 650 1965 677 residentiam
1986 650 2091 677 faciant
2106 650 2297 685 personalem.

1289 697 1373 731 (Rau.
1390 698 1434 732 24,
1451 706 1477 726 c.
1497 699 1555 732 155,
1572 699 1591 725 f.
1610 699 1663 732 19.)

1838 298 1957 334 Naples,
1978 299 2008 326 ¹3
2025 299 2128 326 few-ier
2146 299 2225 327 ¹255.

1332 818 1345 833 ι(
1376 807 1427 842 W„
1451 808 1584 844 episcopo
1608 807 1838 837 Saros-hiriensi.
1859 807 1963 837 Tuam
1983 806 2216 845 prosequimur
2236 805 2299 837 ho-

1290 867 1369 888 nore
1386 876 1434 887 —.
1452 859 1526 888 Dat.
1543 859 1700 897 Neapoli,
1717 859 1829 890 idibus
1844 859 2023 894 februarii,
2040 868 2126 889 anno
2142 858 2260 897 primo.
2280 869 2296 886 ο

1363 1054 1447 1095 176

1324 1116 1430 1142 Abbati
1455 1121 1482 1143 et
1507 1117 1661 1143 conventui
1686 1118 1852 1144 monasterii
1875 1116 2027 1152 Cassensis,
2053 1117 2211 1145 Misnensis
2232 1117 2299 1145 dio-

1289 1165 1376 1198 cesis,
1399 1165 1506 1199 quibus
1532 1164 1693 1200 [Heni-icus]
1722 1166 1849 1193 marchio
1875 1166 2033 1193 Misnensis
2053 1167 2106 1200 jus
2128 1169 2296 1201 patronatus

1288 1214 1428 1240 ecclesiae
1449 1214 1483 1239 de
1503 1213 1613 1240 Suzeliz
1633 1214 1788 1246 concessit,
1805 1215 1952 1249 indulget,
1971 1219 2001 1242 ut
2018 1216 2044 1241 in
2061 1214 2160 1242 eadem
2175 1213 2299 1242 ecclesia
2338 1225 2346 1228 ·

1288 1262 1493 1288 monachorum
1519 1262 1651 1289 ordinent
1674 1267 1861 1291 conventum.
1887 1262 1968 1295 (Rso.
1994 1263 2039 1295 24,
2065 1271 2091 1290 c.
2115 1264 2175 1295 156,
2200 1263 2220 1290 f.
2245 1263 2295 1295 ¹9;

1287 1309 1435 1338 Porrffls'r
1454 1311 1559 1345 15695.)

1845 1054 1962 1090 Naples,
1980 1056 2011 1082 17
2027 1055 2132 1082 fevi-ier
2148 1056 2226 1084 1‘255.

1329 1431 1342 1445 «
1367 1442 1404 1454 ..,
1429 1419 1531 1448 abbati
1556 1424 1582 1448 ει
1604 1421 1768 1449 con-ventui
1797 1421 1979 1449 monasterii
2000 1420 2162 1455 Callensis,
2184 1419 2297 1449 Cister-

1286 1472 1397 1501 oz'ensis
1414 1472 1548 1507 ordinis,
1572 1472 1733 1501 Mis-nensis
1748 1472 1882 1502 diocesis.
1901 1472 1994 1503 Siout
2014 1481 2052 1502 ex
2071 1475 2163 1511 parte
2185 1474 2296 1502 vestra

1287 1524 1380 1554 vobis
1401 1524 1510 1554 extitit
1533 1524 1739 1560 intimatum,
1765 1525 1905 1555 dilectus
1928 1524 2018 1555 filius
2038 1524 2161 1555 nobilis
2182 1524 2234 1554 vir
2259 1546 2292 1560 ..,

1286 1577 1435 1607 marchio
1457 1577 1654 1613 Misnensis,
1674 1578 1730 1617 jus
1752 1582 1946 1616 patronatus
1972 1577 2060 1617 quod
2083 1577 2227 1608 habebat
2258 1576 2296 1606 in

1286 1630 1426 1661 ecelesia
1439 1630 1478 1660 de
1494 1630 1630 1667 Suzeliz,
1648 1631 1830 1661 Misnensis
1846 1631 1999 1667 diocesis,
2015 1629 2218 1661 venerabilis
2231 1629 2295 1660 fra-

1285 1683 1345 1713 tris
1362 1684 1467 1713 nostri
1485 1707 1518 1719 ..,
1536 1683 1718 1714 Misnensis
1741 1684 1902 1722 episcopi,
1921 1683 2097 1714 accedente
2115 1690 2291 1719 consensu,

1285 1736 1486 1766 monasterio
1507 1741 1615 1766 vestro
1632 1737 1687 1775 pia
1708 1736 1908 1766 liberalitate
1931 1736 2094 1766 concessit
2115 1741 2151 1766 ut
2170 1735 2295 1766 ibidem

1285 1792 1466 1819 conventus
1482 1789 1720 1818 monachornm
1742 1789 1843 1819 vestri
1859 1788 1985 1819 ordinis
2002 1788 2178 1824 ordinetis,
2197 1791 2295 1826 prout

1284 1842 1319 1871 in
1336 1841 1457 1872 litteris
1471 1842 1577 1880 ipsius
1591 1842 1794 1872 marchionis
1805 1851 1904 1880 super
1917 1841 1978 1871 hoc
1990 1841 2150 1872 confectis
2160 1841 2294 1880 plenius

1284 1894 1406 1924 dicitur
1425 1895 1598 1924 contineri.
1627 1895 1712 1931 Quia
1730 1904 1806 1925 vero
1825 1895 1909 1925 sieut
1933 1895 2085 1925 asseritis
2107 1894 2221 1924 eadem
2239 1901 2294 1924 ec-

1284 1947 1384 1977 clesia
1402 1948 1482 1977 adeo
1501 1948 1642 1985 pingues
1666 1948 1765 1978 habet
1787 1948 1947 1983 redditus,
1966 1947 2053 1986 quod
2069 1947 2110 1976 ad
2125 1950 2294 1982 sustenta-

1284 1999 1408 2029 tionem
1434 2000 1601 2029 sufficiunt
1627 2000 1774 2039 plurium
1803 1999 2059 2035 monachorum,
2090 2008 2150 2030 nos
2173 1999 2293 2030 vestris

1285 2052 1584 2090 supplicationilms
1612 2053 1782 2088 inclinati,
1809 2057 1843 2083 ut
1871 2053 2006 2083 cedente
2036 2052 2088 2083 vel
2114 2052 2293 2083 decedente

1283 2109 1409 2134 rectore
1431 2105 1538 2143 ipsius
1563 2106 1701 2135 eamlem
1723 2105 1897 2135 ecclesiam
1919 2106 1957 2135 de
1981 2114 2146 2135 consensu
2171 2103 2293 2143 prefati

1284 2156 1429 2194 episcopi
1449 2157 1689 2187 monasterium
1705 2157 1840 2195 possitis
1863 2161 2008 2187 statuere
2026 2161 2057 2187 et
2078 2157 2201 2187 ibidem
2221 2164 2292 2186 mo-

1284 2209 1466 2238 nachorum
1482 2210 1635 2239 ordinare
1652 2213 1866 2245 conventum,
1889 2209 2084 2239 auctoritate
2103 2209 2197 2239 vobis
2216 2217 2292 2248 pre—

1284 2262 1430 2291 sentium
1443 2262 1667 2299 indulgemus,
1682 2262 1801 2300 prefati
1815 2262 1997 2292 Misnensis
2009 2262 2154 2300 episcopi
2169 2262 2204 2291 in
2220 2269 2291 2291 om-

1284 2315 1382 2345 nibus
1401 2315 1476 2354 jure
1501 2315 1602 2345 salvo.
1634 2315 1726 2345 Nulli
1747 2319 1807 2345 etc.
1838 2319 1949 2345 nostre
1971 2314 2197 2345 concessionis
2226 2317 2288 2344 etc.

1282 2368 1356 2397 Dat.
1374 2367 1524 2406 Neapoli,
1542 2368 1626 2398 XIII
1642 2368 1801 2398 kalendas
1813 2367 1937 2403 martii,
1956 2376 2042 2399 anno
2058 2367 2176 2406 primo.
2194 2378 2207 2393 n

1356 2566 1440 2594 1³2?

1316 2626 1445 2660 Reginae
1468 2627 1581 2653 Scotiae
1601 2627 1733 2654 concedit
1754 2627 1915 2654 facultatem
1936 2626 2057 2653 faciendi
2079 2625 2170 2652 officia
2189 2614 2313 2651 divinas

1279 2673 1415 2700 celebrari
1433 2674 1460 2700 iu
1479 2673 1548 2700 locis
1564 2674 1713 2700 interdicto
1729 2674 1899 2708 suppositis.
1919 2673 2000 2705 (Rae.
2011 2673 2057 2704 24,
2069 2680 2096 2699 c.
2110 2673 2170 2703 157,
2183 2671 2202 2699 s.
2216 2671 2285 2704 19¹.)

1834 2565 1950 2600 Naples,
1970 2563 2120 2592 15fevrie1·
2140 2563 2216 2591 1‘255.

1321 2794 1333 2808 κ
1347 2782 1510 2812 Car-issima
1523 2784 1556 2812 in
1571 2784 1689 2812 Clu-islo
1700 2783 1763 2820 filie
1776 2805 1808 2816 ..,
1824 2783 1928 2820 Ἰνεχᾳίηε
1937 2782 2034 2811 Scotie
2046 2781 2174 2810 illustri.
2186 2779 2285 2810 Pium

1278 2833 1479 2864 arbitramur
1495 2838 1526 2865 et
1548 2844 1730 2873 congruum
1750 2839 1785 2864 ut
1807 2835 1843 2864 in
1864 2834 1932 2864 hiis
1950 2833 2093 2872 prompti
2115 2832 2221 2863 simus
2243 2830 2284 2862 ad

1277 2887 1418 2924 gratiam
1435 2896 1498 2925 que
1515 2888 1699 2925 profectum
1721 2887 1904 2926 respiciunt
1924 2886 2122 2916 animarum.
2146 2885 2283 2915 Preser-
