2498 3325
207 241 262 270 184
931 238 1169 270 REGISTRES
1191 237 1498 268 D'ALEXANDRE
1520 239 1577 268 IV.

205 309 307 338 Pratis
322 308 520 343 Parisiensis‚
540 308 660 337 ordinis
675 309 776 337 sancti
791 307 960 342 Benedicti,
982 307 1022 335 ad
1043 307 1211 335 Romanam

205 362 369 390 Ecclesiam
385 361 471 389 nullo
484 360 582 389 medio
593 361 788 398 pertinentis.
803 360 921 390 Vestre
934 359 1025 397 pacis
1037 361 1213 397 querentes

206 411 412 441 commodum
432 415 461 441 ct
482 411 620 449 quictis,
641 410 784 441 libenter
803 410 861 440 illa
886 410 979 440 vobis
1002 409 1213 440 concedimus

206 473 264 503 per
291 472 354 502 que
386 464 525 494 materia
552 468 716 494 summota
743 463 946 502 gravaminis
976 463 1079 493 vestri
1108 466 1213 493 status

208 516 432 556 tranquillitas
450 521 654 555 procuretur.
670 517 757 546 Hinc
771 516 918 555 estquod
935 525 994 546 nos
1007 516 1128 546 vestris
1140 524 1214 554 sup-

206 569 442 608 plicationibus
461 574 658 603 annuentes,
681 574 715 599 ut
731 578 788 608 per
806 569 898 599 illam
918 568 1106 607 generalem
1122 567 1213 598 clau-

207 621 314 652 sulam
330 634 342 648 «
362 622 494 660 quidam
513 621 569 652 alii
584 635 610 657 »,
624 631 687 660 que
699 622 819 652 litteris
832 622 954 652 nostris
968 621 1019 651 vel
1031 621 1214 659 legatorum

208 676 384 715 apostolice
402 677 496 706 Sedis
512 677 615 707 inseri
637 677 825 712 consuevit,
850 676 1021 706 conveniri
1040 676 1080 706 al)
1103 676 1214 715 aliquo

208 738 273 759 non
292 729 438 767 possitis,
453 729 646 759 auctoritate
664 729 756 759 vobis
768 728 973 767 presentium
989 728 1212 766 indulgemus,

207 782 273 812 nisi
288 782 398 812 littere
416 781 593 820 apostolice
609 782 756 812 facerent
771 782 810 812 de
826 781 887 811 hac
899 781 1109 819 indulgentia
1121 789 1215 810 men-

209 835 341 865 tionem.
360 834 452 864 Nulli
470 839 530 865 cte.
548 839 659 865 nostre
676 835 902 865 concessionis
916 838 977 865 ete.
997 834 1228 865 Presentibus·

207 892 281 926 post
305 888 573 926 quinquennium
595 892 655 918 etc.
684 888 757 918 Dat.
785 888 947 929 Anagnie,
971 889 1000 918 V
1027 888 1102 918 idus
1123 887 1212 927 julii,

209 950 295 971 anuo
312 941 428 979 primo.
448 954 459 967 n

280 1120 363 1148 (301

246 1181 384 1215 Magistro
402 1181 526 1209 Robcrto
543 1182 577 1208 110
595 1182 752 1216 prebenda,
765 1183 872 1209 decano
892 1182 1216 1218 1)umblanensi,etsy-

210 1230 288 1257 moni
307 1230 342 1256 dc
359 1230 466 1256 Kinros
483 1231 587 1257 clerico
603 1240 635 1257 ac
652 1231 787 1258 fratribus
802 1230 908 1266 Helyae
925 1231 960 1257 de
977 1231 1082 1258 Sancto
1099 1231 1215 1258 Andron

210 1283 238 1305 et
258 1279 350 1305 Alano
371 1279 405 1304 de
422 1279 560 1310 Midsord,
579 1280 605 1305 in
627 1280 788 1314 praesentia
804 1288 857 1306 sua
877 1280 1044 1306 constitutis
1061 1289 1111 1314 pro
1126 1288 1215 1315 expe-

209 1327 322 1354 diendis
339 1327 463 1360 nogotiis
480 1328 583 1362 prioris
599 1331 627 1354 et
642 1328 759 1362 capituli
775 1328 806 1355 S.
825 1328 957 1354 Andreae
973 1328 1000 1354 in
1017 1328 1125 1361 Scotia,
1143 1337 1215 1355 con-

209 1376 286 1403 cedit
308 1376 469 1402 facultatem
494 1377 681 1403 contrahendi
705 1381 836 1403 mutuum
859 1381 974 1411 propter
993 1377 1047 1404 hoc
1070 1385 1161 1412 usque
1181 1377 1215 1404 ad

798 1120 923 1155 Anagni,
938 1121 972 1148 23
984 1120 1047 1156 juin
1066 1121 1142 1148 1255.

210 1433 351 1452 summam
373 1426 594 1459 quingentarum
619 1425 754 1452 librarum
779 1426 983 1459 sterlingorum
1011 1434 1164 1460 novorum,
1189 1430 1217 1453 et

210 1474 332 1500 electum
350 1474 379 1500 S.
398 1474 531 1500 Andreae
547 1483 580 1500 nc
596 1474 676 1509 ipsos
694 1475 816 1508 priorem
834 1478 861 1500 01
876 1474 1033 1509 capitulum
1049 1483 1083 1502 ac
1098 1483 1217 1502 succes-

209 1531 292 1550 sores
313 1524 440 1558 ipsorum
461 1528 489 1549 et
510 1523 582 1549 bona
603 1523 742 1550 ecelesiae
763 1523 906 1558 predictae
927 1524 1101 1559 episcopalia
1121 1528 1149 1551 et
1165 1525 1217 1551 alia

210 1572 402 1599 creditoribus
419 1572 573 1607 obligandi.
590 1572 673 1607 (Rso.
689 1572 734 1606 24,
753 1580 777 1599 0.
796 1572 856 1603 496,
874 1572 891 1599 f.
909 1573 979 1605 72v.)

252 1686 264 1700 «
282 1675 425 1711 Mayistro
442 1675 561 1703 Itoberto
579 1674 612 1702 de
630 1674 793 1707 Prebenda
814 1674 925 1703 decano
942 1676 1173 1710 Duniblanensi‚
1193 1681 1219 1705 et

208 1727 338 1765 Symoynt
353 1727 386 1755 de
403 1728 514 1755 Kinros
531 1727 640 1756 clerico
655 1735 690 1756 ao
706 1728 857 1763 fratribus
872 1728 960 1765 Helye
975 1728 1009 1757 de
1030 1729 1141 1758 Sancto
1155 1729 1219 1757 An-

210 1779 282 1808 drea
297 1785 323 1808 et
344 1780 441 1809 Alano
457 1780 490 1808 de
505 1780 650 1815 Midsord,
669 1781 921 1817 procuratoribus
942 1781 1122 1810 dilectorum
1137 1781 1220 1818 filio-

210 1841 280 1862 rum
295 1856 327 1867 ..,
343 1833 460 1870 prioris
479 1838 504 1861 ct
522 1833 653 1870 capituli
669 1834 786 1862 ecclesie
802 1834 909 1862 Sancti
923 1834 1040 1862 Andr-ee
1056 1835 1090 1862 in
1105 1834 1217 1864 Scotia.

210 1885 294 1916 Cum
312 1886 397 1915 sicut
417 1885 452 1914 in
472 1903 520 1914 —.
540 1886 612 1915 Dat.
633 1886 802 1923 Anagnie,
822 1886 921 1916 V1111
945 1886 1103 1917 kalendas
1122 1887 1216 1926 julii,

210 1947 297 1968 anno
314 1938 432 1976 primo.
452 1950 464 1965 n

281 2116 367 2144 602
767 2117 892 2152 Anagni,
913 2118 941 2144 11
957 2117 1053 2152 juillet
1070 2117 1146 2145 1255.

246 2178 354 2205 Abbati
369 2186 394 2204 s.
413 2178 553 2212 Stephani
570 2178 742 2214 Yporiensis
758 2179 886 2211 mandat,
905 2183 949 2211 111,
966 2179 1128 2206 secundum
1145 2180 1221 2207 litte-

211 2235 259 2254 ras
273 2227 435 2254 Innocentii
453 2236 540 2262 papae
557 2227 599 2253 lv
614 2228 740 2262 capitulo
757 2229 896 2255 ecclesiae
912 2228 1110 2256 Vei-cellensis
1128 2229 1220 2256 direc-

211 2280 264 2309 tas,
281 2275 367 2302 Petro
383 2276 497 2307 0101100,
512 2279 577 2302 nato
594 2276 698 2302 nobilis
714 2277 766 2302 viri
777 2276 879 2303 Jacobi
895 2277 930 2303 dc
943 2276 975 2303 S.
988 2277 1169 2311 Sebastiano,
1186 2277 1220 2304 de

211 2324 373 2359 praebenda
400 2324 429 2350 in
457 2325 579 2351 eeclesia
604 2324 782 2351 Vercellensi
809 2325 974 2360 provideat,
1002 2334 1057 2352 non
1087 2326 1220 2353 obstante

211 2373 416 2400 constitutione
437 2374 593 2408 apostolica
613 2373 647 2399 de
671 2373 728 2400 1111
748 2375 896 2400 canonicis
917 2375 945 2400 in
967 2383 1149 2410 quacumque
1172 2383 1220 2402 ec-

212 2422 300 2448 clesia
316 2422 408 2448 solum
427 2421 609 2456 recipiendis.
626 2422 709 2455 (Rso.
726 2422 770 2456 ⁶24,
787 2430 811 2448 e.
832 2422 892 2454 497,
910 2423 929 2450 f.
946 2423 1016 2456 7²2v.)

255 2536 268 2550 «
293 2546 324 2558 ,.,
345 2524 445 2552 abban·
469 2525 568 2552 sancti
586 2524 733 2561 Stephani
763 2525 942 2562 l'poriensis.
964 2524 1112 2555 Dilectus
1131 2525 1221 2556 filius

213 2577 331 2606 Petrus
357 2575 512 2610 clericus⁷
540 2580 637 2606 natus
663 2576 785 2606 nobilis
808 2577 872 2606 viri
893 2577 1010 2607 Jacobi
1034 2577 1074 2607 de
1100 2577 1220 2608 Sancto

214 2628 425 2663 Sebastiano,
448 2627 544 2658 nobis
560 2628 709 2667 exposuit
727 2629 830 2667 quod,
849 2637 923 2659 cum
939 2629 1048 2660 felicis
1067 2630 1221 2660 recorda-

215 2680 314 2710 tionis
331 2680 356 2710 I.
375 2689 458 2718 papa
471 2680 683 2718 predecessor
699 2685 811 2711 noster
827 2681 970 2720 capitulo
986 2681 1125 2712 ecclesie
1138 2683 1221 2713 Ver-

213 2732 369 2763 cellensis
391 2732 460 2762 suis
479 2732 605 2763 dederit
618 2733 739 2764 litteris
762 2734 796 2763 in
813 2734 990 2769 mandatis,
1007 2738 1044 2764 ut
1060 2734 1167 2764 eidem
1185 2734 1220 2764 in

214 2785 353 2816 ecclesia
372 2785 445 2824 ipsa
467 2790 597 2823 recepto
613 2786 648 2815 in
670 2786 806 2816 fratrem
823 2791 853 2817 et
875 2787 1089 2823 canonicum,
1107 2791 1220 2818 aucto-

213 2838 311 2868 ritate
329 2838 515 2868 litterarum
533 2838 645 2868 dilecti
667 2838 729 2868 filii
751 2839 790 2868 G.
814 2839 853 2869 de
869 2840 980 2869 Monte
996 2839 1105 2878 longo,
1124 2839 1220 2870 electi

213 2891 460 2930 Aquilegensis‚
478 2895 557 2921 tunc
572 2891 606 2920 in
624 2891 775 2930 partibus
786 2892 854 2922 illis
871 2892 1049 2930 apostolice
1065 2892 1160 2923 Sedis
1171 2893 1220 2923 le-

1295 303 1379 341 gati,
1409 303 1448 334 de
1476 303 1654 342 prebenda,
1685 304 1714 334 si
1742 313 1808 343 qua
1834 308 1913 334 tunc
1939 303 2077 334 vacabat
2100 302 2225 334 ibidem
2253 303 2304 334 vel

1295 357 1540 395 quamprimum
1555 356 1596 386 ad
1609 356 1642 386 id
1655 366 1690 387 se
1702 357 1835 387 offerret
1849 356 2068 396 oportunitas,
2080 355 2302 395 providerent,

1295 408 1414 439 dilecto
1431 408 1500 438 filio
1519 432 1551 444 ..,
1569 401 1672 440 010010
1687 409 1899 443 Taurinensi‚
1914 408 1980 438 sibi
1995 417 2094 448 super
2110 408 2171 439 hoc
2187 417 2306 440 execu-

1296 465 1365 491 tore
1387 470 1558 497 00000550,
1580 462 1667 491 idem
1684 463 1813 497 Petrus,
1833 461 1910 492 licet
1926 461 2062 492 terciam
2082 466 2209 500 partem
2230 470 2306 500 pro-

1296 518 1456 544 ventuum
1477 514 1578 544 unius
1600 514 1766 553 prebende
1783 523 1821 544 ex
1836 513 1979 553 quadam
1996 513 2234 552 compositione
2251 514 2306 544 in-

1296 570 1346 596 ter
1372 567 1480 605 ipsum
1508 570 1539 596 et
1563 567 1751 597 Brexanum
1776 566 1915 597 ecclesie
1942 566 2087 605 predicte
2108 566 2307 597 canonicum

1296 619 1504 658 postmodum
1526 619 1611 649 inita
1630 620 1791 658 percipiat
1813 619 1847 649 in
1871 619 2000 654 eadem,
2024 619 2170 649 nondum
2194 622 2305 650 tamen

1297 677 1346 703 est
1362 673 1397 702 in
1413 682 1451 702 ea
1467 672 1667 711 prebendam
1687 672 1833 711 aliquam
1852 677 2036 702 assecutus.
2053 672 2137 703 Cum
2152 672 2243 702 enim
2256 681 2305 702 re-

1297 725 1465 763 ceptiones
1481 726 1585 755 factas
1597 725 1631 754 in
1643 725 1909 764 quibuscumque
1923 724 2085 759 ecclesiis,
2102 725 2194 755 1111⁰=
2210 725 2307 755 dum-

1297 782 1385 807 taxat
1401 778 1560 816 exceptis,
1581 786 1638 816 per
1654 778 1821 817 quandam
1840 777 2112 808 constitutionem
2131 786 2231 816 super
2244 776 2308 808 hoc

1297 839 1316 860 a
1334 830 1429 860 nobis
1449 830 1571 861 editam
1593 831 1803 861 decernimus
1824 831 1937 860 irritas
1954 835 1985 860 et
2003 830 2138 865 inanes,
2156 830 2202 860 ita
2220 829 2309 869 quod

1297 884 1421 922 recepti
1442 884 1637 914 auctoritate
1654 883 1841 913 litterarum
1866 883 1961 914 Sedis
1977 883 2126 922 ejusdem
2148 883 2216 913 sint
2231 882 2308 913 aliis

1293 937 1368 976 jure
1385 946 1421 966 ac
1444 941 1588 974 tempore
1611 936 1757 975 potiores
1778 940 1808 966 et
1832 936 1868 966 in
1890 936 2019 974 prefata
2044 936 2185 966 ecclesia
2201 935 2308 975 ipsius

1297 990 1392 1020 Sedis
1409 989 1604 1019 auctoritate
1623 990 1714 1019 11110r
1729 989 1763 1018 in
1780 989 1957 1019 canonicos
1976 989 2042 1019 sint
2061 988 2194 1027 recepti,
2210 997 2309 1028 prop-⁴

1297 1046 1345 1073 ter
1361 1043 1448 1081 quod
1463 1042 1645 1072 secundum
1664 1042 1936 1072 constitutionem
1953 1041 2091 1072 eandem
2108 1041 2179 1081 ejus
2194 1050 2309 1080 recep-

1298 1096 1342 1125 tio
1379 1100 1507 1125 cassata
1538 1095 1686 1130 videtur,
1720 1095 1827 1125 dictus
1860 1096 1975 1125 Petrus
2005 1095 2101 1125 1101115
2136 1094 2310 1126 humiliter

1298 1149 1505 1187 supplicavit,
1525 1153 1560 1178 ut
1576 1158 1651 1178 cum
1668 1148 1780 1178 nullus
1797 1158 1871 1178 eum
1888 1148 1922 1178 in
1939 1148 2127 1186 receptione
2143 1147 2308 1187 precedat,

1298 1202 1469 1240 providere
1495 1201 1560 1231 sibi
1583 1210 1681 1240 snper
1701 1201 1761 1231 hoc
1783 1202 1820 1231 110
1842 1201 2047 1239 benignitate
2067 1201 2161 1231 Sedis
2178 1204 2310 1240 aposto-

1298 1254 1360 1284 lice
1381 1262 1585 1284 curaremus.
1610 1254 1771 1290 Quocirca
1794 1254 1990 1284 mandamus
2012 1254 2187 1292 quatinus,
2208 1254 2238 1284 si
2259 1258 2310 1285 est

1298 1307 1355 1341 ita,
1375 1306 1611 1336 constitutione
1631 1315 1695 1336 non
1713 1306 1863 1336 obstante
1882 1306 2044 1344 predicta,
2063 1316 2121 1345 per
2138 1316 2238 1346 quam
2256 1315 2310 1338 re-

1299 1352 1442 1398 ceptioni
1469 1359 1618 1398 ejusdem
1649 1360 1685 1389 P.
1717 1368 1782 1389 non
1808 1359 2014 1389 intendimus
2041 1359 2216 1397 derogare,
2244 1359 2310 1398 ipsi

1300 1413 1335 1442 P.
1360 1412 1399 1442 de
1418 1411 1596 1450 prebenda,
1624 1412 1652 1442 si
1674 1421 1738 1450 qua
1763 1411 1798 1441 in
1822 1411 1961 1442 ecclesia
1983 1412 2130 1450 predicta
2151 1415 2246 1442 vacat
2269 1412 2311 1442 ad

1298 1473 1436 1503 presens
1466 1464 1519 1494 vel
1548 1464 1715 1503 quamcito
1743 1473 1858 1494 vacare
1888 1464 2082 1502 contigerit,
2115 1465 2311 1495 auctoritate

1301 1521 1414 1547 nostra
1447 1526 1506 1556 per
1544 1522 1572 1547 te
1609 1516 1660 1547 vel
1696 1526 1754 1555 per
1791 1517 1894 1548 alium
1926 1517 2099 1555 providere
2134 1525 2309 1556 procures,

1300 1570 1427 1600 faciens
1460 1579 1536 1600 eum
1565 1570 1706 1608 receptis
1740 1570 1978 1609 cujuscumque
2013 1570 2208 1601 auctoritate
2237 1574 2312 1609 post

1300 1623 1410 1662 ipsum
1432 1623 1467 1652 in
1493 1623 1658 1661 prehende
1681 1623 1890 1653 assecutione
1908 1623 2060 1662 preferri.
2083 1622 2312 1654 (10011οἀ1010-

1301 1685 1365 1706 1·05.
1393 1676 1468 1706 Non
1492 1675 1644 1705 obstante
1670 1676 1699 1705 si
1721 1693 1770 1704 —.
1796 1676 1864 1706 Nos
1889 1676 1979 1706 enim
2003 1676 2214 1706 decernimus
2237 1675 2312 1706 irri-
2348 1702 2352 1703 ⁷

1304 1732 1371 1758 tum
1386 1745 1435 1756 —-.
1454 1729 1525 1758 Dat.
1545 1728 1708 1766 Anagnie‚
1725 1729 1754 1758 V
1768 1728 1844 1758 idus
1858 1728 1948 1768 julii,
1966 1737 2053 1758 anno
2070 1729 2188 1767 primo.
2207 1740 2221 1755 1»

1373 1886 1461 1915 603

1338 1948 1482 1984 Raynerio
1502 1948 1536 1974 de
1560 1948 1660 1975 ordine
1684 1948 1839 1980 Minui-um,
1857 1949 1994 1984 episcopo
2011 1949 2162 1983 tininensi,
2179 1948 2312 1976 concedit

1302 1997 1480 2031 facultatem,
1499 2001 1529 2024 ut
1546 2005 1581 2023 ex
1598 1997 1682 2024 bonis
1698 1998 1838 2024 ecelesiae
1854 2005 1924 2024 suae
1939 1998 2033 2031 aliqua
2051 1997 2224 2033 pauperibus
2238 1997 2312 2024 elar-

1302 2046 1357 2081 giri
1373 2046 1473 2072 valeat.
1491 2045 1575 2079 (Res.
1592 2046 1637 2079 24,
1654 2054 1679 2073 c.
1697 2046 1759 2080 498,
1776 2046 1794 2073 f.
1812 2047 1863 2078 733
1882 2046 2029 2074 Powfflisr
2049 2046 2153 2080 15923.)

1864 1887 1986 1920 Anagni,
2010 1887 2144 1921 l5juillet
2162 1887 2239 1914 1255.

1343 2159 1357 2174 (1
1374 2148 1526 2186 staynerio
1546 2148 1579 2176 dc
1601 2148 1708 2177 ordine
1727 2149 1866 2184 frat-rum
1885 2148 2059 2182 Minoram,
2080 2149 2215 2186 episcopo
2233 2148 2312 2177 Mai-

1302 2201 1401 2229 nensi.
1420 2199 1511 2230 Licet
1528 2208 1566 2230 ea
1583 2208 1646 2238 que
1659 2217 1709 2228 —.
1724 2200 1796 2230 Dat.
1815 2199 1978 2237 Anagnie‚
1996 2199 2108 2230 idibus
2119 2199 2209 2239 julii,
2224 2208 2312 2230 anno

1301 2253 1420 2291 primo.
1439 2264 1452 2279 »

1373 2409 1464 2438 (304
1860 2409 1986 2444 Anagui,
2006 2410 2036 2436 15
2048 2409 2144 2445 juillet
2161 2409 2238 2437 1255.

1338 2471 1438 2499 Eidem
1453 2471 1596 2506 concedit,
1614 2475 1644 2498 ut
1659 2472 1686 2498 in
1703 2472 1822 2498 fratrum
1841 2471 1985 2498 MInorum
2003 2480 2036 2499 ac
2051 2480 2185 2499 sororum
2200 2471 2311 2498 ordinis

1301 2528 1326 2548 5.
1349 2519 1482 2547 Damiani
1502 2520 1636 2547 domibus
1657 2521 1812 2556 pontificali
1837 2529 1914 2547 more
1935 2520 2031 2547 divina
2052 2521 2144 2547 officia
2165 2520 2309 2548 celebrare

1302 2573 1358 2597 010.
1375 2569 1476 2604 possit.
1495 2569 1576 2603 (Rae.
1594 2570 1639 2604 24,
1655 2577 1681 2596 c.
1699 2569 1772 2602 498²,
1790 2570 1810 2596 f.
1827 2570 1875 2601 73;
1894 2569 2041 2597 Por-riusa·
2060 2569 2167 2602 ¹5924.)

1345 2684 1357 2698 ι(
1376 2672 1492 2700 Eidem.
1510 2671 1704 2701 Devotionis
1722 2675 1776 2702 tue
1792 2671 1946 2710 precihus
1957 2688 2006 2700 —.
2021 2672 2094 2701 Dat.
2111 2674 2148 2701 ut
2163 2679 2274 2709 supra.
2293 2681 2308 2697 n

1372 2835 1460 2864 005
1858 2834 1984 2876 Anagni,
2002 2835 2034 2861 15
2045 2834 2142 2869 juillet
2158 2834 2236 2861 1255.

1337 2897 1437 2924 Eidem
1453 2898 1596 2929 concedit,
1614 2901 1652 2929 ut.
1669 2905 1734 2924 cum
1751 2898 1780 2924 in
1795 2897 1919 2924 ecclesia
1933 2898 1998 2931 ejus
2014 2901 2130 2932 propter
2141 2896 2309 2924 discrimina
