2441 3330
194 200 203 229 1
216 201 246 229 1‘2
915 200 1154 231 REGISTRES
1176 200 1484 232 D'ALEXANDRE
1506 201 1560 232 IV.

191 264 372 302 copulavit,
397 264 523 294 carnali
546 265 635 295 inter
657 274 713 297 eos
736 266 853 305 copula
875 266 1064 296 subsecuta.
1089 266 1199 303 Quare

190 318 298 347 dictus
310 317 482 348 Johannes
496 318 592 348 nobis
605 318 803 358 supplicavit
816 319 982 350 instanter
994 324 1041 355 ut,
1057 328 1097 349 ne
1111 319 1199 350 inter

190 371 299 408 ipsum
313 375 343 401 et
357 371 498 401 eundem
513 372 552 401 R.
566 371 764 402 inimicitias
777 372 867 410 ipsas
877 373 946 412 jan]
960 372 1096 411 sopitas,
1111 372 1198 411 quod

190 424 291 459 absit,
316 424 471 453 revivisci
493 424 678 462 contingat,
703 425 790 464 quod
812 425 846 455 in
868 425 1060 465 hujusmodi
1082 425 1198 454 matri—

189 476 300 505 monio
314 484 388 506 cum
403 476 516 506 eadem
529 478 569 507 A.
581 486 753 508 remanere
767 477 857 508 licite
873 477 991 513 valeat,
1004 478 1198 516 dispensare

188 528 448 559 misericorditer
466 538 670 560 curaremus.
690 530 850 561 Gerentes
868 531 980 569 itaque
999 530 1038 560 de
1055 530 1198 560 circum-

189 580 357 618 sprctione
380 584 435 611 tua
454 581 608 612 fiduciam
630 582 665 612 in
684 583 825 613 Domino
843 582 1042 621 pleniorem,
1060 583 1198 613 manda-

189 642 262 663 mus
287 634 445 672 quatinus
470 644 545 664 cuin
572 635 643 673 ipso
670 639 701 665 et
728 636 842 666 eadem
863 637 991 674 Agnete
1016 645 1114 674 super
1136 636 1197 666 hoc

189 687 383 717 auctoritate
406 691 518 717 nostra
541 687 728 726 dispenses,
747 688 776 718 si
795 688 918 719 videris
937 689 1101 727 expedire.
1121 689 1195 718 Dat.

154 752 162 756 -
188 739 338 778 Νιπι11011,
357 739 467 770 idibus
486 740 613 778 aprilis,
632 750 719 771 anno
734 742 852 780 primo.
875 754 887 768 »

257 911 346 939 3⁵22

227 973 473 1005 l'roedicatoribus,
492 974 714 1008 inquisitoribus
728 974 888 1001 baereticae
904 975 1052 1009 pravitatis
1068 975 1094 1001 in
1111 975 1196 1002 terris

187 1022 301 1048 comitis
324 1021 505 1049 pictavensis
525 1028 554 1049 et
574 1023 740 1057 Tholosani,
763 1023 896 1050 concedit
917 1024 1090 1058 facultatem,
1114 1028 1145 1051 ut
1168 1026 1195 1051 in

773 911 890 947 Naples,
910 913 942 939 15
958 913 1028 939 avril
1046 912 1122 939 1255.

188 1071 314 1098 lei-cudis
335 1073 488 1098 sententiis
509 1076 608 1099 contra
628 1072 708 1104 illos,
726 1073 774 1107 qui
791 1072 826 1099 de
842 1074 980 1107 pravitate
995 1074 1118 1100 convicti
1134 1074 1196 1100 fue-

188 1121 254 1154 rint,
271 1122 380 1155 peritos
395 1121 535 1147 advocent
547 1121 580 1147 ad
597 1130 696 1148 eorum
712 1121 864 1148 consilium
879 1130 967 1156 super
979 1122 1033 1149 hoc
1045 1123 1192 1150 utendum.

188 1169 270 1202 (11111.
287 1169 331 1201 24,
348 1178 373 1196 0.
392 1170 464 1199 307²,
483 1170 501 1196 f.
518 1170 568 1203 463
589 1169 733 1197 Porrussr
750 1170 858 1203 15804.)

228 1283 240 1297 «
265 1294 297 1306 ..,
314 1273 417 1309 priori
433 1274 571 1308 fratrum
587 1272 815 1301 l’redtcacorum
832 1273 1057 1302 Parii-consitam
1078 1278 1104 1303 ct
1121 1274 1194 1303 aliis

187 1325 422 1360 inquisitoribus
443 1326 570 1354 heretice
585 1326 753 1363 pravitatis
773 1325 924 1363 deputatis
939 1326 974 1354 ab
994 1335 1025 1355 eo
1047 1327 1082 1355 in
1103 1328 1193 1355 terris

185 1378 287 1407 ‹lilvcn'
301 1378 373 1414 liiii,
389 1379 499 1407 nobilis
514 1379 579 1408 viri
594 1402 626 1414 ..,
642 1379 763 1408 comicis
774 1380 962 1408 Pictavensis
978 1384 1004 1408 et
1019 1380 1190 1409 Tholosani.

185 1430 364 1469 Cupientes
391 1432 478 1470 quod
494 1431 536 1474 1111
562 1449 610 1460 -.
636 1432 710 1461 Dat.
734 1431 888 1470 Neapoli,
914 1433 1008 1462 XVII
1033 1432 1192 1463 Kalendas

184 1483 275 1519 maii,
294 1492 380 1514 anno
395 1484 512 1522 primo.
533 1497 545 1511 »

254 1650 342 1678 3³23

223 1712 334 1738 Eisdem
356 1712 500 1743 concedit,
520 1716 559 1744 ut,
577 1714 602 1739 si
620 1714 668 1747 qui
689 1722 705 1739 a
726 1713 910 1747 poenitentiis
927 1715 1078 1740 occasione
1095 1715 1191 1749 pravi-

183 1762 250 1787 tatis
264 1761 422 1787 haereticae.
440 1762 510 1795 ipsis
526 1761 670 1796 impositis
684 1771 700 1788 a
715 1770 900 1796 quocumque
915 1763 978 1788 sine
994 1763 1125 1790 mandato
1141 1764 1188 1789 Se-

770 1650 887 1686 Naples,
907 1652 936 1678 15
953 1652 1022 1678 avril
1042 1652 1118 1680 1255.

182 1811 226 1836 dis·
251 1811 424 1844 apostolicae
452 1811 547 1837 minus
568 1812 648 1844 juste
674 1811 780 1837 fuerint
803 1811 936 1841 absoluti,
965 1813 1044 1846 ipsos
1072 1813 1189 1846 provide

182 1860 336 1894 corrigant.
353 1859 436 1892 (Hm.
452 1859 496 1890 filli,
515 1868 541 1885 C.
559 1860 607 1885 307
619 1860 629 1876 ²
641 1859 673 1892 ¹⁷³⁵,
693 1860 711 1886 f.
729 1859 778 1890 46;
798 1859 944 1887 ΡΟΤΤΗΑΞΤ
965 1861 1070 1893 15805.)

223 1974 235 1988 t(
269 1962 396 1990 Eisiitnz.
431 1961 635 1990 Auctoritate
667 1960 759 1990 vohis
793 1961 998 1999 present-ium
1030 1980 1078 1991 -—.
1112 1963 1185 1992 Dat.

180 2014 330 2053 Neapoli,
350 2014 444 2043 XVII
461 2013 619 2043 kalendas
635 2014 726 2049 maii,
745 2023 832 2043 anno
847 2015 964 2052 primo.
986 2028 998 2041 »

249 2178 335 2206 374

215 2240 345 2275 Capitulo
362 2240 520 2266 Cusentino
537 2241 652 2267 mandat
667 2241 802 2276 quatinus
820 2241 1092 2276 Bai-[tholomeumJ.
1110 2244 1186 2270 elec-

178 2293 236 2315 tum
254 2289 440 2323 episcopum,
457 2298 472 2315 a
493 2290 560 2315 sede
581 2290 753 2316 Amalfitana
769 2290 803 2316 ab
822 2290 987 2317 Innocentio
1003 2291 1044 2317 IV
1060 2292 1094 2318 ad
1110 2293 1185 2326 regi-

756 2179 873 2214 Naples,
894 2180 925 2206 ¹18
942 2188 1018 2206 mars
1039 2180 1113 2207 1255.

180 2347 242 2364 mcu
262 2339 401 2364 ecclcsiae
418 2337 591 2364 Cuseutinae
608 2339 786 2370 translatum,
805 2343 938 2373 tanquam
958 2343 1099 2374 pastorem
1117 2349 1185 2367 sns—

178 2387 295 2421 cipiant.
312 2386 395 2419 (1120.
412 2386 455 2417 Ἡ,
473 2394 498 2412 o.
517 2387 588 2418 308²,
606 2387 625 2413 f.
642 2387 698 2419 Δ16.)

220 2501 232 2513 (ι
252 2489 391 2525 Capitale
408 2488 582 2517 Cuseulino.
603 2488 781 2518 Conversis
796 2488 923 2526 pridem
946 2489 1054 2519 felicis
1074 2500 1183 2520 recor-

178 2541 322 2570 dationis
354 2541 378 2570 I.
413 2550 494 2578 pape
530 2541 772 2579 predecessoris
803 2541 907 2571 nostri
937 2542 977 2571 ad
1010 2552 1183 2580 personam

177 2592 289 2623 dilecti
306 2593 367 2621 filii
385 2594 460 2622 Bar.
478 2593 573 2623 electi
589 2593 781 2628 Cuscntini,
800 2598 876 2623 tunc
900 2594 1111 2628 Anialtitani,
1131 2595 1181 2624 sui

177 2645 306 2675 meritis
325 2645 445 2680 oculis,
463 2645 573 2683 ipsum
590 2656 605 2674 a
624 2645 755 2675 vinculo
779 2655 842 2684 quo
867 2646 1023 2676 astrictus
1045 2647 1183 2676 Amalfi-

179 2704 251 2729 tane
271 2699 408 2729 ecclesie
427 2699 599 2728 tenebatur
615 2699 755 2729 absolvit
773 2703 803 2729 et
822 2699 862 2728 ad
877 2700 1026 2737 regimen
1045 2700 1183 2730 ecclesie

176 2752 358 2782 Cusentinc
387 2751 553 2781 transtulit
585 2752 622 2781 dc
649 2751 743 2781 Sedis
773 2752 949 2789 apostolice
974 2752 1182 2790 plenitudine

147 2839 149 2841 ¹
178 2805 363 2842 potcstatis,
385 2813 440 2842 spe
460 2809 613 2842 concepta
636 2805 738 2843 quod,
761 2814 835 2834 cum
851 2805 894 2834 sit
916 2814 1045 2835 morum
1060 2805 1183 2836 hones-

177 2862 240 2887 tate
257 2857 455 2895 conspicuus
472 2861 503 2886 et.
522 2857 660 2886 scientie
679 2857 833 2887 thesauro
855 2858 985 2887 dotatus
1006 2867 1042 2888 ac
1060 2858 1093 2887 in
1115 2858 1182 2896 spi-

1279 265 1458 296 ritualibus
1489 267 1647 306 providus
1676 273 1708 298 et
1740 268 1978 307 temporalibus
2008 269 2286 309 circumspectus,

1279 317 1367 348 dicta
1386 318 1525 349 ecclesia
1544 319 1728 351 Cusentina
1750 321 1818 351 Deo
1835 321 1977 360 propitio
1997 326 2211 360 augmentum
2227 322 2287 353 ho-

1279 370 1371 400 noris
1389 372 1548 411 consequi
1565 377 1596 403 et
1617 372 1651 402 in
1672 373 1840 412 prosperis
1857 373 1973 404 debeat
1991 373 2156 413 ampliari.
2177 375 2287 414 Regae

1279 432 1352 452 mus
1363 423 1476 462 itaque
1488 425 1750 456 Universitatem
1766 430 1909 456 vestram
1921 430 1952 457 et
1965 425 2137 457 hortamur
2149 431 2285 464 attente,

1279 476 1319 505 ad
1346 476 1452 506 instar
1478 477 1584 516 ipsius
1610 478 1855 516 predecessoris
1877 479 2002 515 nostri,
2025 488 2084 518 per
2107 479 2287 518 apostolica

1278 529 1372 559 vobis
1389 530 1511 568 scripta
1526 531 1722 562 mandantes
1738 532 1896 570 quatinus
1907 532 2048 562 eundem
2065 532 2216 568 electum,
2231 533 2286 564 cui

1277 581 1408 620 plenam
1432 582 1538 621 ipsius
1561 583 1700 614 ecclesie
1726 584 1909 620 Cusentine
1933 585 1968 614 in
1996 585 2227 624 spiritualibus
2253 589 2286 617 et

1279 635 1515 673 temporalibus
1535 636 1623 666 idem
1643 637 1856 675 predecessor
1877 638 2058 674 commisit,
2077 647 2150 668 cum
2167 638 2207 668 ad
2227 646 2285 668 vos

1277 689 1482 726 pervenerit,
1511 689 1724 720 admittentes
1754 690 1918 729 hylariter
1949 695 1980 721 et
2011 691 2126 722 devote
2155 700 2192 722 ac
2218 691 2284 722 sibi

1278 745 1434 779 tanquam
1455 741 1579 780 pastori
1602 746 1710 772 vestro
1728 742 1873 773 debitam
1895 742 2118 773 obedientiam
2140 747 2172 774 et
2191 751 2285 774 reve-

1277 793 1419 823 rentiam
1448 794 1678 832 impendentes
1695 813 1742 824 —.
1766 796 1840 826 Dat.
1861 795 2018 834 Neapoli,
2043 796 2103 827 XV
2125 795 2285 827 kalendas

1277 846 1412 884 aprilis,
1431 856 1518 877 anno
1534 847 1651 885 primo.
1671 860 1684 874 »

1347 1019 1435 1048 3⁹25
1864 1020 1980 1056 Names,
1999 1020 2030 1048 13
2045 1002 2115 1048 a'vrn
2134 1022 2211 1049 1255.

1314 1081 1456 1117 Episcopo
1477 1082 1664 1110 Cremonensi
1686 1083 1800 1110 mandat
1819 1085 1957 1118 quatinus
1977 1084 2112 1110 fratribus
2128 1083 2284 1112 Hei-emitis

1277 1135 1438 1158 conventus
1456 1131 1660 1159 Cremonensis
1682 1133 1708 1159 in
1729 1133 1851 1159 ecclesia
1872 1141 1897 1160 s.
1914 1132 2070 1160 Clementis
2089 1137 2169 1160 extra
2183 1133 2285 1161 civita-

1277 1184 1332 1206 tem
1350 1180 1416 1206 olim
1434 1181 1627 1214 morantibus,
1647 1186 1743 1216 postea
1761 1190 1828 1208 vero
1845 1183 1871 1208 in
1889 1182 2029 1208 suburbio
2045 1182 2171 1209 civitatis
2187 1187 2283 1210 trans-

1276 1230 1355 1262 latis,
1377 1230 1513 1256 concedat
1532 1231 1693 1257 facultatem
1716 1224 1856 1257 vendendi
1873 1231 2025 1265 quamdam
2043 1232 2152 1266 peciam
2173 1234 2280 1264 terrae,

1275 1279 1414 1305 ecclesiae
1429 1287 1454 1306 s.
1471 1279 1626 1305 Clementis
1641 1288 1658 1305 a
1672 1279 1815 1313 quondam
1836 1279 1982 1314 Squagolo
2002 1279 2036 1306 de
2057 1279 2190 1307 ciconnis
2210 1288 2282 1307 con-

1275 1335 1397 1353 cessam.
1418 1326 1501 1360 (utu.
1518 1328 1563 1358 ⁴24,
1580 1336 1605 1354 0.
1624 1328 1685 1359 309,
1702 1328 1722 1354 f.
1742 1328 1796 1361 46.)

1316 1442 1328 1456 «
1351 1452 1383 1464 ..,
1402 1431 1536 1467 episcopo
1552 1430 1756 1460 Cremonensi.
1774 1429 1895 1460 Dilecti
1914 1429 1976 1459 filii
1998 1453 2033 1465 ..,
2056 1430 2146 1469 prior
2164 1435 2195 1460 et
2214 1431 2283 1461 fra-

1275 1487 1340 1512 tres
1356 1483 1483 1512 ordinis
1499 1483 1746 1513 Heremitarum
1760 1483 1795 1512 in
1809 1487 1974 1513 conventu
1991 1483 2208 1514 Cremonensi
2222 1493 2282 1515 sua

1274 1535 1369 1565 nohis
1390 1535 1618 1565 insinuatione
1635 1540 1872 1571 monstrarunt,
1891 1535 1978 1574 quod
1994 1536 2159 1575 quondam
2175 1537 2282 1575 Squa-

1272 1588 1366 1626 golus
1380 1589 1418 1618 de
1431 1588 1585 1619 Ciconeis
1596 1588 1701 1619 laicus
1715 1588 1880 1627 quandam
1895 1589 2018 1626 petiam
2033 1592 2118 1619 terre
2133 1589 2282 1628 ipsorum

1272 1641 1410 1671 ecclc—sie
1425 1642 1531 1671 sancti
1545 1641 1726 1672 Clementis
1738 1645 1828 1671 extra
1841 1641 2010 1672 civitatem
2023 1641 2282 1673 Cremonensem

1273 1700 1348 1724 tunc
1368 1695 1530 1724 desertam
1549 1695 1588 1724 ad
1609 1704 1689 1732 opus
1706 1695 1806 1724 unius
1821 1694 2001 1724 sacerdotis
2018 1694 2074 1733 qui
2091 1694 2214 1725 ibidem
2230 1694 2281 1724 dj-

1271 1748 1348 1776 vina¹
1372 1747 1479 1777 officia
1505 1747 1687 1777 celebraret
1714 1757 1771 1785 pro
1798 1756 1933 1789 suoi-uu]
1964 1747 2103 1777 contulit
2134 1747 2280 1778 remedio

1272 1804 1490 1837 peccatorum.
1508 1800 1591 1830 Cum
1608 1804 1718 1829 autem
1740 1800 1907 1838 quondam
1925 1800 2060 1830 Alberto
2082 1800 2166 1829 inibi
2187 1809 2279 1839 pres-

1270 1853 1375 1883 bitero
1402 1853 1556 1882 instituto
1577 1862 1691 1882 eorum
1711 1853 1861 1882 ordinem
1882 1857 2083 1885 assumente,
2107 1852 2190 1882 hone
2211 1861 2280 1883 me-

1270 1906 1373 1935 morie
1438 1905 1610 1944 episcopus
1625 1905 1871 1939 Cremonensis,
1890 1905 2064 1935 ecclesiam
2080 1906 2128 1935 eis
2145 1914 2280 1936 conces-

1270 1959 1366 1989 sisset
1383 1959 1519 1989 carulum
1534 1963 1564 1987 vt
1579 1959 1640 1996 ipsi
1654 1968 1779 1988 moram
1790 1959 1825 1987 in
1836 1967 1873 1988 ea
1885 1958 2011 1988 diutius
2023 1958 2276 1994 contraxissent,

1270 2011 1401 2041 tandem
1415 2011 1515 2041 iidem
1532 2016 1663 2049 propter
1676 2020 1870 2049 guerrarum
1884 2011 2079 2040 discrimina
2090 2011 2124 2040 in
2139 2010 2279 2042 ecc-lesia

1269 2065 1340 2103 ipsa
1366 2069 1573 2103 nequeuntes
1599 2065 1671 2093 sine
1694 2064 1796 2093 multo
1819 2064 1974 2093 scandalo
2001 2068 2033 2093 et
2061 2068 2194 2102 propter
2214 2063 2277 2094 1001

1269 2117 1525 2155 ineptitudinem
1550 2117 1761 2151 commorari,
1787 2126 1820 2146 se
1846 2117 1884 2146 de
1910 2126 2075 2147 consensu
2101 2121 2172 2152 tuO,
2201 2121 2277 2148 tunc

1269 2170 1371 2200 electo
1387 2170 1604 2200 Cremonensi
1618 2193 1623 2206 ,
1643 2169 1683 2199 ad
1696 2169 1798 2199 alium
1815 2169 1921 2199 locuni
1936 2170 2095 2208 aptiorem
2110 2170 2144 2199 in
2161 2169 2277 2200 subur-

1268 2223 1333 2252 hiis
1349 2222 1631 2253 Cremonensibus
1649 2222 1891 2252 transtulerunt
1906 2233 1911 2257 ς
1931 2228 2062 2261 propter
2078 2222 2165 2262 quod
2180 2223 2276 2254 nohis

1267 2276 1440 2306 humiliter
1456 2275 1698 2314 supplicarunt.
1718 2280 1748 2305 ut
1763 2299 1769 2311 ,
1794 2285 1868 2305 cuin
1892 2275 1955 2314 ipsi
1975 2284 2034 2313 pro
2056 2275 2203 2315 ejusdem
2220 2275 2276 2306 de-

1267 2329 1372 2359 functi
1388 2329 1498 2358 anima
1514 2329 1617 2366 parati
1634 2329 1700 2358 sint
1717 2329 1749 2357 iu
1767 2328 1837 2358 loco
1851 2328 1889 2358 ad
1905 2338 2003 2367 quem
2015 2337 2050 2359 se
2064 2328 2275 2359 transtulisse

1267 2385 1449 2411 noscuntur
1465 2381 1622 2411 celebrari
1642 2382 1749 2410 facere
1766 2380 1816 2410 vel
1834 2390 1891 2419 per
1908 2390 1943 2411 se
1962 2381 2051 2419 ipsos
2070 2381 2170 2411 etiam
2189 2381 2276 2412 cele-

1266 2434 1361 2464 ]irare
1378 2434 1502 2469 divina,
1520 2434 1682 2463 vendendi
1700 2434 1819 2463 dictam
1836 2434 1957 2472 petiam
1976 2438 2063 2464 terre
2081 2438 2112 2464 et
2128 2442 2274 2464 commu-

1266 2487 1358 2516 tandi
1375 2487 1445 2526 ejus
1462 2487 1607 2525 precium
1632 2487 1665 2515 in
1686 2486 1782 2516 aliam
1809 2491 1928 2517 terrani
1952 2487 2058 2525 magis
2080 2487 2224 2517 vicinam
2243 2491 2272 2516 et

1267 2544 1392 2578 aptam,
1419 2548 1547 2578 necnon
1570 2539 1675 2576 ipsam
1703 2539 1877 2569 ecclesiam
1900 2548 1973 2569 cum
1997 2539 2045 2569 eis
2067 2538 2208 2569 edificiis
2233 2539 2274 2569 ad

1266 2592 1372 2621 locum
1401 2591 1553 2622 eumdem
1580 2592 1812 2626 transferendi,
1837 2591 1968 2630 plenam
1985 2591 2034 2621 015
2055 2591 2273 2621 concedamus

1266 2654 1323 2684 per
1339 2649 1468 2674 nostras
1484 2644 1612 2673 litteras
1629 2644 1829 2674 facultatem.
1848 2644 1921 2674 Tibi
1937 2644 2040 2682 igitur
2053 2644 2087 2673 in
2103 2643 2166 2674 hac
2180 2647 2272 2682 parte

1265 2698 1393 2728 deferre
1416 2697 1580 2732 volentes,
1606 2697 1800 2726 mandamus
1823 2697 1981 2736 quatinus
2003 2696 2052 2726 eis
2077 2696 2272 2726 auctoritate

1266 2755 1378 2780 nostra
1403 2750 1567 2788 postulata
1592 2750 1769 2785 concedas,
1800 2750 1828 2779 si
1856 2750 1977 2779 videris
2002 2749 2170 2788 expedire,
2198 2749 2271 2779 sine

1261 2803 1347 2843 juris
1371 2802 1554 2842 prejudicio
1579 2802 1692 2832 alieni.
1714 2804 1786 2832 Dat.
1812 2802 1969 2840 Neapoli,
1995 2801 2106 2832 idibus
2135 2801 2268 2840 aprilis,

1265 2865 1351 2886 anuo
1368 2856 1483 2894 primo.
1506 2869 1517 2880 2»
