2441 3330
1002 213 1226 250 PREMIERE
1247 213 1404 250 ANNEE.

154 290 209 331 pie
225 299 262 320 ac
276 288 412 328 provide
428 288 552 317 factum
568 291 635 323 est,
652 290 762 316 ratum
783 290 815 317 et
839 291 969 324 gratum
986 286 1164 320 habentes,

154 344 190 374 id
205 342 401 373 auctoritate
415 340 595 379 apostolica
608 340 843 370 confirmamus
860 343 921 369 etc.
936 348 1043 377 usque
1059 348 1066 367 ι
1084 347 1167 368 com-

157 395 339 425 munimus.
368 393 462 424 Nulli
486 397 547 423 etc.
575 397 686 423 nostre
713 392 975 422 confirmationis
1003 395 1063 420 etc.
1092 392 1166 420 Dat.

157 447 312 485 Neapoli,
331 447 364 476 11
381 454 486 476 nonas
504 445 595 481 maii,
616 453 702 475 anno
717 445 835 483 primo.
854 456 868 471 1>

230 619 318 647 4132

198 679 340 714 Episcopo
361 678 562 705 Cameracensi
584 677 726 705 concedit.
744 680 775 704 ut
787 676 1018 711 jurisdictionem
1035 684 1116 702 suam
1136 676 1170 702 li-

162 729 230 755 bere
246 728 337 754 valeat
355 735 507 758 exercere,
533 735 587 753 non
611 725 793 752 obstantibus
815 724 1002 759 indulgentiis
1019 724 1170 750 nonnullo-

162 785 226 804 rum
243 776 414 803 clericorum
438 778 466 802 et
486 775 623 801 nobilium
647 782 717 801 snae
741 773 866 800 diocesis
887 781 903 799 a
925 773 998 799 Sede
1014 772 1172 807 apostolica

161 825 297 852 obtentis.
315 824 397 858 (Rea.
415 824 459 855 24,
476 832 502 850 c.
521 824 581 857 381,
599 824 619 849 f.
637 824 699 854 55v;
717 823 897 853 Ronennssncv,
914 825 934 848 t.
954 820 1005 854 111,
1024 827 1054 847 n⁰
1069 820 1142 853 395.)

746 615 865 650 Naples,
883 615 913 642 21
931 614 1001 641 avril
1021 615 1096 641 1‘255.

205 939 218 953 ι(
237 949 270 960 ..,
288 928 422 964 episcopo
441 926 663 955 Cameracenst.
683 925 753 954 Tua
769 922 865 953 nobis
881 922 1074 952 fraternitas
1092 921 1174 950 inti-

161 979 265 1008 mavit
280 978 366 1017 quod
387 977 542 1008 nonnulli
559 977 672 1007 clerici
689 981 754 1006 tam
770 975 936 1006 seculares
954 983 1053 1013 quam
1074 983 1173 1012 regu-

161 1030 260 1066 lares,
284 1039 413 1061 necnon
437 1034 468 1060 et
491 1029 596 1068 aliqui
612 1029 741 1059 nobiles
767 1033 820 1058 tue
846 1027 987 1057 diocesis
1012 1027 1084 1065 lege
1111 1026 1173 1056 tibi

162 1083 340 1113 diocesana
357 1082 499 1122 subjecti
517 1082 733 1112 obtinuerunt
757 1081 822 1111 sibi
845 1090 863 1110 a
885 1080 968 1110 Sede
994 1079 1174 1118 apostolica

161 1135 350 1173 indulgeri,
375 1140 413 1166 111
425 1135 537 1165 nullus
560 1135 595 1164 in
615 1143 774 1173 personas
800 1142 913 1164 eorum
933 1133 1102 1163 interdicti
1123 1133 1175 1162 vel

164 1189 395 1227 suspensionis
423 1193 479 1218 aut
504 1187 856 1218 excommunicationis
878 1191 990 1225 posset
1015 1187 1174 1224 profferre

164 1242 365 1271 sententiam
381 1250 418 1271 ac
434 1250 548 1271 eorum
565 1245 668 1271 terras
685 1239 910 1270 ecclesiastico
926 1248 1111 1277 supponere
1126 1239 1174 1268 in-

164 1294 313 1324 terdicto.
330 1295 455 1324 Verum
471 1294 549 1333 quia
573 1303 610 1324 ex
628 1293 700 1328 hoc⁷
719 1302 794 1323 cum
809 1301 875 1322 non
895 1293 1003 1331 possis
1025 1292 1175 1322 animad-

164 1351 293 1377 vertere
309 1347 343 1376 in
361 1347 510 1382 eosdem,
531 1351 586 1376 tua
605 1346 794 1385 jurisdictio
814 1354 881 1375 non
896 1345 1063 1375 modicum
1079 1354 1175 1375 ener-

165 1404 272 1435 vatur,
285 1400 399 1438 petisti
410 1400 471 1429 tibi
485 1409 583 1438 super
596 1399 658 1429 hoc
671 1407 815 1436 congruo
831 1398 977 1428 remedio
991 1398 1174 1428 subveniri.

165 1452 327 1488 Quocirca
339 1452 543 1482 fraternitati
559 1456 613 1482 tue
626 1451 832 1490 presentium
848 1451 1043 1480 auctoritate
1060 1459 1176 1480 conce—

165 1503 274 1534 dimus
291 1508 336 1539 ut,
353 1504 479 1534 eisdem
494 1504 713 1542 indulgentiis
730 1512 940 1542 nequaquam
954 1503 1174 1539 obstantibus,

162 1555 267 1586 libere
284 1557 371 1586 circa
388 1557 478 1595 ipsos
490 1556 759 1596 jurisdictionem
776 1560 866 1585 tuam
882 1556 993 1586 valeas
1012 1565 1174 1586 exercere.

163 1608 238 1638 Non
255 1609 344 1637 enim
360 1609 490 1639 videtur
506 1609 688 1639 verisimile
703 1609 789 1647 quod
803 1609 1054 1647 predecessores
1071 1609 1177 1639 nostri

160 1660 429 1700 jurisdictionem
452 1662 697 1692 ordinariorum
721 1671 779 1700 per
798 1662 966 1691 indultum
985 1662 1177 1701 hujusmodi

164 1714 316 1744 enervari
332 1714 498 1745 voluerint
514 1724 574 1745 nec
590 1724 650 1745 nos
668 1715 821 1745 volumus
837 1715 924 1754 quod
940 1715 1106 1745 indultum
1126 1715 1177 1754 19-

164 1775 239 1797 sum
272 1767 312 1797 ad
341 1777 396 1798 eos
429 1768 640 1807 aliquatenus
674 1769 880 1798 extendatur*
913 1769 987 1798 Dat.
1018 1769 1175 1807 Neapoli,

162 1820 212 1850 XI
227 1819 388 1850 kalendas
403 1821 494 1856 maii,
514 1830 600 1851 anno
616 1821 734 1859 primo.
752 1833 765 1848 »

231 1991 321 2020 463
752 1992 870 2027 Names,
891 1993 924 2020 22
940 1993 1009 2019 avril
1029 1993 1105 2020 1255.

201 2053 307 2080 Abbati
331 2053 600 2081 Westimonasterii
624 2054 837 2081 Londoniensis
860 2055 1007 2086 concedit,
1036 2059 1066 2082 ut
1092 2064 1180 2091 super

165 2102 368 2129 observatione
384 2106 557 2130 statutorum
582 2112 654 2138 quae
672 2104 706 2130 de
727 2104 891 2130 substantia
908 2105 1023 2139 regulae
1044 2112 1068 2130 s.
1087 2104 1180 2131 Bene-

163 2149 231 2177 dicti
249 2159 303 2177 non
321 2152 452 2178 existunt
477 2152 626 2179 monachis
647 2153 816 2179 monasterii
838 2154 961 2188 ejusque
984 2154 1178 2180 membrorum

165 2199 334 2234 dispensare
351 2200 458 2234 possit,
475 2200 654 2235 injungendo
678 2201 786 2227 eisdem
809 2202 950 2228 absolutis
975 2203 1176 2237 poenitentiam

139 2254 143 2258 ’
163 2247 328 2274 salutarem.
349 2248 436 2274 Priori
455 2249 620 2275 monasterii
637 2250 760 2276 eundern
777 2250 1005 2284 dispensationis
1021 2255 1048 2276 et
1059 2251 1177 2277 absolu—

163 2295 250 2322 tionis
266 2296 436 2323 beneficium
453 2297 595 2331 indulget.
612 2298 697 2331 (Rea.
711 2298 754 2329 24,
768 2307 794 2326 c.
809 2298 870 2332 382,
889 2299 906 2325 f.
925 2300 993 2332 55¹.)

207 2410 220 2424 α
239 2420 271 2433 ..,
289 2399 391 2427 abbati
410 2399 682 2429 Westimonasterii
697 2401 925 2435 Londontensts,
941 2402 1097 2439 capellano
1113 2410 1178 2430 nos-

165 2455 220 2485 tro,
235 2451 275 2479 ad
291 2451 459 2480 Romanam
477 2453 633 2481 ecclesiam
648 2454 734 2482 nullo
750 2454 902 2482 mediante
914 2455 1108 2491 pertinentis,
1127 2463 1178 2482 07·-

164 2502 248 2532 dinis
262 2505 362 2533 sancti
378 2505 541 2534 Benedicti.
563 2505 609 2534 Ex
627 2509 718 2543 parte
738 2511 792 2536 tua
808 2506 871 2535 fuit
888 2506 984 2536 nobis
1005 2505 1178 2535 humiliter
1216 2505 1217 2538 ξ

164 2555 386 2594 supplicatum
407 2561 459 2591 ut,
485 2566 560 2586 cum
582 2557 795 2588 observantia
821 2559 867 2588 tui
891 2559 1018 2588 ordinis
1044 2558 1083 2588 ab
1106 2559 1178 2596 ipsa

164 2608 217 2638 sui
232 2608 444 2639 institutione
461 2609 603 2639 multum
620 2610 663 2640 sit
683 2611 804 2648 rigida,
824 2611 970 2641 difficilis
989 2616 1086 2650 atque
1103 2620 1178 2648 gra-

163 2660 225 2694 vis.
242 2661 443 2699 fueruntque
459 2662 669 2699 postmodum
686 2672 744 2700 per
760 2663 867 2693 felicis
884 2663 1123 2693 recordatiords
1137 2664 1176 2693 G.

163 2721 281 2751 papam
305 2713 573 2751 predecessorem
598 2718 749 2744 nostrum
771 2720 802 2745 et
825 2716 984 2755 quosdam
1006 2716 1088 2745 alios
1112 2720 1177 2745 tani

163 2764 359 2794 auctoritate
377 2764 472 2794 Sedis
491 2765 671 2803 apostolice
688 2776 787 2805 quam
803 2767 986 2805 legatorum
1004 2767 1109 2805 ipsius
1127 2776 1177 2796 su-

162 2817 335 2856 peraddita
364 2820 487 2847 statuta
514 2819 627 2855 gravia
650 2819 856 2849 diversarum
884 2829 1044 2859 penarum
1070 2820 1178 2859 adjec-

163 2870 253 2900 tione
271 2869 402 2906 vallata,
424 2880 464 2901 ne
482 2871 655 2909 contingat
671 2872 732 2902 sub
750 2873 850 2903 tantis
866 2873 1023 2903 oneribus
1040 2873 1179 2903 deficere

288 2936 514 2961 ALEXANDRE
535 2937 585 2968 IV,
605 2941 623 2961 t.
644 2938 662 2961 1.

2199 220 2256 251 137

1250 290 1419 321 oneratos,
1448 287 1619 325 providere
1650 295 1748 324 super
1776 286 1837 315 hoc
1864 290 2001 324 paterna
2031 285 2254 316 sollicitudine

1251 346 1452 368 curaremus.
1474 339 1690 368 Attendentes
1713 338 1814 375 igitur
1835 338 1920 376 quod
1941 338 2070 375 expedit
2091 338 2254 368 calamum

1251 395 1445 428 quassatum
1461 400 1526 421 non
1543 391 1668 421 conteri
1684 395 1715 420 et
1734 391 1767 419 in
1784 391 1934 420 erasione
1951 391 2100 428 eruginis
2116 400 2172 420 vas
2189 400 2254 420 non

1251 443 1371 479 frangi,
1395 443 1579 473 devotionis
1603 448 1658 473 tue
1682 443 1834 480 precibus
1859 442 2026 477 inclinati,
2051 443 2256 480 presentium

1251 493 1312 522 tibi
1329 495 1524 524 auctoritate
1538 495 1749 524 concedimus
1764 498 1811 523 ut.
1832 503 1929 531 super
1943 494 2171 524 observatione
2190 499 2257 524 sta-

1250 549 1398 575 tutorum
1424 546 1571 584 ipsorum
1597 556 1660 585 que
1687 546 1724 575 de
1751 546 1937 575 substantia
1962 550 2014 575 tue
2046 546 2159 583 regule
2191 555 2256 576 non

1253 598 1415 633 existunt,
1446 602 1480 628 tu
1508 608 1544 628 ac
1575 607 1783 628 successores
1816 598 1865 627 tui
1891 607 1965 627 cum
1992 599 2185 628 monasterii
2209 600 2258 628 tui

1254 651 1391 689 ejusque
1414 651 1637 680 membrorum
1662 650 1834 679 monachis
1854 650 2064 687 presentibus
2086 655 2116 679 et
2137 651 2258 680 suturis

1252 702 1357 732 libere
1369 702 1562 740 dispensare
1576 702 1723 739 possitis.
1736 702 1811 731 Hiis
1828 701 1960 731 casibus
1972 701 2138 731 dumtaxat
2150 711 2259 739 excep-

1253 755 1312 787 tis,
1333 764 1432 792 super
1454 754 1575 792 quibus
1596 755 1631 783 in
1654 754 1768 783 eadem
1790 753 1903 791 regula
1919 758 1968 783 est
1991 754 2193 791 dispensatio
2209 754 2261 782 in-

1254 807 1410 842 terdicta,
1435 807 1470 836 in
1496 807 1617 845 quibus
1646 807 1778 836 casibus
1805 806 2019 844 dispensandi
2046 815 2144 844 super
2167 807 2261 844 penis

1256 860 1393 899 adjectis
1413 864 1444 889 et
1460 858 1765 897 irregularitatibus
1784 867 1866 896 quas
1887 858 1936 887 tui
1956 858 2080 887 subditi
2102 857 2262 887 hactenus

1254 913 1468 943 incurrerunt
1488 911 1540 941 vel
1558 911 1730 940 incurrent
1750 911 1788 940 de
1808 914 1916 939 cetero
1937 910 2050 948 eisque
2071 910 2263 939 absolvendi

1255 965 1296 995 ab
1315 964 1496 999 interdicti,
1516 963 1746 1001 suspensionis
1762 963 1814 992 vel
1830 962 2180 992 excommunicationis
2194 962 2262 991 vin-

1255 1017 1329 1048 culo
1345 1026 1410 1056 qua
1425 1017 1508 1055 ipsis
1528 1016 1568 1046 ob
1584 1015 1883 1053 transgressionem
1903 1015 2141 1053 premissorum
2159 1019 2263 1044 statu-

1256 1075 1364 1100 torum
1378 1069 1503 1098 involvi
1516 1068 1651 1105 contigit
1665 1068 1715 1097 vel
1730 1067 1935 1104 contingeret
1945 1067 2095 1106 injuncta
2109 1067 2154 1096 sie
2169 1067 2264 1097 abso-

1255 1123 1335 1153 lutis
1365 1122 1550 1160 penitentia
1580 1120 1733 1152 salutari.
1769 1120 1875 1149 libera.
1912 1120 1954 1149 sit
1983 1120 2044 1148 tibi
2078 1123 2108 1149 et
2140 1119 2264 1149 eisdem

1256 1175 1506 1206 successoribus
1523 1174 1561 1203 de
1581 1178 1693 1204 nostra
1708 1173 1928 1211 permissione
1945 1172 2101 1207 facultas3
2116 1196 2149 1207 ..‚
2161 1173 2264 1210 priori

1256 1228 1496 1259 nichilominus
1521 1227 1714 1257 monasterii
1741 1227 1789 1256 tui
1817 1235 1853 1255 ac
1881 1226 1986 1264 ipsius
2017 1225 2264 1255 successoribus

1255 1280 1447 1320 hujusmodi
1475 1279 1734 1318 dispensationis
1757 1283 1787 1308 et
1808 1278 2027 1308 absolutionis
2049 1278 2262 1313 beneficium,

1257 1335 1286 1365 si
1310 1334 1411 1364 fuerit
1435 1337 1649 1371 oportunum,
1672 1332 1882 1369 indulgentes
1906 1331 2099 1361 auctoritate
2128 1340 2264 1369 presen-

1256 1388 1340 1418 tium
1356 1390 1562 1425 potestatem.
1586 1387 1659 1415 Non
1677 1385 1885 1415 obstantibus
1903 1384 2069 1423 aliquibus
2085 1384 2205 1413 litteris
2225 1383 2264 1412 ad

1256 1439 1464 1471 venerabiles
1482 1440 1600 1468 fratres
1615 1442 1744 1467 nostros
1756 1438 2031 1468 Cantuariensem
2048 1436 2264 1474 arehiepisco-

1256 1503 1335 1532 pum
1355 1498 1385 1523 et
1409 1516 1441 1528 ..,
1461 1492 1649 1530 episcopum
1670 1491 1935 1520 Londoniensem
1959 1499 2016 1519 seu
2039 1498 2263 1527 quoscumque

1258 1546 1341 1576 alios
1358 1546 1397 1575 ab
1413 1544 1591 1583 apostolica
1611 1544 1693 1574 Sede
1708 1544 1768 1573 sub
1783 1552 1989 1581 quacumque
2003 1546 2115 1571 tenore
2131 1541 2264 1570 directis

1258 1603 1289 1629 et
1312 1597 1522 1636 processibus
1544 1596 1668 1625 habitis
1692 1605 1749 1634 per
1769 1595 1901 1625 easdem
1924 1595 1962 1624 de
1983 1594 2103 1632 quibus
2126 1593 2265 1623 forsitan

1258 1654 1405 1690 oporteat
1426 1650 1499 1679 fieri
1522 1649 1735 1679 mentionem.
1754 1647 1846 1677 Nulli
1863 1651 1923 1677 etc.
1948 1650 2058 1676 nostre
2081 1646 2266 1675 concessio-

1258 1704 1312 1734 nis
1330 1708 1390 1734 etr.
1411 1704 1484 1732 Dat.
1502 1701 1652 1740 Neapoli⁷
1674 1702 1705 1731 X
1721 1700 1879 1730 Kalendas
1896 1699 1986 1733 maii,
2010 1708 2096 1728 anno
2116 1698 2231 1737 primo.
2252 1709 2264 1723 n

1329 1883 1418 1910 4⁴34

1295 1944 1441 1979 Episcopo
1464 1942 1674 1971 Lonitomensi,
1696 1942 1743 1975 qui
1766 1941 1800 1966 de
1824 1940 1955 1966 mamiato
1976 1938 2134 1965 innocentii
2151 1937 2191 1963 IV
2208 1940 2267 1963 sta-

1844 1878 1960 1912 Naples,
1980 1878 2009 1903 97
2027 1877 2095 1902 avril
2115 1877 2191 1903 1255.

1259 1997 1321 2020 tuta
1346 1992 1479 2025 Gregorii
1500 1991 1543 2017 lX
1568 1999 1617 2025 910
1641 1989 1841 2016 reformatione
1864 1988 1972 2014 ordinis
1994 1996 2018 2014 s.
2038 1987 2184 2012 Benedicti
2202 1986 2268 2011 fecit

1259 2043 1424 2072 observare,
1442 2040 1555 2066 mandat
1572 2044 1600 2065 nt
1616 2042 1789 2065 conventum
1806 2035 2070 2062 &Vestimonasterii
2088 2034 2268 2060 Londonien·

1262 2091 1303 2117 sis
1319 2091 1353 2116 de
1365 2094 1460 2116 cetero
1478 2097 1532 2114 non
1551 2088 1692 2114 molestet.
1706 2086 1839 2112 Notificat
1855 2094 1886 2111 se
1905 2085 2054 2118 injungere
2066 2083 2216 2109 abbatibus
2232 2082 2266 2108 de

1259 2139 1401 2166 Evesham
1420 2142 1447 2163 et
1463 2138 1497 2163 de
1515 2136 1706 2169 Malniesbury
1728 2134 1926 2160 executionem
1951 2132 2109 2166 praesentis
2130 2131 2265 2156 mandati.

1261 2189 1345 2222 (Rau.
1363 2187 1407 2218 ⁶24,
1424 2195 1449 2213 c.
1468 2186 1542 2214 382².
1561 2186 1578 2210 f.
1596 2186 1650 2215 50.)

1302 2303 1314 2315 u
1336 2312 1367 2323 ..‚
1387 2290 1519 2326 episcopo
1544 2286 1756 2315 Londoniensi.
1775 2283 1859 2313 Olim
1884 2282 1935 2320 pie
1958 2280 2115 2311 memorie
2136 2281 2159 2309 1.
2184 2288 2266 2317 papa

1260 2341 1473 2381 predecessor
1490 2342 1601 2368 noster
1617 2337 1678 2367 tibi
1699 2336 1760 2365 sub
1781 2339 1869 2365 certa
1890 2334 1992 2363 forma
2015 2333 2085 2363 suis
2108 2332 2193 2361 dedit
2212 2331 2266 2360 lit-

1258 2395 1339 2425 teris
1361 2394 1395 2422 iu
1420 2391 1592 2431 preceptis,
1614 2394 1649 2419 ut
1675 2393 1797 2419 statuta
1813 2397 1869 2426 910
1887 2386 2119 2416 reformatione
2140 2384 2266 2413 ordinis

1259 2447 1366 2477 sancti
1386 2444 1555 2475 Benedicti
1578 2454 1596 2473 a
1614 2442 1722 2473 felicis
1740 2439 1976 2471 recordationis
1993 2440 2031 2469 G.
2053 2448 2133 2476 papa
2151 2437 2266 2475 prede-

1259 2508 1388 2531 cessore
1406 2502 1517 2527 nostro
1534 2497 1637 2526 edicta
1655 2496 1779 2525 faceres
1792 2494 1831 2523 ab
1843 2492 2008 2522 universis
2022 2490 2170 2529 personis
2183 2490 2265 2527 rjus-

1259 2554 1330 2583 dcin
1357 2551 1483 2580 ordinis
1507 2555 1560 2580 tue
1584 2548 1725 2578 diocesis
1748 2550 1858 2575 exacta
1883 2544 2056 2581 diligentia
2081 2541 2264 2572 observari,

1259 2614 1398 2645 quarum
1423 2603 1609 2632 litterarum
1637 2599 1831 2630 auctoritate
1861 2606 1959 2635 super
1991 2596 2051 2625 boc
2079 2598 2265 2632 prereptum

1259 2656 1476 2696 apostolicum
1492 2662 1657 2692 exequens
1669 2652 1856 2687 diligenter,
1871 2650 1904 2678 in
1919 2647 2155 2678 monasterium
2173 2646 2264 2674 KVc-s-

1259 2708 1481 2741 timnnasterii
1512 2704 1768 2739 Londoniensis,
1802 2703 1841 2732 ad
1872 2704 2052 2732 Romanam
2086 2698 2263 2728 Ecclesiam

1260 2762 1449 2793 inunediate
1462 2763 1624 2798 spectans,
1644 2757 1790 2797 ejusdem
1805 2755 1930 2785 ordinis
1945 2758 1979 2782 ut
1991 2753 2120 2785 11101101,
2136 2759 2265 2788 proces-

1261 2817 1346 2847 sisti.
1362 2815 1446 2851 Quia
1464 2822 1539 2843 vero
1553 2811 1664 2841 dilecti
1679 2810 1738 2839 lilii
1803 2808 1903 2838 abbas
1917 2812 1945 2835 et
1964 2808 2143 2835 conventus
2161 2802 2265 2840 ipsius

1262 2867 1458 2899 monasterii
1475 2864 1652 2904 superbiis
1671 2863 1710 2893 ad
1727 2861 1903 2900 apostolice
1921 2859 2014 2889 Sedis
2028 2855 2266 2895 p1·0vid‹·nti;un

2117 2921 2142 2944 125
