2498 3325
260 255 316 285 316
986 254 1225 285 REGISTRES
1247 253 1554 285 D’ALEXANDRE
1577 257 1632 286 IV.

335 321 353 348 1
362 321 450 349 045

296 383 408 415 Angelo
425 381 544 408 Bizantii
560 381 594 407 de
617 381 721 408 Barulo
742 381 955 416 heredibusque
980 383 1044 416 ejus
1066 382 1093 408 in
1116 382 1267 408 devotione

824 320 925 346 Latran
936 342 942 354 ‚
959 321 973 346 7
987 321 1101 354 Janvier
1119 320 1195 346 1256.

260 431 405 458 Ecclesiae
429 431 650 466 persistentibus
662 453 668 465 ,
692 431 746 457 sub
768 430 873 457 debitis
889 435 916 457 et
932 430 1081 457 consuetis
1096 430 1223 457 servitiis
1239 431 1266 456 in

258 481 374 508 seudum
391 480 522 506 concedit
539 480 632 506 casale
648 480 723 514 quod
740 479 846 506 dicitur
861 479 1023 511 Casalorda,
1041 480 1129 506 situm
1142 480 1168 506 in
1182 479 1268 514 Capi-

258 533 369 561 tanata,
387 537 451 555 cum
473 528 608 554 omnibus
625 528 804 563 hominibus,
817 529 943 562 juribus,
962 529 1119 555 bonoribus
1135 532 1162 555 et
1179 529 1267 563 perti-

259 577 572 608 nentiis.(1{ao.‘.’4,f.
593 578 651 608 120,
667 586 734 604 ann.
750 577 788 611 ΙΙ,
805 585 830 604 0.
849 578 902 607 36.)

300 705 312 719 α
331 694 442 730 sin-(selo
463 694 601 721 Rz'zonlii'
623 692 656 721 de
676 693 805 727 Barulo,
828 692 912 729 fideli
933 697 1046 721 nostro.
1071 692 1156 728 Quia
1179 692 1267 722 inter

258 745 392 775 devotos
408 762 456 773 -.
477 746 549 774 Dat.
567 744 739 779 Laterani,
756 745 820 774 VII
838 744 913 774 idus
926 744 1092 783 januarii,
1111 753 1197 775 anno
1214 753 1266 775 se-

259 798 377 828 cundo.
398 810 410 823 n

331 1008 450 1037 ¹046
826 1009 939 1043 Lati-au,
957 1010 971 1036 7
985 1010 1099 1044 janvier
1116 1009 1193 1037 1256.

294 1069 388 1096 Nobili
406 1070 465 1096 viro
480 1069 607 1096 Jordano
626 1074 691 1097 nato
710 1070 795 1097 Fusci
812 1070 983 1105 Muscetula,
995 1070 1049 1097 civi
1070 1070 1265 1106 Brundusino,

257 1117 332 1144 fideli
349 1126 402 1144 suo
414 1139 420 1149 ,
436 1122 465 1144 et
481 1118 611 1152 magistri
631 1117 750 1144 Jordani
772 1119 941 1145 subdiaconi
965 1122 993 1145 et
1016 1119 1117 1146 notarii
1133 1120 1268 1146 501000-

258 1166 429 1200 sanguineo,
442 1167 564 1200 ejusque
581 1166 747 1199 heredibus,
761 1167 787 1192 in
802 1166 917 1193 feudum
933 1167 1066 1193 concedit
1081 1168 1174 1194 casale
1191 1168 1268 1202 quod

256 1214 363 1240 dicitur
374 1214 502 1240 Soletum
514 1215 601 1241 situm
614 1215 641 1240 in
655 1219 728 1241 terra
739 1215 864 1241 Soronti.
881 1215 962 1247 (Rea.
974 1215 1018 1246 94,
1032 1215 1050 1241 f.
1066 1215 1137 1247 1²29&
1150 1224 1216 1243 ann.
1229 1216 1265 1248 11,

256 1271 280 1290 c.
300 1264 355 1297 37.)

298 1390 311 1404 «
329 1378 428 1407 Nobili
446 1379 511 1407 viro
526 1378 660 1407 ,lordono
676 1382 748 1406 nato
766 1378 856 1407 Fusci
874 1379 1056 1414 Masi-ecula,
1082 1380 1144 1408 ciui
1163 1380 1266 1408 Brun-

256 1431 384 1466 dusino,
416 1431 500 1467 fideli
526 1436 639 1460 nostro.
670 1430 756 1467 Quia
780 1430 868 1460 inter
895 1431 1028 1461 devotos
1055 1449 1104 1460 -.
1133 1433 1205 1461 Dat.
1231 1436 1267 1462 ut

256 1491 368 1521 supra.
389 1495 401 1509 ι)

332 1689 446 1717 104¹?
823 1688 941 1722 Lati-an,
958 1689 973 1715 8
986 1689 1100 1723 janvier
1118 1689 1195 1717 1256.

291 1749 416 1781 Inhibet,
435 1758 468 1775 nc
482 1750 548 1784 quis
559 1754 657 1776 contra
670 1750 818 1785 privilegia
831 1750 995 1777 monasterii
1008 1751 1042 1777 de
1055 1750 1179 1785 WVatria,
1192 1751 1269 1777 Ebo-

256 1799 385 1825 racensis
401 1798 541 1831 diocesis,
559 1798 593 1824 (10
610 1799 784 1825 animalibus
801 1799 983 1825 inconductis
998 1808 1050 1826 seu
1067 1799 1101 1825 (10
1123 1800 1266 1826 novalium

256 1847 399 1872 fructibus
419 1846 545 1872 decimas
568 1847 684 1880 exigere
705 1846 817 1873 audeat.
840 1847 924 1879 (Rea.
942 1847 989 1882 ⁶24,
1012 1847 1029 1874 f.
1051 1848 1120 1878 stov,
1138 1856 1205 1876 ann.
1223 1848 1265 1880 ΙΙ,

256 1902 282 1921 0.
301 1894 355 1928 38.)

299 2021 311 2035 «
382 2009 495 2046 priori,
514 2014 539 2038 et
560 2010 724 2038 conventui
740 2011 921 2039 monasterii
938 2011 971 2039 de
995 2012 1126 2046 Hatria,
1147 2012 1267 2041 ordinis

255 2063 355 2091 sancti
372 2063 554 2099 Aussustini,
576 2063 771 2092 Eboracensis
794 2063 928 2092 diocesis.
952 2063 1138 2101 Religionis
1158 2069 1266 2095 vestre

256 2118 402 2143 meretur
420 2114 594 2149 honestas,
617 2118 652 2144 ut
670 2115 754 2145 votis
771 2116 906 2151 vestris,
930 2120 1091 2154 quantum
1107 2126 1182 2147 cum
1198 2118 1266 2148 Deo

256 2175 443 2204 possumus,
461 2167 690 2197 favorabiliter
703 2176 903 2198 annuamus.
917 2169 1003 2199 I-Iinc
1017 2170 1177 2209 estquod,
1192 2179 1266 2200 cum

256 2228 314 2257 per
328 2219 503 2257 privilegia
516 2220 610 2249 Sedis
623 2220 801 2258 apostolice
814 2230 832 2250 a
845 2222 1048 2259 prestatione
1062 2222 1267 2259 decimarum

256 2271 425 2301 novalium
442 2280 505 2310 que
526 2273 668 2310 propriis
688 2273 844 2303 manibus
867 2278 923 2303 aut
947 2275 1135 2313 sumptibus
1157 2275 1266 2306 colitis

257 2328 288 2354 et
315 2324 530 2354 nutrimentis
554 2328 740 2355 vestrorum
762 2326 959 2356 animalium
987 2327 1062 2357 sitis
1086 2328 1264 2364 immunes,

257 2376 411 2407 nonnulli
435 2381 579 2407 rectores
606 2377 823 2408 ecclesiarum
849 2383 880 2409 et
904 2380 1062 2411 officiales
1085 2389 1199 2411 eorum
1226 2382 1267 2412 ad

257 2429 454 2459 alterutrum
475 2429 680 2460 intellectum
697 2431 822 2461 eisdem
838 2432 1023 2471 privilegiis
1039 2433 1264 2472 imponentes,

257 2491 276 2512 a
298 2482 391 2512 vobis
407 2482 446 2511 (10
462 2482 539 2511 lana
557 2486 587 2512 et
603 2482 687 2513 lacte
709 2484 906 2514 animalium
925 2489 1125 2522 vestrorum,
1152 2496 1209 2525 pro
1229 2497 1266 2518 eo

257 2535 344 2573 quod
359 2535 393 2564 in
410 2535 557 2573 ipsorum
571 2536 756 2573 parrochiis
768 2537 808 2566 ad
819 2537 890 2575 ipsa
903 2539 1068 2576 pascenda
1080 2540 1265 2570 conducitis

255 2596 389 2626 pascua,
409 2587 553 2617 decimas
566 2588 701 2625 exigunt
718 2593 749 2619 et
765 2593 970 2628 extorquent,
987 2596 1101 2621 contra
1118 2597 1266 2623 tenorem

256 2639 405 2677 ipsorum
428 2640 680 2678 privilegiorum
701 2645 824 2672 temere
845 2643 1019 2673 veniendo.
1042 2645 1150 2681 Quare
1168 2647 1265 2677 nobis

256 2692 430 2722 humiliter
453 2693 676 2731 supplicastis,
702 2699 738 2724 ut
761 2704 860 2733 super
884 2696 945 2726 hoc
972 2697 1150 2729 subvenire
1171 2700 1264 2731 vobis

255 2749 393 2783 paterna
411 2745 636 2776 sollicitudine
654 2756 858 2777 curaremus.
882 2749 951 2779 Nos
971 2749 1084 2787 igitur,
1103 2751 1143 2780 ad
1159 2751 1265 2782 instar

256 2797 364 2827 felicis
382 2798 620 2828 recordationis
638 2800 663 2828 I.
680 2808 762 2838 pape
778 2800 1022 2838 predecessoris
1045 2804 1168 2839 nostri,
1190 2814 1265 2835 ves-

256 2851 316 2880 tris
330 2851 430 2890 justis
447 2851 746 2889 supplicationibus
765 2858 968 2889 annuentes,
994 2864 1033 2885 ne
1057 2857 1132 2895 quis
1151 2862 1265 2889 contra

257 2904 371 2933 eadem
392 2903 568 2942 privilegia
587 2904 778 2944 hujusmodi
802 2907 1064 2944 superinducens
1088 2918 1265 2941 erroneum

1351 319 1556 350 intellectum
1573 322 1611 351 de
1626 322 1783 360 predictis
1806 323 2007 354 animalibus
2024 324 2232 355 inconductis
2249 326 2360 355 50010

1351 372 1426 402 aliis
1449 373 1715 413 quibuscumque
1740 376 1885 414 pasturis
1910 377 2124 414 pascentibus
2148 388 2166 406 a
2192 377 2284 408 vobis
2307 377 2360 408 vel

1350 433 1462 453 eorum
1481 426 1673 455 custodibus
1689 436 1748 456 seu
1764 427 1802 457 (10
1816 428 2038 466 predictorum
2057 429 2225 459 novalium
2241 430 2360 459 fructi-

1351 476 1411 505 bus
1428 477 1573 507 decimas
1590 479 1721 516 exigere
1738 479 1788 510 vel
1810 481 2040 519 quoquomodo
2056 481 2094 511 (10
2115 486 2223 512 cetero
2240 482 2360 512 audeat

1351 533 1560 568 extorquere,
1590 532 1785 562 auctoritate
1810 533 2013 571 presentium
2038 533 2241 563 inhibemus.
2265 533 2359 564 Nulli

1351 588 1412 612 etc.
1431 589 1541 614 nostre
1562 584 1775 616 inhibitionis
1791 590 1853 616 etc.
1871 587 1944 615 Dat.
1964 587 2135 620 Laterani,
2153 587 2198 617 Vi
2218 587 2292 616 idus
2306 587 2360 626 ja-

1351 636 1477 670 nuarii,
1498 645 1585 666 anno
1601 637 1756 667 secundo.
1777 650 1789 664 »

1426 829 1542 858 1048
1862 829 1974 861 Lati-an,
1991 830 2021 857 91
2039 830 2192 857 decembre
2210 824 2286 858 1255.

1386 890 1582 926 Insrascriptis
1600 891 1713 918 mandat
1728 892 1865 926 quatinus
1886 892 2031 926 inquirant
2046 891 2080 918 de
2096 892 2236 918 electione
2251 891 2360 919 Johan-

1351 941 1396 966 nis
1411 940 1446 966 (10
1463 939 1588 966 Roberto
1605 939 1639 965 (10
1656 939 1713 966 Itro
1730 940 1890 975 presbyteri
1914 940 1939 966 in
1959 941 2051 974 priore
2067 948 2091 967 s.
2110 940 2214 967 Mariae
2228 939 2361 974 ejusdem

1351 988 1415 1018 loci,
1434 988 1589 1015 Gaietanae
1605 988 1744 1019 diocesis,
1764 992 1793 1014 et
1813 996 1874 1014 eam
1891 988 2071 1021 confirment,
2089 988 2113 1014 si
2129 989 2267 1016 canonice
2280 988 2361 1016 cele-

1351 1036 1431 1063 brata
1449 1037 1543 1063 suerit.
1564 1036 1645 1069 (Rau.
1661 1036 1707 1070 ζ24,
1723 1036 1741 1063 s.
1762 1036 1832 1066 1-29'.
1850 1045 1917 1064 ann.
1932 1036 1974 1067 ΙΙ,
1992 1044 2018 1063 c.
2037 1037 2092 1070 39.)

1392 1157 1405 1171 «
1424 1146 1513 1174 Leoni
1529 1145 1798 1182 archipresbytero,
1815 1145 1963 1182 massistro
1978 1145 2107 1174 (ἴέναι-(10
2121 1150 2145 1174 ei
2160 1146 2292 1180 Marino,
2307 1153 2362 1176 ca·

1349 1199 1471 1226 vorticis
1488 1198 1653 1226 Gaiecatzis.
1677 1197 1835 1234 Exposuit
1856 1197 1951 1226 nobis
1971 1197 2143 1227 Johannes
2160 1197 2198 1228 de
2215 1197 2361 1228 Roberto

1349 1250 1388 1280 (10
1404 1251 1471 1280 Itro
1489 1250 1673 1288 presbyter,
1693 1250 1853 1280 Gaietane
1870 1250 2023 1285 diocesis,
2039 1250 2141 1288 quod,
2160 1250 2237 1281 licet
2254 1250 2326 1289 ipse
2342 1259 2362 1281 a

1349 1302 1481 1332 clericis
1510 1302 1718 1332 secularibus
1747 1301 1886 1332 ecclesie
1916 1306 2029 1332 sancte
2055 1303 2159 1333 Marie
2171 1326 2178 1339 ,
2212 1303 2362 1342 ejusdem

1348 1354 1428 1390 1001,
1448 1360 1525 1385 tunc
1542 1355 1707 1390 vacantis,
1730 1354 1854 1384 electus
1871 1354 1978 1384 fuerat
1995 1355 2152 1385 canonice
2171 1364 2207 1385 ac
2224 1364 2362 1386 concor-

1348 1408 1434 1438 diter
1449 1408 1484 1437 in
1500 1408 1661 1446 priorem,
1679 1411 1930 1446 persecutorum
1946 1411 2056 1437 tamen
2073 1407 2219 1438 Ecclesie
2235 1417 2273 1438 ac
2287 1417 2360 1438 ma-

1347 1461 1422 1491 litia
1446 1460 1602 1498 temporis
1623 1460 1778 1495 faciente,
1799 1460 1906 1498 ipsius
1924 1460 2090 1498 prioratus
2113 1461 2360 1499 possessionem

1348 1523 1414 1544 non
1430 1514 1537 1552 potuit
1550 1513 1702 1552 adipisci.
1719 1514 1828 1550 Quare
1847 1513 1942 1543 nobis
1958 1513 2132 1543 humiliter
2148 1513 2359 1552 supplicavit,

1347 1571 1384 1597 ut
1399 1567 1572 1606 providere
1589 1566 1653 1596 sibi
1676 1575 1775 1604 super
1792 1565 1853 1596 hoc
1873 1566 1911 1596 de
1927 1566 2134 1604 benignitate
2151 1566 2246 1597 Sedis
2263 1575 2360 1606 apos-

1349 1620 1446 1650 tolice
1472 1620 1697 1658 dignaremur.
1720 1619 1805 1656 Quia
1831 1628 1908 1649 vero
1934 1619 2030 1650 nobis
2056 1628 2121 1649 non
2149 1620 2298 1650 constitit
2319 1619 2360 1651 (10

1347 1672 1539 1711 premissis,
1565 1672 1759 1702 discretioni
1781 1676 1907 1707 vestre,
1933 1681 2007 1701 cum
2032 1671 2173 1702 ecclesia
2197 1672 2361 1703 Gaietana

1348 1730 1441 1756 vacet
1458 1726 1497 1756 ad
1511 1735 1659 1764 presens,
1677 1734 1735 1764 per
1748 1725 1928 1764 apostolica
1940 1725 2063 1764 scripta
2073 1725 2270 1756 mandamus
2281 1735 2360 1765 qua-

1348 1781 1449 1817 tinus,
1468 1781 1632 1820 inquisita
1648 1781 1686 1811 de
1707 1781 1803 1810 modo
1825 1780 1998 1811 electionis
2017 1780 2196 1811 electorum
2213 1784 2243 1811 et
2262 1780 2360 1812 electi

1347 1834 1477 1864 meritis
1496 1834 1691 1871 diligentius
1707 1834 1862 1868 veritate,
1881 1834 1910 1863 si
1924 1843 1996 1864 eam
2013 1834 2210 1864 inveneritis
2227 1834 2266 1864 de
2284 1843 2361 1872 per-

1348 1896 1430 1917 sona
1458 1887 1577 1917 idonea
1608 1886 1766 1916 canonice
1798 1886 2013 1921 celebratam,
2038 1887 2143 1925 ipsam
2163 1886 2361 1918 electionem

1348 1939 1578 1972 admittentes,
1596 1939 1728 1969 faciatis
1745 1939 1851 1969 eidem
1867 1940 1897 1969 J.
1916 1948 1934 1968 a
1953 1939 2023 1968 suis
2042 1939 2186 1969 subditis
2201 1939 2362 1970 obedien-

1349 1993 1429 2022 tiam
1446 1996 1477 2022 et
1494 1992 1714 2022 reverentiam
1733 1991 1877 2021 debitam
1899 1991 2066 2027 exhiberi,
2091 1992 2287 2022 inducentes
2308 1992 2362 2031 ip-

1349 2053 1423 2074 sum
1443 2044 1478 2073 in
1499 2044 1605 2082 ipsius
1628 2044 1794 2082 prioratus
1819 2043 2066 2081 possessionem
2091 2048 2121 2074 ot
2144 2044 2361 2075 defendentes

1349 2097 1533 2132 inductum,
1550 2100 1658 2126 amoto
1671 2096 1711 2126 ab
1726 2105 1763 2126 eo
1777 2095 1923 2134 quolibet
1940 2095 2058 2125 illicito
2074 2096 2256 2126 detentore.
2273 2096 2362 2128 Con-

1349 2150 1544 2179 tradictores
1558 2153 1619 2179 etc.
1633 2148 1793 2187 alioquin,
1811 2148 1971 2178 electione
1988 2148 2060 2186 ipsa
2076 2149 2138 2178 rite
2155 2153 2284 2179 cassata
2297 2152 2360 2179 etc.

1348 2202 1443 2239 Quod
1467 2202 1495 2232 si
1517 2210 1582 2231 000
1604 2210 1718 2231 omnes
1741 2205 1802 2231 etc.
1824 2202 1898 2230 Dat.
1922 2201 2089 2237 Laterani,
2112 2202 2178 2232 XII
2200 2201 2362 2232 kalendas

1345 2254 1505 2295 januarii,
1525 2263 1612 2284 anno
1629 2254 1785 2284 secundo.
1806 2266 1818 2280 »

1423 2447 1441 2473 1
1449 2446 1536 2475 049

1384 2508 1511 2534 Fratrem
1527 2507 1675 2538 Tbomam,
1693 2507 1758 2533 olim
1777 2508 1913 2541 majorem
1930 2507 2052 2541 priorem
2070 2507 2235 2534 monasterii
2251 2507 2360 2535 Caven-

1347 2557 1403 2590 sis,
1420 2557 1454 2583 ad
1472 2556 1631 2583 Romanam
1648 2555 1806 2582 Ecclesiam
1828 2556 1992 2582 immediate
2008 2557 2181 2590 spectantis,
2203 2556 2359 2584 Salernita-

1348 2614 1400 2632 nae
1415 2605 1548 2635 diocesis,
1567 2613 1582 2630 a
1598 2609 1742 2631 conventu
1758 2609 1852 2631 autem
1866 2604 1997 2639 ejusdem
2016 2605 2181 2631 monasterii
2200 2608 2265 2640 post.
2280 2614 2359 2632 mor-

1347 2658 1404 2681 tem
1421 2654 1453 2681 L.
1469 2653 1580 2680 abbatis
1595 2654 1621 2679 in
1638 2654 1769 2680 abbatem
1782 2654 1904 2680 electum
1918 2657 1946 2679 et
1959 2653 1993 2679 ab
2005 2652 2196 2687 Olctaviano]‚
2210 2654 2240 2680 S.
2251 2653 2358 2681 Mariae

1347 2703 1375 2729 in
1394 2702 1448 2729 Via
1464 2702 1531 2728 Lata
1547 2702 1666 2729 diacono
1683 2702 1840 2732 cardinale,
1857 2702 2032 2736 apostolicae
2055 2702 2140 2729 Sedis
2161 2702 2269 2736 legato,
2285 2710 2359 2730 cou-

1346 2751 1500 2782 firmatum,
1516 2751 1676 2777 confirmat.
1696 2750 1778 2782 (ltro.
1794 2750 1839 2784 Ἡ,
1858 2750 1876 2776 f.
1897 2750 1968 2785 129ss
1985 2759 2051 2777 ann.
2070 2750 2106 2783 lt,
2124 2759 2149 2777 c.
2167 2751 2223 2784 40.)

1902 2445 2013 2476 Lati-an,
2035 2446 2065 2472 10
2078 2445 2190 2480 janvier
2209 2445 2286 2473 1255.

1389 2872 1401 2886 α
1422 2860 1527 2889 Fratri
1551 2860 1669 2893 Tlionie,
1694 2859 1795 2888 abbati
1817 2859 1996 2887 monasterii
2014 2859 2166 2893 Curensis,
2186 2859 2226 2888 ad
2247 2860 2357 2889 [lorna-

1346 2921 1419 2942 nam
1437 2913 1598 2941 Ecclesium
1622 2912 1795 2940 immediate
1810 2912 1988 2949 spectantis,
2006 2911 2202 2940 Salernitana
2219 2911 2356 2941 diocesis.

2461 3066 2498 3325 'vem-,nsum
2476 3035 2479 3041 ·
