<?xml version="1.0" encoding="UTF-8"?>
<!DOCTYPE html PUBLIC "-//W3C//DTD XHTML 1.0 Transitional//EN"
    "http://www.w3.org/TR/xhtml1/DTD/xhtml1-transitional.dtd">
<html xmlns="http://www.w3.org/1999/xhtml" xml:lang="en" lang="en">
 <head>
  <title>
</title>
<meta http-equiv="Content-Type" content="text/html;charset=utf-8" />
  <meta name='ocr-system' content='tesseract 3.04.00' />
  <meta name='ocr-capabilities' content='ocr_page ocr_carea ocr_par ocr_line ocrx_word'/>
</head>
<body>
  <div class='ocr_page' id='page_1' title='image "./lesregistresdale01cathuoft_0425.png"; bbox 0 0 2498 3325; ppageno 0'>
   <div class='ocr_carea' id='block_1_1' title="bbox 0 1467 7 1668">
    <p class='ocr_par' dir='ltr' id='par_1_1' title="bbox 0 1467 7 1668">
     <span class='ocr_line' id='line_1_1' title="bbox 0 1467 7 1668; textangle 90"><span class='ocrx_word' id='word_1_1' title='bbox 0 1586 7 1668; x_wconf 42' lang='grc' dir='ltr'>-ηῂ</span> <span class='ocrx_word' id='word_1_2' title='bbox 0 1545 7 1574; x_wconf 70' lang='lat' dir='ltr'>vv</span> <span class='ocrx_word' id='word_1_3' title='bbox 0 1467 6 1530; x_wconf 41' lang='lat' dir='ltr'>W*-</span> 
     </span>
    </p>
   </div>
   <div class='ocr_carea' id='block_1_2' title="bbox 153 1039 170 1477">
    <p class='ocr_par' dir='ltr' id='par_1_2' title="bbox 153 1039 170 1477">
     <span class='ocr_line' id='line_1_2' title="bbox 153 1039 170 1477; textangle 90"><span class='ocrx_word' id='word_1_4' title='bbox 156 1462 170 1477; x_wconf 69' lang='grc'>5</span> <span class='ocrx_word' id='word_1_5' title='bbox 155 1409 170 1424; x_wconf 58' lang='grc' dir='ltr'>ὃ</span> <span class='ocrx_word' id='word_1_6' title='bbox 155 1357 170 1372; x_wconf 62' lang='grc'><strong>5</strong></span> <span class='ocrx_word' id='word_1_7' title='bbox 154 1304 170 1319; x_wconf 63' lang='grc'>5</span> <span class='ocrx_word' id='word_1_8' title='bbox 153 1250 170 1266; x_wconf 68' lang='grc' dir='ltr'>ἕ</span> <span class='ocrx_word' id='word_1_9' title='bbox 153 1197 168 1213; x_wconf 54' lang='grc' dir='ltr'><strong>Β</strong></span> <span class='ocrx_word' id='word_1_10' title='bbox 153 1145 168 1160; x_wconf 63' lang='lat'>³3</span> <span class='ocrx_word' id='word_1_11' title='bbox 154 1092 168 1107; x_wconf 60' lang='lat' dir='ltr'>S</span> <span class='ocrx_word' id='word_1_12' title='bbox 154 1039 169 1054; x_wconf 59' lang='lat'><strong>5</strong></span> 
     </span>
    </p>
   </div>
   <div class='ocr_carea' id='block_1_3' title="bbox 0 1669 17 1981">
    <p class='ocr_par' dir='ltr' id='par_1_3' title="bbox 0 1669 17 1981">
     <span class='ocr_line' id='line_1_3' title="bbox 0 1669 17 1981; textangle 90"><span class='ocrx_word' id='word_1_13' title='bbox 0 1974 10 1981; x_wconf 67' lang='grc'>1</span> <span class='ocrx_word' id='word_1_14' title='bbox 5 1938 12 1944; x_wconf 79' lang='grc'><strong>.</strong></span> <span class='ocrx_word' id='word_1_15' title='bbox 0 1887 17 1918; x_wconf 60' lang='lat' dir='ltr'>:a</span> <span class='ocrx_word' id='word_1_16' title='bbox 0 1691 17 1874; x_wconf 40' lang='grc' dir='ltr'>σιωπᾷς-νυ</span> <span class='ocrx_word' id='word_1_17' title='bbox 0 1669 5 1678; x_wconf 89' lang='grc'><strong>-</strong></span> 
     </span>
    </p>
   </div>
   <div class='ocr_carea' id='block_1_4' title="bbox 152 354 167 368">
    <p class='ocr_par' dir='ltr' id='par_1_4' title="bbox 152 354 167 368">
     <span class='ocr_line' id='line_1_4' title="bbox 152 354 167 368; baseline 0 0"><span class='ocrx_word' id='word_1_18' title='bbox 152 354 167 368; x_wconf 73' lang='lat'>5)</span> 
     </span>
    </p>
   </div>
   <div class='ocr_carea' id='block_1_5' title="bbox 152 406 166 421">
    <p class='ocr_par' dir='ltr' id='par_1_5' title="bbox 152 406 166 421">
     <span class='ocr_line' id='line_1_5' title="bbox 152 406 166 421; baseline -0.071 0"><span class='ocrx_word' id='word_1_19' title='bbox 152 406 166 421; x_wconf 74' lang='grc' dir='ltr'>)ἱ</span> 
     </span>
    </p>
   </div>
   <div class='ocr_carea' id='block_1_6' title="bbox 151 459 166 474">
    <p class='ocr_par' dir='ltr' id='par_1_6' title="bbox 151 459 166 474">
     <span class='ocr_line' id='line_1_6' title="bbox 151 459 166 474; baseline 0 0"><span class='ocrx_word' id='word_1_20' title='bbox 151 459 166 474; x_wconf 68' lang='grc'>1)</span> 
     </span>
    </p>
   </div>
   <div class='ocr_carea' id='block_1_7' title="bbox 153 512 167 527">
    <p class='ocr_par' dir='ltr' id='par_1_7' title="bbox 153 512 167 527">
     <span class='ocr_line' id='line_1_7' title="bbox 153 512 167 527; baseline 0 0"><span class='ocrx_word' id='word_1_21' title='bbox 153 512 167 527; x_wconf 69' lang='lat'>2)</span> 
     </span>
    </p>
   </div>
   <div class='ocr_carea' id='block_1_8' title="bbox 152 564 168 579">
    <p class='ocr_par' dir='ltr' id='par_1_8' title="bbox 152 564 168 579">
     <span class='ocr_line' id='line_1_8' title="bbox 152 564 168 579; baseline 0 0"><span class='ocrx_word' id='word_1_22' title='bbox 152 564 168 579; x_wconf 78' lang='lat'>⁷)</span> 
     </span>
    </p>
   </div>
   <div class='ocr_carea' id='block_1_9' title="bbox 152 616 167 632">
    <p class='ocr_par' dir='ltr' id='par_1_9' title="bbox 152 616 167 632">
     <span class='ocr_line' id='line_1_9' title="bbox 152 616 167 632; baseline 0 0"><span class='ocrx_word' id='word_1_23' title='bbox 152 616 167 632; x_wconf 63' lang='lat' dir='ltr'>D</span> 
     </span>
    </p>
   </div>
   <div class='ocr_carea' id='block_1_10' title="bbox 151 669 167 684">
    <p class='ocr_par' dir='ltr' id='par_1_10' title="bbox 151 669 167 684">
     <span class='ocr_line' id='line_1_10' title="bbox 151 669 167 684; baseline 0 0"><span class='ocrx_word' id='word_1_24' title='bbox 151 669 167 684; x_wconf 66' lang='lat' dir='ltr'>D</span> 
     </span>
    </p>
   </div>
   <div class='ocr_carea' id='block_1_11' title="bbox 151 722 168 737">
    <p class='ocr_par' dir='ltr' id='par_1_11' title="bbox 151 722 168 737">
     <span class='ocr_line' id='line_1_11' title="bbox 151 722 168 737; baseline 0 0"><span class='ocrx_word' id='word_1_25' title='bbox 151 722 168 737; x_wconf 77' lang='grc' dir='ltr'>Ἰ)</span> 
     </span>
    </p>
   </div>
   <div class='ocr_carea' id='block_1_12' title="bbox 153 775 168 790">
    <p class='ocr_par' dir='ltr' id='par_1_12' title="bbox 153 775 168 790">
     <span class='ocr_line' id='line_1_12' title="bbox 153 775 168 790; baseline 0 0"><span class='ocrx_word' id='word_1_26' title='bbox 153 775 168 790; x_wconf 85' lang='grc'>))</span> 
     </span>
    </p>
   </div>
   <div class='ocr_carea' id='block_1_13' title="bbox 154 828 168 843">
    <p class='ocr_par' dir='ltr' id='par_1_13' title="bbox 154 828 168 843">
     <span class='ocr_line' id='line_1_13' title="bbox 154 828 168 843; baseline 0 0"><span class='ocrx_word' id='word_1_27' title='bbox 154 828 168 843; x_wconf 70' lang='lat'>³)</span> 
     </span>
    </p>
   </div>
   <div class='ocr_carea' id='block_1_14' title="bbox 153 880 168 895">
    <p class='ocr_par' dir='ltr' id='par_1_14' title="bbox 153 880 168 895">
     <span class='ocr_line' id='line_1_14' title="bbox 153 880 168 895; baseline 0 0"><span class='ocrx_word' id='word_1_28' title='bbox 153 880 168 895; x_wconf 78' lang='lat'>)&gt;</span> 
     </span>
    </p>
   </div>
   <div class='ocr_carea' id='block_1_15' title="bbox 153 933 168 949">
    <p class='ocr_par' dir='ltr' id='par_1_15' title="bbox 153 933 168 949">
     <span class='ocr_line' id='line_1_15' title="bbox 153 933 168 949; baseline 0 0"><span class='ocrx_word' id='word_1_29' title='bbox 153 933 168 949; x_wconf 78' lang='lat'>⁷&gt;</span> 
     </span>
    </p>
   </div>
   <div class='ocr_carea' id='block_1_16' title="bbox 154 986 168 1001">
    <p class='ocr_par' dir='ltr' id='par_1_16' title="bbox 154 986 168 1001">
     <span class='ocr_line' id='line_1_16' title="bbox 154 986 168 1001; textangle 90"><span class='ocrx_word' id='word_1_30' title='bbox 154 986 168 1001; x_wconf 61' lang='grc' dir='ltr'><strong><em>Ε</em></strong></span> 
     </span>
    </p>
   </div>
   <div class='ocr_carea' id='block_1_17' title="bbox 155 1568 172 1742">
    <p class='ocr_par' dir='ltr' id='par_1_17' title="bbox 155 1568 172 1742">
     <span class='ocr_line' id='line_1_17' title="bbox 155 1568 172 1742; textangle 90"><span class='ocrx_word' id='word_1_31' title='bbox 157 1727 172 1742; x_wconf 57' lang='grc' dir='ltr'>ὅ</span> <span class='ocrx_word' id='word_1_32' title='bbox 156 1674 172 1689; x_wconf 54' lang='grc' dir='ltr'><strong><em>ε</em></strong></span> <span class='ocrx_word' id='word_1_33' title='bbox 156 1621 171 1636; x_wconf 60' lang='grc' dir='ltr'>ἕ</span> <span class='ocrx_word' id='word_1_34' title='bbox 155 1568 172 1584; x_wconf 62' lang='grc'><strong>8</strong></span> 
     </span>
    </p>
   </div>
   <div class='ocr_carea' id='block_1_18' title="bbox 156 1780 172 1796">
    <p class='ocr_par' dir='ltr' id='par_1_18' title="bbox 156 1780 172 1796">
     <span class='ocr_line' id='line_1_18' title="bbox 156 1780 172 1796; textangle 90"><span class='ocrx_word' id='word_1_35' title='bbox 156 1780 172 1796; x_wconf 58' lang='lat' dir='ltr'>S</span> 
     </span>
    </p>
   </div>
   <div class='ocr_carea' id='block_1_19' title="bbox 155 1832 174 2323">
    <p class='ocr_par' dir='ltr' id='par_1_19' title="bbox 155 1832 174 2323">
     <span class='ocr_line' id='line_1_19' title="bbox 155 1832 174 2323; textangle 90"><span class='ocrx_word' id='word_1_36' title='bbox 155 1832 174 2323; x_wconf 55' lang='grc' dir='ltr'>Βῦδθυὲθϋὲῧ</span> 
     </span>
    </p>
   </div>
   <div class='ocr_carea' id='block_1_20' title="bbox 159 2359 174 2374">
    <p class='ocr_par' dir='ltr' id='par_1_20' title="bbox 159 2359 174 2374">
     <span class='ocr_line' id='line_1_20' title="bbox 159 2359 174 2374; textangle 90"><span class='ocrx_word' id='word_1_37' title='bbox 159 2359 174 2374; x_wconf 58' lang='grc' dir='ltr'><strong>Β</strong></span> 
     </span>
    </p>
   </div>
   <div class='ocr_carea' id='block_1_21' title="bbox 158 2411 174 2427">
    <p class='ocr_par' dir='ltr' id='par_1_21' title="bbox 158 2411 174 2427">
     <span class='ocr_line' id='line_1_21' title="bbox 158 2411 174 2427; textangle 90"><span class='ocrx_word' id='word_1_38' title='bbox 158 2411 174 2427; x_wconf 59' lang='grc' dir='ltr'><strong><em>Ε</em></strong></span> 
     </span>
    </p>
   </div>
   <div class='ocr_carea' id='block_1_22' title="bbox 158 2517 178 2953">
    <p class='ocr_par' dir='ltr' id='par_1_22' title="bbox 158 2517 178 2953">
     <span class='ocr_line' id='line_1_22' title="bbox 158 2517 178 2953; textangle 90"><span class='ocrx_word' id='word_1_39' title='bbox 158 2517 178 2953; x_wconf 54' lang='grc'><strong>3855588153</strong></span> 
     </span>
    </p>
   </div>
   <div class='ocr_carea' id='block_1_23' title="bbox 991 261 2243 301">
    <p class='ocr_par' dir='ltr' id='par_1_23' title="bbox 991 261 2243 301">
     <span class='ocr_line' id='line_1_23' title="bbox 991 261 2243 301; baseline -0.003 -1"><span class='ocrx_word' id='word_1_40' title='bbox 991 262 1221 301; x_wconf 78' lang='lat' dir='ltr'>DEUXIEME</span> <span class='ocrx_word' id='word_1_41' title='bbox 1243 261 1403 299; x_wconf 76' lang='lat' dir='ltr'>ANNEE.</span> <span class='ocrx_word' id='word_1_42' title='bbox 2191 267 2243 296; x_wconf 75' lang='grc'>111</span> 
     </span>
    </p>
   </div>
   <div class='ocr_carea' id='block_1_24' title="bbox 190 337 1172 2964">
    <p class='ocr_par' dir='ltr' id='par_1_24' title="bbox 190 337 1163 1488">
     <span class='ocr_line' id='line_1_24' title="bbox 190 337 1156 379; baseline -0.005 -8"><span class='ocrx_word' id='word_1_43' title='bbox 190 342 272 372; x_wconf 90' lang='lat' dir='ltr'>locis</span> <span class='ocrx_word' id='word_1_44' title='bbox 289 350 346 379; x_wconf 77' lang='lat' dir='ltr'>per</span> <span class='ocrx_word' id='word_1_45' title='bbox 365 341 616 378; x_wconf 78' lang='lat' dir='ltr'>Egitaniensem</span> <span class='ocrx_word' id='word_1_46' title='bbox 636 339 676 369; x_wconf 87' lang='lat' dir='ltr'>ab</span> <span class='ocrx_word' id='word_1_47' title='bbox 693 339 832 369; x_wconf 81' lang='lat' dir='ltr'>ecclesia</span> <span class='ocrx_word' id='word_1_48' title='bbox 848 337 1083 369; x_wconf 85' lang='lat' dir='ltr'>Colimbriensi</span> <span class='ocrx_word' id='word_1_49' title='bbox 1101 345 1156 374; x_wconf 87' lang='lat' dir='ltr'>pe-</span> 
     </span>
     <span class='ocr_line' id='line_1_25' title="bbox 191 391 1156 430; baseline -0.003 -7"><span class='ocrx_word' id='word_1_50' title='bbox 191 394 262 424; x_wconf 89' lang='lat' dir='ltr'>titis</span> <span class='ocrx_word' id='word_1_51' title='bbox 279 393 366 428; x_wconf 84' lang='lat' dir='ltr'>aliis,</span> <span class='ocrx_word' id='word_1_52' title='bbox 383 393 510 422; x_wconf 89' lang='lat' dir='ltr'>scilieet</span> <span class='ocrx_word' id='word_1_53' title='bbox 526 392 649 422; x_wconf 86' lang='lat' dir='ltr'>abillis</span> <span class='ocrx_word' id='word_1_54' title='bbox 666 401 728 430; x_wconf 84' lang='lat' dir='ltr'>que</span> <span class='ocrx_word' id='word_1_55' title='bbox 746 396 838 422; x_wconf 86' lang='lat' dir='ltr'>erant</span> <span class='ocrx_word' id='word_1_56' title='bbox 855 391 888 420; x_wconf 94' lang='lat' dir='ltr'>in</span> <span class='ocrx_word' id='word_1_57' title='bbox 905 391 986 420; x_wconf 88' lang='lat' dir='ltr'>loeis</span> <span class='ocrx_word' id='word_1_58' title='bbox 1003 391 1156 429; x_wconf 84' lang='lat' dir='ltr'>superius</span> 
     </span>
     <span class='ocr_line' id='line_1_26' title="bbox 191 445 1156 485; baseline -0.004 -8"><span class='ocrx_word' id='word_1_59' title='bbox 191 446 419 485; x_wconf 69' lang='lat' dir='ltr'>sequestratis,</span> <span class='ocrx_word' id='word_1_60' title='bbox 442 455 524 484; x_wconf 80' lang='lat' dir='ltr'>quas</span> <span class='ocrx_word' id='word_1_61' title='bbox 541 445 654 476; x_wconf 87' lang='lat' dir='ltr'>eadem</span> <span class='ocrx_word' id='word_1_62' title='bbox 671 445 925 476; x_wconf 63' lang='lat' dir='ltr'>colimbriensis</span> <span class='ocrx_word' id='word_1_63' title='bbox 942 445 1081 474; x_wconf 82' lang='lat' dir='ltr'>ecclesia</span> <span class='ocrx_word' id='word_1_64' title='bbox 1100 445 1156 474; x_wconf 87' lang='lat' dir='ltr'>de-</span> 
     </span>
     <span class='ocr_line' id='line_1_27' title="bbox 193 497 1157 536; baseline -0.002 -7"><span class='ocrx_word' id='word_1_65' title='bbox 193 499 318 529; x_wconf 86' lang='lat' dir='ltr'>tinebat</span> <span class='ocrx_word' id='word_1_66' title='bbox 339 499 378 528; x_wconf 89' lang='lat' dir='ltr'>ab</span> <span class='ocrx_word' id='word_1_67' title='bbox 396 498 603 528; x_wconf 74' lang='lat' dir='ltr'>Asinabrava</span> <span class='ocrx_word' id='word_1_68' title='bbox 620 502 649 528; x_wconf 88' lang='lat' dir='ltr'>et</span> <span class='ocrx_word' id='word_1_69' title='bbox 668 507 685 527; x_wconf 89' lang='lat' dir='ltr'>a</span> <span class='ocrx_word' id='word_1_70' title='bbox 702 498 800 528; x_wconf 79' lang='lat' dir='ltr'>ssuvio</span> <span class='ocrx_word' id='word_1_71' title='bbox 818 498 874 536; x_wconf 89' lang='lat' dir='ltr'>qui</span> <span class='ocrx_word' id='word_1_72' title='bbox 891 498 924 526; x_wconf 90' lang='lat' dir='ltr'>in</span> <span class='ocrx_word' id='word_1_73' title='bbox 943 498 1028 527; x_wconf 85' lang='lat' dir='ltr'>dicto</span> <span class='ocrx_word' id='word_1_74' title='bbox 1044 497 1157 527; x_wconf 85' lang='lat' dir='ltr'>libello</span> 
     </span>
     <span class='ocr_line' id='line_1_28' title="bbox 192 550 1157 589; baseline -0.003 -8"><span class='ocrx_word' id='word_1_75' title='bbox 192 552 401 589; x_wconf 75' lang='lat' dir='ltr'>Egitaniensi</span> <span class='ocrx_word' id='word_1_76' title='bbox 422 551 544 580; x_wconf 82' lang='lat' dir='ltr'>dicitur</span> <span class='ocrx_word' id='word_1_77' title='bbox 560 551 676 580; x_wconf 89' lang='lat' dir='ltr'>Naban</span> <span class='ocrx_word' id='word_1_78' title='bbox 698 555 727 580; x_wconf 91' lang='lat' dir='ltr'>et</span> <span class='ocrx_word' id='word_1_79' title='bbox 746 551 802 588; x_wconf 78' lang='lat' dir='ltr'>qui</span> <span class='ocrx_word' id='word_1_80' title='bbox 819 550 889 579; x_wconf 85' lang='lat' dir='ltr'>iluit</span> <span class='ocrx_word' id='word_1_81' title='bbox 904 550 997 589; x_wconf 78' lang='lat' dir='ltr'>juxta</span> <span class='ocrx_word' id='word_1_82' title='bbox 1013 554 1157 579; x_wconf 83' lang='lat' dir='ltr'>castrum</span> 
     </span>
     <span class='ocr_line' id='line_1_29' title="bbox 191 603 1158 642; baseline -0.001 -8"><span class='ocrx_word' id='word_1_83' title='bbox 191 604 334 634; x_wconf 81' lang='lat' dir='ltr'>Thamar</span> <span class='ocrx_word' id='word_1_84' title='bbox 350 603 613 642; x_wconf 83' lang='lat' dir='ltr'>Templariorum</span> <span class='ocrx_word' id='word_1_85' title='bbox 631 603 714 633; x_wconf 85' lang='lat' dir='ltr'>eitra</span> <span class='ocrx_word' id='word_1_86' title='bbox 732 612 845 632; x_wconf 80' lang='lat' dir='ltr'>versus</span> <span class='ocrx_word' id='word_1_87' title='bbox 863 604 1062 640; x_wconf 73' lang='lat' dir='ltr'>Egitaniam,</span> <span class='ocrx_word' id='word_1_88' title='bbox 1081 612 1158 633; x_wconf 86' lang='lat' dir='ltr'>nec-</span> 
     </span>
     <span class='ocr_line' id='line_1_30' title="bbox 192 655 1159 694; baseline -0.001 -8"><span class='ocrx_word' id='word_1_89' title='bbox 192 665 258 686; x_wconf 90' lang='lat' dir='ltr'>non</span> <span class='ocrx_word' id='word_1_90' title='bbox 279 660 310 686; x_wconf 85' lang='lat' dir='ltr'>et</span> <span class='ocrx_word' id='word_1_91' title='bbox 331 656 417 686; x_wconf 85' lang='lat' dir='ltr'>circa</span> <span class='ocrx_word' id='word_1_92' title='bbox 438 656 698 694; x_wconf 82' lang='lat' dir='ltr'>possessionem,</span> <span class='ocrx_word' id='word_1_93' title='bbox 716 655 767 685; x_wconf 86' lang='lat' dir='ltr'>vel</span> <span class='ocrx_word' id='word_1_94' title='bbox 788 656 898 693; x_wconf 85' lang='lat' dir='ltr'>quasi.</span> <span class='ocrx_word' id='word_1_95' title='bbox 918 665 975 685; x_wconf 84' lang='lat' dir='ltr'>seu</span> <span class='ocrx_word' id='word_1_96' title='bbox 996 656 1159 686; x_wconf 80' lang='grc'><strong>1101011110-</strong></span> 
     </span>
     <span class='ocr_line' id='line_1_31' title="bbox 193 708 1157 747; baseline -0.001 -7"><span class='ocrx_word' id='word_1_97' title='bbox 193 719 269 740; x_wconf 87' lang='lat' dir='ltr'>nem</span> <span class='ocrx_word' id='word_1_98' title='bbox 291 709 545 740; x_wconf 84' lang='lat' dir='ltr'>Colimbriensis</span> <span class='ocrx_word' id='word_1_99' title='bbox 568 708 707 739; x_wconf 84' lang='lat' dir='ltr'>ecclesie</span> <span class='ocrx_word' id='word_1_100' title='bbox 729 709 762 737; x_wconf 89' lang='lat' dir='ltr'>in</span> <span class='ocrx_word' id='word_1_101' title='bbox 785 708 972 744; x_wconf 75' lang='lat' dir='ltr'>Belmonte,</span> <span class='ocrx_word' id='word_1_102' title='bbox 997 710 1157 747; x_wconf 75' lang='lat' dir='ltr'>Anguies,</span> 
     </span>
     <span class='ocr_line' id='line_1_32' title="bbox 193 761 1160 799; baseline -0.002 -6"><span class='ocrx_word' id='word_1_103' title='bbox 193 763 283 793; x_wconf 86' lang='lat' dir='ltr'>Ollas</span> <span class='ocrx_word' id='word_1_104' title='bbox 307 763 345 792; x_wconf 87' lang='lat' dir='ltr'>de</span> <span class='ocrx_word' id='word_1_105' title='bbox 368 763 508 797; x_wconf 76' lang='lat' dir='ltr'>Godino,</span> <span class='ocrx_word' id='word_1_106' title='bbox 536 766 565 791; x_wconf 83' lang='lat' dir='ltr'>et</span> <span class='ocrx_word' id='word_1_107' title='bbox 588 762 832 799; x_wconf 78' lang='lat' dir='ltr'>possessionem</span> <span class='ocrx_word' id='word_1_108' title='bbox 852 761 1020 791; x_wconf 75' lang='lat' dir='ltr'>laicalium</span> <span class='ocrx_word' id='word_1_109' title='bbox 1042 762 1076 791; x_wconf 92' lang='lat' dir='ltr'>in</span> <span class='ocrx_word' id='word_1_110' title='bbox 1094 762 1160 792; x_wconf 84' lang='lat' dir='ltr'>eis-</span> 
     </span>
     <span class='ocr_line' id='line_1_33' title="bbox 193 814 1160 853; baseline -0.001 -8"><span class='ocrx_word' id='word_1_111' title='bbox 193 816 267 846; x_wconf 87' lang='lat' dir='ltr'>dem</span> <span class='ocrx_word' id='word_1_112' title='bbox 289 815 385 850; x_wconf 86' lang='grc'><strong>10015,</strong></span> <span class='ocrx_word' id='word_1_113' title='bbox 418 815 528 853; x_wconf 84' lang='lat' dir='ltr'>quoad</span> <span class='ocrx_word' id='word_1_114' title='bbox 553 815 665 844; x_wconf 89' lang='lat' dir='ltr'>omnia</span> <span class='ocrx_word' id='word_1_115' title='bbox 689 823 751 852; x_wconf 82' lang='lat' dir='ltr'>que</span> <span class='ocrx_word' id='word_1_116' title='bbox 775 815 809 843; x_wconf 92' lang='lat' dir='ltr'>in</span> <span class='ocrx_word' id='word_1_117' title='bbox 834 814 920 843; x_wconf 87' lang='lat' dir='ltr'>dicto</span> <span class='ocrx_word' id='word_1_118' title='bbox 943 814 1055 844; x_wconf 87' lang='lat' dir='ltr'>libello</span> <span class='ocrx_word' id='word_1_119' title='bbox 1082 815 1160 853; x_wconf 72' lang='lat' dir='ltr'>Egi-</span> 
     </span>
     <span class='ocr_line' id='line_1_34' title="bbox 194 866 1158 905; baseline -0.001 -8"><span class='ocrx_word' id='word_1_120' title='bbox 194 868 338 898; x_wconf 82' lang='lat' dir='ltr'>taniensi</span> <span class='ocrx_word' id='word_1_121' title='bbox 360 867 567 905; x_wconf 74' lang='lat' dir='ltr'>petebantur,</span> <span class='ocrx_word' id='word_1_122' title='bbox 593 866 698 895; x_wconf 85' lang='lat' dir='ltr'>nichil</span> <span class='ocrx_word' id='word_1_123' title='bbox 725 867 878 896; x_wconf 81' lang='lat' dir='ltr'>duximus</span> <span class='ocrx_word' id='word_1_124' title='bbox 902 867 1127 897; x_wconf 84' lang='lat' dir='ltr'>innovandum</span> <span class='ocrx_word' id='word_1_125' title='bbox 1152 878 1158 896; x_wconf 80' lang='lat' dir='ltr'>z</span> 
     </span>
     <span class='ocr_line' id='line_1_35' title="bbox 193 920 1161 958; baseline -0.001 -7"><span class='ocrx_word' id='word_1_126' title='bbox 193 921 343 951; x_wconf 85' lang='lat' dir='ltr'>alterutri</span> <span class='ocrx_word' id='word_1_127' title='bbox 363 921 507 958; x_wconf 81' lang='lat' dir='ltr'>partium</span> <span class='ocrx_word' id='word_1_128' title='bbox 525 921 750 958; x_wconf 66' lang='lat' dir='ltr'>possessione,</span> <span class='ocrx_word' id='word_1_129' title='bbox 770 920 820 949; x_wconf 82' lang='lat' dir='ltr'>vel</span> <span class='ocrx_word' id='word_1_130' title='bbox 840 921 950 958; x_wconf 86' lang='lat' dir='ltr'>quasi,</span> <span class='ocrx_word' id='word_1_131' title='bbox 969 930 1027 950; x_wconf 87' lang='lat' dir='ltr'>seu</span> <span class='ocrx_word' id='word_1_132' title='bbox 1046 921 1161 950; x_wconf 84' lang='lat' dir='ltr'>deten-</span> 
     </span>
     <span class='ocr_line' id='line_1_36' title="bbox 193 973 1159 1012; baseline -0.001 -8"><span class='ocrx_word' id='word_1_133' title='bbox 193 974 293 1008; x_wconf 72' lang='lat' dir='ltr'>tione,</span> <span class='ocrx_word' id='word_1_134' title='bbox 312 983 410 1012; x_wconf 85' lang='lat' dir='ltr'>quam</span> <span class='ocrx_word' id='word_1_135' title='bbox 433 973 576 1002; x_wconf 85' lang='lat' dir='ltr'>habebat</span> <span class='ocrx_word' id='word_1_136' title='bbox 596 973 631 1002; x_wconf 93' lang='lat' dir='ltr'>in</span> <span class='ocrx_word' id='word_1_137' title='bbox 654 974 748 1011; x_wconf 82' lang='lat' dir='ltr'>ipsis,</span> <span class='ocrx_word' id='word_1_138' title='bbox 771 973 958 1003; x_wconf 78' lang='lat' dir='ltr'>omnimode</span> <span class='ocrx_word' id='word_1_139' title='bbox 979 978 1159 1003; x_wconf 80' lang='lat' dir='ltr'>reservata.</span> 
     </span>
     <span class='ocr_line' id='line_1_37' title="bbox 193 1026 1159 1064; baseline 0 -8"><span class='ocrx_word' id='word_1_140' title='bbox 193 1027 243 1057; x_wconf 92' lang='lat' dir='ltr'>Ab</span> <span class='ocrx_word' id='word_1_141' title='bbox 269 1027 424 1056; x_wconf 88' lang='lat' dir='ltr'>omnibus</span> <span class='ocrx_word' id='word_1_142' title='bbox 453 1026 553 1055; x_wconf 89' lang='lat' dir='ltr'>etiam</span> <span class='ocrx_word' id='word_1_143' title='bbox 579 1026 745 1055; x_wconf 85' lang='lat' dir='ltr'>fructibus</span> <span class='ocrx_word' id='word_1_144' title='bbox 772 1026 935 1064; x_wconf 74' lang='lat' dir='ltr'>perceptis</span> <span class='ocrx_word' id='word_1_145' title='bbox 960 1026 1038 1056; x_wconf 88' lang='lat' dir='ltr'>hinc</span> <span class='ocrx_word' id='word_1_146' title='bbox 1064 1027 1159 1062; x_wconf 67' lang='lat' dir='ltr'>inde,</span> 
     </span>
     <span class='ocr_line' id='line_1_38' title="bbox 193 1078 1161 1117; baseline 0.001 -8"><span class='ocrx_word' id='word_1_147' title='bbox 193 1079 356 1117; x_wconf 68' lang='lat' dir='ltr'>dampnis,</span> <span class='ocrx_word' id='word_1_148' title='bbox 372 1079 546 1114; x_wconf 81' lang='lat' dir='ltr'>interesse,</span> <span class='ocrx_word' id='word_1_149' title='bbox 563 1079 716 1116; x_wconf 78' lang='lat' dir='ltr'>expensis</span> <span class='ocrx_word' id='word_1_150' title='bbox 734 1079 830 1108; x_wconf 86' lang='lat' dir='ltr'>factis</span> <span class='ocrx_word' id='word_1_151' title='bbox 848 1079 882 1107; x_wconf 93' lang='grc'>111</span> <span class='ocrx_word' id='word_1_152' title='bbox 898 1078 967 1111; x_wconf 75' lang='lat' dir='ltr'>lite.</span> <span class='ocrx_word' id='word_1_153' title='bbox 983 1080 1011 1109; x_wconf 66' lang='lat' dir='ltr'><strong>V</strong></span> <span class='ocrx_word' id='word_1_154' title='bbox 1024 1079 1161 1110; x_wconf 89' lang='lat' dir='ltr'>milibus</span> 
     </span>
     <span class='ocr_line' id='line_1_39' title="bbox 193 1132 1161 1171; baseline 0.001 -9"><span class='ocrx_word' id='word_1_155' title='bbox 193 1141 380 1167; x_wconf 73' lang='lat' dir='ltr'>aureorum,</span> <span class='ocrx_word' id='word_1_156' title='bbox 394 1132 615 1170; x_wconf 81' lang='lat' dir='ltr'>omnibusque</span> <span class='ocrx_word' id='word_1_157' title='bbox 632 1132 772 1162; x_wconf 85' lang='lat' dir='ltr'>summis</span> <span class='ocrx_word' id='word_1_158' title='bbox 786 1132 1001 1170; x_wconf 70' lang='lat' dir='ltr'>pecuniariis,</span> <span class='ocrx_word' id='word_1_159' title='bbox 1013 1142 1075 1171; x_wconf 80' lang='lat' dir='ltr'>que</span> <span class='ocrx_word' id='word_1_160' title='bbox 1092 1134 1161 1163; x_wconf 79' lang='lat' dir='ltr'>fuc-</span> 
     </span>
     <span class='ocr_line' id='line_1_40' title="bbox 192 1185 1159 1224; baseline 0.001 -9"><span class='ocrx_word' id='word_1_161' title='bbox 192 1189 270 1215; x_wconf 86' lang='lat' dir='ltr'>runt</span> <span class='ocrx_word' id='word_1_162' title='bbox 296 1194 406 1215; x_wconf 87' lang='lat' dir='ltr'>coram</span> <span class='ocrx_word' id='word_1_163' title='bbox 431 1185 527 1214; x_wconf 86' lang='lat' dir='ltr'>nobis</span> <span class='ocrx_word' id='word_1_164' title='bbox 554 1193 591 1214; x_wconf 79' lang='lat' dir='ltr'>ex</span> <span class='ocrx_word' id='word_1_165' title='bbox 615 1185 726 1214; x_wconf 87' lang='lat' dir='ltr'>causis</span> <span class='ocrx_word' id='word_1_166' title='bbox 752 1185 1017 1223; x_wconf 78' lang='lat' dir='ltr'>quibuscumque</span> <span class='ocrx_word' id='word_1_167' title='bbox 1043 1186 1159 1224; x_wconf 80' lang='lat' dir='ltr'>petite,</span> 
     </span>
     <span class='ocr_line' id='line_1_41' title="bbox 193 1237 1159 1276; baseline 0.002 -9"><span class='ocrx_word' id='word_1_168' title='bbox 193 1243 368 1276; x_wconf 82' lang='lat' dir='ltr'>utramque</span> <span class='ocrx_word' id='word_1_169' title='bbox 381 1242 506 1276; x_wconf 86' lang='lat' dir='ltr'>partem</span> <span class='ocrx_word' id='word_1_170' title='bbox 518 1237 557 1267; x_wconf 87' lang='lat' dir='ltr'>ab</span> <span class='ocrx_word' id='word_1_171' title='bbox 570 1237 777 1276; x_wconf 70' lang='lat' dir='ltr'>impetitione</span> <span class='ocrx_word' id='word_1_172' title='bbox 790 1237 927 1268; x_wconf 87' lang='lat' dir='ltr'>alterius</span> <span class='ocrx_word' id='word_1_173' title='bbox 940 1238 1159 1274; x_wconf 78' lang='lat' dir='ltr'>absolvimus3</span> 
     </span>
     <span class='ocr_line' id='line_1_42' title="bbox 193 1291 1162 1330; baseline 0.001 -10"><span class='ocrx_word' id='word_1_174' title='bbox 193 1291 416 1330; x_wconf 79' lang='lat' dir='ltr'>precipientes</span> <span class='ocrx_word' id='word_1_175' title='bbox 437 1295 471 1320; x_wconf 85' lang='grc'>111</span> <span class='ocrx_word' id='word_1_176' title='bbox 495 1299 529 1320; x_wconf 89' lang='grc'>50</span> <span class='ocrx_word' id='word_1_177' title='bbox 550 1291 585 1320; x_wconf 90' lang='grc'>111</span> <span class='ocrx_word' id='word_1_178' title='bbox 607 1296 703 1320; x_wconf 87' lang='lat' dir='ltr'>antea</span> <span class='ocrx_word' id='word_1_179' title='bbox 724 1295 838 1320; x_wconf 88' lang='lat' dir='ltr'>mutuo</span> <span class='ocrx_word' id='word_1_180' title='bbox 855 1292 1036 1329; x_wconf 86' lang='lat' dir='ltr'>superbiis</span> <span class='ocrx_word' id='word_1_181' title='bbox 1054 1292 1162 1322; x_wconf 83' lang='lat' dir='ltr'>nulla-</span> 
     </span>
     <span class='ocr_line' id='line_1_43' title="bbox 194 1343 1162 1381; baseline 0.001 -8"><span class='ocrx_word' id='word_1_182' title='bbox 194 1348 291 1374; x_wconf 89' lang='lat' dir='ltr'>tenus</span> <span class='ocrx_word' id='word_1_183' title='bbox 316 1344 524 1381; x_wconf 72' lang='lat' dir='ltr'>impeterent,</span> <span class='ocrx_word' id='word_1_184' title='bbox 548 1343 599 1373; x_wconf 87' lang='lat' dir='ltr'>vel</span> <span class='ocrx_word' id='word_1_185' title='bbox 620 1343 831 1381; x_wconf 84' lang='lat' dir='ltr'>aliquatenus</span> <span class='ocrx_word' id='word_1_186' title='bbox 851 1343 1076 1379; x_wconf 71' lang='lat' dir='ltr'>molestarent,</span> <span class='ocrx_word' id='word_1_187' title='bbox 1097 1345 1162 1374; x_wconf 85' lang='lat' dir='ltr'>eis-</span> 
     </span>
     <span class='ocr_line' id='line_1_44' title="bbox 195 1395 1163 1434; baseline 0 -8"><span class='ocrx_word' id='word_1_188' title='bbox 195 1397 268 1426; x_wconf 86' lang='lat' dir='ltr'>dem</span> <span class='ocrx_word' id='word_1_189' title='bbox 290 1396 455 1434; x_wconf 63' lang='lat' dir='ltr'>partibus,</span> <span class='ocrx_word' id='word_1_190' title='bbox 475 1405 574 1434; x_wconf 87' lang='lat' dir='ltr'>super</span> <span class='ocrx_word' id='word_1_191' title='bbox 592 1395 674 1431; x_wconf 82' lang='lat' dir='ltr'>hiis⁷</span> <span class='ocrx_word' id='word_1_192' title='bbox 693 1400 888 1434; x_wconf 85' lang='lat' dir='ltr'>perpetuum</span> <span class='ocrx_word' id='word_1_193' title='bbox 908 1396 1079 1426; x_wconf 89' lang='lat' dir='ltr'>silentium</span> <span class='ocrx_word' id='word_1_194' title='bbox 1100 1397 1163 1426; x_wconf 90' lang='lat' dir='ltr'>im-</span> 
     </span>
     <span class='ocr_line' id='line_1_45' title="bbox 197 1449 360 1488; baseline -0.012 -9"><span class='ocrx_word' id='word_1_195' title='bbox 197 1449 360 1488; x_wconf 87' lang='lat' dir='ltr'>ponendo.</span> 
     </span>
    </p>

    <p class='ocr_par' dir='ltr' id='par_1_25' title="bbox 195 1501 1169 2438">
     <span class='ocr_line' id='line_1_46' title="bbox 197 1501 1164 1540; baseline 0.003 -11"><span class='ocrx_word' id='word_1_196' title='bbox 197 1515 211 1529; x_wconf 81' lang='grc'>»</span> <span class='ocrx_word' id='word_1_197' title='bbox 238 1503 322 1532; x_wconf 82' lang='grc'><strong>110111</strong></span> <span class='ocrx_word' id='word_1_198' title='bbox 346 1510 460 1531; x_wconf 82' lang='grc'><strong>01111105</strong></span> <span class='ocrx_word' id='word_1_199' title='bbox 486 1501 685 1536; x_wconf 76' lang='lat' dir='ltr'>sententias,</span> <span class='ocrx_word' id='word_1_200' title='bbox 707 1510 882 1540; x_wconf 80' lang='lat' dir='ltr'>processus</span> <span class='ocrx_word' id='word_1_201' title='bbox 905 1502 1076 1540; x_wconf 74' lang='lat' dir='ltr'>antiquos,</span> <span class='ocrx_word' id='word_1_202' title='bbox 1098 1507 1164 1532; x_wconf 85' lang='lat' dir='ltr'>tam</span> 
     </span>
     <span class='ocr_line' id='line_1_47' title="bbox 196 1554 1165 1594; baseline 0 -9"><span class='ocrx_word' id='word_1_203' title='bbox 196 1565 295 1594; x_wconf 90' lang='lat' dir='ltr'>super</span> <span class='ocrx_word' id='word_1_204' title='bbox 310 1555 515 1593; x_wconf 72' lang='lat' dir='ltr'>possessorio</span> <span class='ocrx_word' id='word_1_205' title='bbox 533 1563 632 1593; x_wconf 81' lang='lat' dir='ltr'>quam</span> <span class='ocrx_word' id='word_1_206' title='bbox 648 1554 816 1592; x_wconf 79' lang='lat' dir='ltr'>petitorio,</span> <span class='ocrx_word' id='word_1_207' title='bbox 838 1554 968 1585; x_wconf 89' lang='lat' dir='ltr'>habitos</span> <span class='ocrx_word' id='word_1_208' title='bbox 986 1555 1073 1585; x_wconf 84' lang='lat' dir='ltr'>inter</span> <span class='ocrx_word' id='word_1_209' title='bbox 1089 1565 1165 1594; x_wconf 91' lang='lat' dir='ltr'>par-</span> 
     </span>
     <span class='ocr_line' id='line_1_48' title="bbox 196 1607 1165 1646; baseline -0.001 -8"><span class='ocrx_word' id='word_1_210' title='bbox 196 1612 245 1638; x_wconf 88' lang='lat' dir='ltr'>tes</span> <span class='ocrx_word' id='word_1_211' title='bbox 258 1617 364 1646; x_wconf 84' lang='lat' dir='ltr'>usque</span> <span class='ocrx_word' id='word_1_212' title='bbox 379 1608 420 1637; x_wconf 86' lang='lat' dir='ltr'>ad</span> <span class='ocrx_word' id='word_1_213' title='bbox 438 1611 564 1645; x_wconf 89' lang='lat' dir='ltr'>tempus</span> <span class='ocrx_word' id='word_1_214' title='bbox 582 1616 646 1645; x_wconf 83' lang='lat' dir='ltr'>quo</span> <span class='ocrx_word' id='word_1_215' title='bbox 663 1607 937 1645; x_wconf 87' lang='lat' dir='ltr'>compromissum</span> <span class='ocrx_word' id='word_1_216' title='bbox 954 1608 988 1636; x_wconf 89' lang='lat' dir='ltr'>in</span> <span class='ocrx_word' id='word_1_217' title='bbox 1006 1617 1064 1637; x_wconf 88' lang='lat' dir='ltr'>nos</span> <span class='ocrx_word' id='word_1_218' title='bbox 1082 1608 1165 1638; x_wconf 73' lang='lat' dir='ltr'>exti-</span> 
     </span>
     <span class='ocr_line' id='line_1_49' title="bbox 197 1659 1164 1700; baseline 0 -9"><span class='ocrx_word' id='word_1_219' title='bbox 197 1665 280 1691; x_wconf 82' lang='lat' dir='ltr'>terat</span> <span class='ocrx_word' id='word_1_220' title='bbox 304 1670 362 1698; x_wconf 87' lang='lat' dir='ltr'>per</span> <span class='ocrx_word' id='word_1_221' title='bbox 384 1660 526 1693; x_wconf 77' lang='lat' dir='ltr'>eosdem,</span> <span class='ocrx_word' id='word_1_222' title='bbox 554 1668 653 1698; x_wconf 90' lang='lat' dir='ltr'>super</span> <span class='ocrx_word' id='word_1_223' title='bbox 676 1659 831 1689; x_wconf 87' lang='lat' dir='ltr'>omnibus</span> <span class='ocrx_word' id='word_1_224' title='bbox 852 1659 934 1689; x_wconf 87' lang='lat' dir='ltr'>loeis</span> <span class='ocrx_word' id='word_1_225' title='bbox 959 1661 1164 1700; x_wconf 88' lang='lat' dir='ltr'>seujuribus</span> 
     </span>
     <span class='ocr_line' id='line_1_50' title="bbox 196 1712 1163 1752; baseline 0 -9"><span class='ocrx_word' id='word_1_226' title='bbox 196 1713 397 1752; x_wconf 82' lang='lat' dir='ltr'>supradietis</span> <span class='ocrx_word' id='word_1_227' title='bbox 422 1712 474 1742; x_wconf 84' lang='lat' dir='ltr'>vel</span> <span class='ocrx_word' id='word_1_228' title='bbox 501 1712 611 1751; x_wconf 82' lang='lat' dir='ltr'>aliquo</span> <span class='ocrx_word' id='word_1_229' title='bbox 637 1712 870 1750; x_wconf 78' lang='lat' dir='ltr'>predictorum,</span> <span class='ocrx_word' id='word_1_230' title='bbox 890 1722 999 1742; x_wconf 82' lang='lat' dir='ltr'>coram</span> <span class='ocrx_word' id='word_1_231' title='bbox 1016 1714 1163 1749; x_wconf 81' lang='lat' dir='ltr'>arbitris,</span> 
     </span>
     <span class='ocr_line' id='line_1_51' title="bbox 197 1765 1163 1805; baseline -0.001 -7"><span class='ocrx_word' id='word_1_232' title='bbox 197 1766 413 1801; x_wconf 72' lang='grc'><strong>511111111111115,</strong></span> <span class='ocrx_word' id='word_1_233' title='bbox 434 1766 604 1804; x_wconf 83' lang='lat' dir='ltr'>judicibus</span> <span class='ocrx_word' id='word_1_234' title='bbox 628 1775 646 1795; x_wconf 88' lang='lat' dir='ltr'>a</span> <span class='ocrx_word' id='word_1_235' title='bbox 672 1765 754 1795; x_wconf 79' lang='lat' dir='ltr'>Sede</span> <span class='ocrx_word' id='word_1_236' title='bbox 777 1766 965 1804; x_wconf 86' lang='lat' dir='ltr'>Apostolica</span> <span class='ocrx_word' id='word_1_237' title='bbox 987 1767 1163 1805; x_wconf 77' lang='lat' dir='ltr'>delegatis,</span> 
     </span>
     <span class='ocr_line' id='line_1_52' title="bbox 197 1818 1165 1856; baseline -0.001 -6"><span class='ocrx_word' id='word_1_238' title='bbox 197 1824 229 1850; x_wconf 86' lang='lat' dir='ltr'>et</span> <span class='ocrx_word' id='word_1_239' title='bbox 251 1818 475 1856; x_wconf 80' lang='lat' dir='ltr'>subdelegatis</span> <span class='ocrx_word' id='word_1_240' title='bbox 499 1827 627 1853; x_wconf 79' lang='lat' dir='ltr'>eorum,</span> <span class='ocrx_word' id='word_1_241' title='bbox 650 1828 685 1847; x_wconf 89' lang='lat' dir='ltr'>ac</span> <span class='ocrx_word' id='word_1_242' title='bbox 709 1818 914 1856; x_wconf 78' lang='lat' dir='ltr'>quibuslibet</span> <span class='ocrx_word' id='word_1_243' title='bbox 937 1819 1024 1854; x_wconf 79' lang='lat' dir='ltr'>aliis,</span> <span class='ocrx_word' id='word_1_244' title='bbox 1044 1820 1113 1850; x_wconf 87' lang='lat' dir='ltr'>sive</span> <span class='ocrx_word' id='word_1_245' title='bbox 1130 1820 1165 1849; x_wconf 91' lang='lat' dir='ltr'>in</span> 
     </span>
     <span class='ocr_line' id='line_1_53' title="bbox 196 1870 1166 1906; baseline -0.001 -3"><span class='ocrx_word' id='word_1_246' title='bbox 196 1873 299 1904; x_wconf 82' lang='lat' dir='ltr'>Curia</span> <span class='ocrx_word' id='word_1_247' title='bbox 314 1873 474 1906; x_wconf 83' lang='lat' dir='ltr'>Romana,</span> <span class='ocrx_word' id='word_1_248' title='bbox 494 1870 545 1900; x_wconf 88' lang='lat' dir='ltr'>vel</span> <span class='ocrx_word' id='word_1_249' title='bbox 561 1870 653 1906; x_wconf 83' lang='lat' dir='ltr'>alibi,</span> <span class='ocrx_word' id='word_1_250' title='bbox 672 1871 924 1901; x_wconf 82' lang='lat' dir='ltr'>commissiones</span> <span class='ocrx_word' id='word_1_251' title='bbox 939 1880 975 1901; x_wconf 85' lang='lat' dir='ltr'>ac</span> <span class='ocrx_word' id='word_1_252' title='bbox 990 1872 1166 1903; x_wconf 85' lang='lat' dir='ltr'>confirma-</span> 
     </span>
     <span class='ocr_line' id='line_1_54' title="bbox 195 1923 1168 1963; baseline 0 -8"><span class='ocrx_word' id='word_1_253' title='bbox 195 1925 303 1956; x_wconf 82' lang='lat' dir='ltr'>tiones</span> <span class='ocrx_word' id='word_1_254' title='bbox 320 1934 338 1954; x_wconf 86' lang='lat' dir='ltr'>a</span> <span class='ocrx_word' id='word_1_255' title='bbox 354 1933 520 1963; x_wconf 81' lang='lat' dir='ltr'>quoquam</span> <span class='ocrx_word' id='word_1_256' title='bbox 536 1923 704 1959; x_wconf 69' lang='lat' dir='ltr'>obtentas,</span> <span class='ocrx_word' id='word_1_257' title='bbox 723 1932 921 1963; x_wconf 80' lang='lat' dir='ltr'>omnemque</span> <span class='ocrx_word' id='word_1_258' title='bbox 937 1924 1117 1955; x_wconf 70' lang='lat' dir='ltr'>utilitatem</span> <span class='ocrx_word' id='word_1_259' title='bbox 1136 1930 1168 1956; x_wconf 86' lang='lat' dir='ltr'>et</span> 
     </span>
     <span class='ocr_line' id='line_1_55' title="bbox 198 1977 1168 2016; baseline 0 -7"><span class='ocrx_word' id='word_1_260' title='bbox 198 1977 405 2009; x_wconf 88' lang='lat' dir='ltr'>commodum</span> <span class='ocrx_word' id='word_1_261' title='bbox 421 1986 495 2016; x_wconf 76' lang='lat' dir='ltr'>que,</span> <span class='ocrx_word' id='word_1_262' title='bbox 514 1985 551 2007; x_wconf 86' lang='lat' dir='ltr'>ex</span> <span class='ocrx_word' id='word_1_263' title='bbox 567 1977 738 2015; x_wconf 86' lang='lat' dir='ltr'>rescriptis</span> <span class='ocrx_word' id='word_1_264' title='bbox 755 1977 946 2015; x_wconf 84' lang='lat' dir='ltr'>apostolicis</span> <span class='ocrx_word' id='word_1_265' title='bbox 963 1982 1019 2007; x_wconf 84' lang='lat' dir='ltr'>aut</span> <span class='ocrx_word' id='word_1_266' title='bbox 1035 1988 1168 2016; x_wconf 85' lang='lat' dir='ltr'>proces-</span> 
     </span>
     <span class='ocr_line' id='line_1_56' title="bbox 198 2029 1168 2069; baseline 0.001 -8"><span class='ocrx_word' id='word_1_267' title='bbox 198 2031 302 2066; x_wconf 84' lang='lat' dir='ltr'>sibus,</span> <span class='ocrx_word' id='word_1_268' title='bbox 322 2039 379 2068; x_wconf 89' lang='lat' dir='ltr'>per</span> <span class='ocrx_word' id='word_1_269' title='bbox 395 2030 563 2059; x_wconf 85' lang='lat' dir='ltr'>Romanos</span> <span class='ocrx_word' id='word_1_270' title='bbox 580 2029 763 2068; x_wconf 80' lang='lat' dir='ltr'>pontifices,</span> <span class='ocrx_word' id='word_1_271' title='bbox 783 2030 841 2068; x_wconf 87' lang='lat' dir='ltr'>qui</span> <span class='ocrx_word' id='word_1_272' title='bbox 856 2039 914 2068; x_wconf 90' lang='lat' dir='ltr'>pro</span> <span class='ocrx_word' id='word_1_273' title='bbox 933 2034 1079 2069; x_wconf 87' lang='lat' dir='ltr'>tempore</span> <span class='ocrx_word' id='word_1_274' title='bbox 1094 2032 1168 2062; x_wconf 78' lang='lat' dir='ltr'>sue-</span> 
     </span>
     <span class='ocr_line' id='line_1_57' title="bbox 198 2082 1168 2121; baseline 0.001 -7"><span class='ocrx_word' id='word_1_275' title='bbox 198 2088 284 2118; x_wconf 79' lang='lat' dir='ltr'>rant,</span> <span class='ocrx_word' id='word_1_276' title='bbox 301 2083 353 2113; x_wconf 86' lang='lat' dir='ltr'>vel</span> <span class='ocrx_word' id='word_1_277' title='bbox 367 2082 540 2121; x_wconf 83' lang='lat' dir='ltr'>quospiam</span> <span class='ocrx_word' id='word_1_278' title='bbox 557 2082 651 2118; x_wconf 76' lang='lat' dir='ltr'>alios,</span> <span class='ocrx_word' id='word_1_279' title='bbox 669 2082 860 2121; x_wconf 85' lang='lat' dir='ltr'>habitisque</span> <span class='ocrx_word' id='word_1_280' title='bbox 876 2083 1027 2121; x_wconf 86' lang='lat' dir='ltr'>partibus</span> <span class='ocrx_word' id='word_1_281' title='bbox 1043 2093 1168 2115; x_wconf 87' lang='lat' dir='ltr'>memo-</span> 
     </span>
     <span class='ocr_line' id='line_1_58' title="bbox 197 2134 1168 2175; baseline 0.001 -9"><span class='ocrx_word' id='word_1_282' title='bbox 197 2136 280 2166; x_wconf 82' lang='lat' dir='ltr'>ratis</span> <span class='ocrx_word' id='word_1_283' title='bbox 296 2135 347 2165; x_wconf 87' lang='lat' dir='ltr'>vel</span> <span class='ocrx_word' id='word_1_284' title='bbox 363 2144 477 2165; x_wconf 84' lang='lat' dir='ltr'>earum</span> <span class='ocrx_word' id='word_1_285' title='bbox 494 2134 645 2165; x_wconf 86' lang='lat' dir='ltr'>alterutri</span> <span class='ocrx_word' id='word_1_286' title='bbox 661 2135 891 2174; x_wconf 80' lang='lat' dir='ltr'>competebant</span> <span class='ocrx_word' id='word_1_287' title='bbox 911 2135 963 2166; x_wconf 78' lang='lat' dir='ltr'>vel</span> <span class='ocrx_word' id='word_1_288' title='bbox 984 2141 1168 2175; x_wconf 81' lang='lat' dir='ltr'>competere</span> 
     </span>
     <span class='ocr_line' id='line_1_59' title="bbox 195 2187 1166 2228; baseline 0.001 -9"><span class='ocrx_word' id='word_1_289' title='bbox 195 2189 384 2228; x_wconf 87' lang='lat' dir='ltr'>potuissent</span> <span class='ocrx_word' id='word_1_290' title='bbox 400 2188 434 2217; x_wconf 92' lang='lat' dir='ltr'>in</span> <span class='ocrx_word' id='word_1_291' title='bbox 451 2188 588 2225; x_wconf 76' lang='lat' dir='ltr'>agendo,</span> <span class='ocrx_word' id='word_1_292' title='bbox 606 2187 812 2218; x_wconf 84' lang='lat' dir='ltr'>defendendo</span> <span class='ocrx_word' id='word_1_293' title='bbox 832 2197 891 2218; x_wconf 88' lang='lat' dir='ltr'>seu</span> <span class='ocrx_word' id='word_1_294' title='bbox 908 2189 1166 2227; x_wconf 82' lang='lat' dir='ltr'>quomodolibet,</span> 
     </span>
     <span class='ocr_line' id='line_1_60' title="bbox 197 2240 1169 2281; baseline 0 -9"><span class='ocrx_word' id='word_1_295' title='bbox 197 2250 327 2272; x_wconf 86' lang='lat' dir='ltr'>necnon</span> <span class='ocrx_word' id='word_1_296' title='bbox 343 2240 571 2271; x_wconf 80' lang='lat' dir='ltr'>confessiones</span> <span class='ocrx_word' id='word_1_297' title='bbox 586 2244 653 2270; x_wconf 83' lang='lat' dir='ltr'>tam</span> <span class='ocrx_word' id='word_1_298' title='bbox 669 2249 768 2279; x_wconf 88' lang='lat' dir='ltr'>super</span> <span class='ocrx_word' id='word_1_299' title='bbox 783 2242 988 2279; x_wconf 84' lang='lat' dir='ltr'>possessorio</span> <span class='ocrx_word' id='word_1_300' title='bbox 1003 2251 1102 2281; x_wconf 84' lang='lat' dir='ltr'>quam</span> <span class='ocrx_word' id='word_1_301' title='bbox 1116 2252 1169 2281; x_wconf 83' lang='lat' dir='ltr'>pe-</span> 
     </span>
     <span class='ocr_line' id='line_1_61' title="bbox 198 2293 1168 2334; baseline 0.002 -10"><span class='ocrx_word' id='word_1_302' title='bbox 198 2294 312 2324; x_wconf 87' lang='lat' dir='ltr'>titorio</span> <span class='ocrx_word' id='word_1_303' title='bbox 332 2293 464 2323; x_wconf 78' lang='lat' dir='ltr'>habitos</span> <span class='ocrx_word' id='word_1_304' title='bbox 481 2293 568 2323; x_wconf 88' lang='lat' dir='ltr'>inter</span> <span class='ocrx_word' id='word_1_305' title='bbox 587 2297 697 2331; x_wconf 85' lang='lat' dir='ltr'>partes</span> <span class='ocrx_word' id='word_1_306' title='bbox 714 2294 846 2324; x_wconf 85' lang='lat' dir='ltr'>easdem</span> <span class='ocrx_word' id='word_1_307' title='bbox 862 2303 968 2333; x_wconf 88' lang='lat' dir='ltr'>usque</span> <span class='ocrx_word' id='word_1_308' title='bbox 985 2295 1025 2324; x_wconf 85' lang='lat' dir='ltr'>ad</span> <span class='ocrx_word' id='word_1_309' title='bbox 1039 2300 1168 2334; x_wconf 86' lang='lat' dir='ltr'>tempus</span> 
     </span>
     <span class='ocr_line' id='line_1_62' title="bbox 199 2345 1169 2385; baseline -0.002 -9"><span class='ocrx_word' id='word_1_310' title='bbox 199 2345 429 2385; x_wconf 84' lang='lat' dir='ltr'>compromissi</span> <span class='ocrx_word' id='word_1_311' title='bbox 458 2345 612 2383; x_wconf 87' lang='lat' dir='ltr'>superius</span> <span class='ocrx_word' id='word_1_312' title='bbox 638 2349 864 2381; x_wconf 83' lang='lat' dir='ltr'>ennarratum,</span> <span class='ocrx_word' id='word_1_313' title='bbox 890 2346 1110 2377; x_wconf 87' lang='lat' dir='ltr'>substulimus</span> <span class='ocrx_word' id='word_1_314' title='bbox 1138 2352 1169 2378; x_wconf 87' lang='lat' dir='ltr'>et</span> 
     </span>
     <span class='ocr_line' id='line_1_63' title="bbox 198 2398 567 2438; baseline -0.008 -9"><span class='ocrx_word' id='word_1_315' title='bbox 198 2408 335 2438; x_wconf 89' lang='lat' dir='ltr'>prorsus</span> <span class='ocrx_word' id='word_1_316' title='bbox 355 2398 567 2428; x_wconf 75' lang='lat' dir='ltr'>extinximus.</span> 
     </span>
    </p>

    <p class='ocr_par' dir='ltr' id='par_1_26' title="bbox 200 2451 1172 2964">
     <span class='ocr_line' id='line_1_64' title="bbox 201 2451 1170 2489; baseline 0.003 -10"><span class='ocrx_word' id='word_1_317' title='bbox 201 2464 215 2479; x_wconf 74' lang='lat' dir='ltr'>n</span> <span class='ocrx_word' id='word_1_318' title='bbox 240 2452 430 2482; x_wconf 80' lang='lat' dir='ltr'>Statuentes</span> <span class='ocrx_word' id='word_1_319' title='bbox 452 2460 507 2480; x_wconf 83' lang='grc'>005</span> <span class='ocrx_word' id='word_1_320' title='bbox 529 2455 559 2480; x_wconf 89' lang='grc'>01</span> <span class='ocrx_word' id='word_1_321' title='bbox 581 2460 651 2485; x_wconf 79' lang='lat' dir='ltr'>eas,</span> <span class='ocrx_word' id='word_1_322' title='bbox 680 2451 786 2489; x_wconf 86' lang='lat' dir='ltr'>quoad</span> <span class='ocrx_word' id='word_1_323' title='bbox 809 2451 1003 2488; x_wconf 80' lang='lat' dir='ltr'>utilitatem,</span> <span class='ocrx_word' id='word_1_324' title='bbox 1025 2462 1170 2483; x_wconf 86' lang='lat' dir='ltr'>commo-</span> 
     </span>
     <span class='ocr_line' id='line_1_65' title="bbox 201 2503 1169 2543; baseline 0.002 -10"><span class='ocrx_word' id='word_1_325' title='bbox 201 2505 289 2540; x_wconf 90' lang='lat' dir='ltr'>dum,</span> <span class='ocrx_word' id='word_1_326' title='bbox 306 2503 525 2543; x_wconf 78' lang='lat' dir='ltr'>prejudicium</span> <span class='ocrx_word' id='word_1_327' title='bbox 541 2503 611 2533; x_wconf 81' lang='lat' dir='ltr'>sive</span> <span class='ocrx_word' id='word_1_328' title='bbox 626 2503 804 2541; x_wconf 86' lang='lat' dir='ltr'>dampnum</span> <span class='ocrx_word' id='word_1_329' title='bbox 818 2504 961 2542; x_wconf 86' lang='lat' dir='ltr'>partium</span> <span class='ocrx_word' id='word_1_330' title='bbox 979 2506 1169 2536; x_wconf 86' lang='lat' dir='ltr'>earumdem</span> 
     </span>
     <span class='ocr_line' id='line_1_66' title="bbox 200 2555 1170 2596; baseline 0.001 -9"><span class='ocrx_word' id='word_1_331' title='bbox 200 2557 252 2587; x_wconf 91' lang='lat' dir='ltr'>vel</span> <span class='ocrx_word' id='word_1_332' title='bbox 268 2557 415 2595; x_wconf 88' lang='lat' dir='ltr'>ipsarum</span> <span class='ocrx_word' id='word_1_333' title='bbox 434 2556 583 2591; x_wconf 83' lang='lat' dir='ltr'>alterius,</span> <span class='ocrx_word' id='word_1_334' title='bbox 596 2555 703 2594; x_wconf 79' lang='lat' dir='ltr'>quoad</span> <span class='ocrx_word' id='word_1_335' title='bbox 717 2556 951 2594; x_wconf 76' lang='lat' dir='ltr'>proprietatem</span> <span class='ocrx_word' id='word_1_336' title='bbox 969 2566 1027 2587; x_wconf 85' lang='lat' dir='ltr'>seu</span> <span class='ocrx_word' id='word_1_337' title='bbox 1044 2567 1170 2596; x_wconf 84' lang='lat' dir='ltr'>posses-</span> 
     </span>
     <span class='ocr_line' id='line_1_67' title="bbox 201 2607 1171 2645; baseline -0.001 -5"><span class='ocrx_word' id='word_1_338' title='bbox 201 2609 346 2643; x_wconf 85' lang='lat' dir='ltr'>sionem,</span> <span class='ocrx_word' id='word_1_339' title='bbox 366 2608 491 2638; x_wconf 92' lang='lat' dir='ltr'>nullius</span> <span class='ocrx_word' id='word_1_340' title='bbox 515 2617 587 2638; x_wconf 85' lang='lat' dir='ltr'>esse</span> <span class='ocrx_word' id='word_1_341' title='bbox 606 2607 656 2637; x_wconf 89' lang='lat' dir='ltr'>vel</span> <span class='ocrx_word' id='word_1_342' title='bbox 674 2608 743 2637; x_wconf 88' lang='lat' dir='ltr'>fore</span> <span class='ocrx_word' id='word_1_343' title='bbox 760 2608 897 2643; x_wconf 80' lang='lat' dir='ltr'>valoris,</span> <span class='ocrx_word' id='word_1_344' title='bbox 916 2609 1099 2645; x_wconf 75' lang='lat' dir='ltr'>firmitatis,</span> <span class='ocrx_word' id='word_1_345' title='bbox 1118 2620 1171 2639; x_wconf 90' lang='lat' dir='ltr'>ro-</span> 
     </span>
     <span class='ocr_line' id='line_1_68' title="bbox 200 2660 1172 2697; baseline 0.001 -5"><span class='ocrx_word' id='word_1_346' title='bbox 200 2662 308 2697; x_wconf 81' lang='lat' dir='ltr'>boris,</span> <span class='ocrx_word' id='word_1_347' title='bbox 331 2670 389 2691; x_wconf 91' lang='grc'><strong>5011</strong></span> <span class='ocrx_word' id='word_1_348' title='bbox 415 2661 585 2690; x_wconf 88' lang='lat' dir='ltr'>momenti.</span> <span class='ocrx_word' id='word_1_349' title='bbox 613 2660 845 2691; x_wconf 83' lang='lat' dir='ltr'>Mandavimus</span> <span class='ocrx_word' id='word_1_350' title='bbox 867 2661 966 2691; x_wconf 88' lang='lat' dir='ltr'>etiam</span> <span class='ocrx_word' id='word_1_351' title='bbox 989 2666 1024 2692; x_wconf 85' lang='lat' dir='ltr'>ut</span> <span class='ocrx_word' id='word_1_352' title='bbox 1048 2663 1095 2693; x_wconf 94' lang='grc'>015</span> <span class='ocrx_word' id='word_1_353' title='bbox 1121 2664 1172 2693; x_wconf 82' lang='lat' dir='ltr'>vel</span> 
     </span>
     <span class='ocr_line' id='line_1_69' title="bbox 201 2713 1172 2752; baseline 0 -7"><span class='ocrx_word' id='word_1_354' title='bbox 201 2723 314 2745; x_wconf 87' lang='lat' dir='ltr'>eorum</span> <span class='ocrx_word' id='word_1_355' title='bbox 331 2713 442 2752; x_wconf 84' lang='lat' dir='ltr'>aliquo</span> <span class='ocrx_word' id='word_1_356' title='bbox 459 2713 615 2751; x_wconf 75' lang='lat' dir='ltr'>deinceps</span> <span class='ocrx_word' id='word_1_357' title='bbox 633 2718 750 2743; x_wconf 85' lang='lat' dir='ltr'>neutra</span> <span class='ocrx_word' id='word_1_358' title='bbox 766 2713 909 2751; x_wconf 86' lang='lat' dir='ltr'>partium</span> <span class='ocrx_word' id='word_1_359' title='bbox 927 2719 1076 2745; x_wconf 84' lang='lat' dir='ltr'>uteretur</span> <span class='ocrx_word' id='word_1_360' title='bbox 1091 2726 1097 2744; x_wconf 90' lang='lat'>:</span> <span class='ocrx_word' id='word_1_361' title='bbox 1111 2716 1172 2746; x_wconf 88' lang='lat' dir='ltr'>hoc</span> 
     </span>
     <span class='ocr_line' id='line_1_70' title="bbox 201 2766 1172 2806; baseline 0.002 -9"><span class='ocrx_word' id='word_1_362' title='bbox 201 2768 310 2806; x_wconf 89' lang='lat' dir='ltr'>ipsum</span> <span class='ocrx_word' id='word_1_363' title='bbox 335 2766 564 2796; x_wconf 79' lang='lat' dir='ltr'>ordinavimus</span> <span class='ocrx_word' id='word_1_364' title='bbox 590 2770 621 2796; x_wconf 88' lang='lat' dir='ltr'>et</span> <span class='ocrx_word' id='word_1_365' title='bbox 646 2766 864 2796; x_wconf 79' lang='lat' dir='ltr'>diffinivimus</span> <span class='ocrx_word' id='word_1_366' title='bbox 885 2767 924 2796; x_wconf 88' lang='lat' dir='ltr'>de</span> <span class='ocrx_word' id='word_1_367' title='bbox 947 2767 1172 2799; x_wconf 82' lang='lat' dir='ltr'>oblationibus</span> 
     </span>
     <span class='ocr_line' id='line_1_71' title="bbox 202 2819 1170 2858; baseline 0.002 -8"><span class='ocrx_word' id='word_1_368' title='bbox 202 2819 406 2854; x_wconf 82' lang='lat' dir='ltr'>libellorum,</span> <span class='ocrx_word' id='word_1_369' title='bbox 426 2819 724 2848; x_wconf 78' lang='lat' dir='ltr'>contestationibus</span> <span class='ocrx_word' id='word_1_370' title='bbox 745 2819 871 2854; x_wconf 77' lang='lat' dir='ltr'>litium,</span> <span class='ocrx_word' id='word_1_371' title='bbox 891 2820 1170 2858; x_wconf 84' lang='lat' dir='ltr'>confessionibus,</span> 
     </span>
     <span class='ocr_line' id='line_1_72' title="bbox 203 2871 1171 2912; baseline 0.004 -11"><span class='ocrx_word' id='word_1_372' title='bbox 203 2872 359 2910; x_wconf 82' lang='lat' dir='ltr'>omnique</span> <span class='ocrx_word' id='word_1_373' title='bbox 395 2880 551 2909; x_wconf 82' lang='lat' dir='ltr'>processu</span> <span class='ocrx_word' id='word_1_374' title='bbox 581 2871 681 2901; x_wconf 90' lang='lat' dir='ltr'>ctiam</span> <span class='ocrx_word' id='word_1_375' title='bbox 714 2880 732 2901; x_wconf 86' lang='lat' dir='ltr'>a</span> <span class='ocrx_word' id='word_1_376' title='bbox 767 2876 910 2910; x_wconf 70' lang='lat' dir='ltr'>tempore</span> <span class='ocrx_word' id='word_1_377' title='bbox 943 2876 1171 2912; x_wconf 83' lang='lat' dir='ltr'>compromissi</span> 
     </span>
     <span class='ocr_line' id='line_1_73' title="bbox 201 2923 1171 2964; baseline 0.003 -10"><span class='ocrx_word' id='word_1_378' title='bbox 201 2933 306 2963; x_wconf 61' lang='lat' dir='ltr'>usquc¹</span> <span class='ocrx_word' id='word_1_379' title='bbox 327 2929 413 2959; x_wconf 60' lang='lat' dir='ltr'>tunc,</span> <span class='ocrx_word' id='word_1_380' title='bbox 432 2923 519 2953; x_wconf 88' lang='lat' dir='ltr'>circa</span> <span class='ocrx_word' id='word_1_381' title='bbox 537 2923 779 2962; x_wconf 77' lang='lat' dir='ltr'>possessorium</span> <span class='ocrx_word' id='word_1_382' title='bbox 800 2923 878 2954; x_wconf 86' lang='lat' dir='ltr'>hinc</span> <span class='ocrx_word' id='word_1_383' title='bbox 896 2924 973 2955; x_wconf 84' lang='lat' dir='ltr'>inde</span> <span class='ocrx_word' id='word_1_384' title='bbox 990 2934 1007 2955; x_wconf 88' lang='lat' dir='ltr'>a</span> <span class='ocrx_word' id='word_1_385' title='bbox 1020 2928 1171 2964; x_wconf 83' lang='lat' dir='ltr'>partibus</span> 
     </span>
    </p>
   </div>
   <div class='ocr_carea' id='block_1_25' title="bbox 1241 347 1255 362">
    <p class='ocr_par' dir='ltr' id='par_1_27' title="bbox 1241 347 1255 362">
     <span class='ocr_line' id='line_1_74' title="bbox 1241 347 1255 362; baseline 0 0"><span class='ocrx_word' id='word_1_386' title='bbox 1241 347 1255 362; x_wconf 64' lang='lat'>³)</span> 
     </span>
    </p>
   </div>
   <div class='ocr_carea' id='block_1_26' title="bbox 1242 402 1254 415">
    <p class='ocr_par' dir='ltr' id='par_1_28' title="bbox 1242 402 1254 415">
     <span class='ocr_line' id='line_1_75' title="bbox 1242 402 1254 415; baseline 0 0"><span class='ocrx_word' id='word_1_387' title='bbox 1242 402 1254 415; x_wconf 69' lang='lat'>&gt;7</span> 
     </span>
    </p>
   </div>
   <div class='ocr_carea' id='block_1_27' title="bbox 1241 453 1255 468">
    <p class='ocr_par' dir='ltr' id='par_1_29' title="bbox 1241 453 1255 468">
     <span class='ocr_line' id='line_1_76' title="bbox 1241 453 1255 468; baseline 0 0"><span class='ocrx_word' id='word_1_388' title='bbox 1241 453 1255 468; x_wconf 73' lang='lat' dir='ltr'>D</span> 
     </span>
    </p>
   </div>
   <div class='ocr_carea' id='block_1_28' title="bbox 1243 506 1255 520">
    <p class='ocr_par' dir='ltr' id='par_1_30' title="bbox 1243 506 1255 520">
     <span class='ocr_line' id='line_1_77' title="bbox 1243 506 1255 520; baseline 0 0"><span class='ocrx_word' id='word_1_389' title='bbox 1243 506 1255 520; x_wconf 86' lang='grc'>))</span> 
     </span>
    </p>
   </div>
   <div class='ocr_carea' id='block_1_29' title="bbox 1243 560 1255 574">
    <p class='ocr_par' dir='ltr' id='par_1_31' title="bbox 1243 560 1255 574">
     <span class='ocr_line' id='line_1_78' title="bbox 1243 560 1255 574; baseline 0.083 -1"><span class='ocrx_word' id='word_1_390' title='bbox 1243 560 1255 574; x_wconf 87' lang='grc'>))</span> 
     </span>
    </p>
   </div>
   <div class='ocr_carea' id='block_1_30' title="bbox 1244 612 1256 625">
    <p class='ocr_par' dir='ltr' id='par_1_32' title="bbox 1244 612 1256 625">
     <span class='ocr_line' id='line_1_79' title="bbox 1244 612 1256 625; baseline 0 0"><span class='ocrx_word' id='word_1_391' title='bbox 1244 612 1256 625; x_wconf 78' lang='grc'>))</span> 
     </span>
    </p>
   </div>
   <div class='ocr_carea' id='block_1_31' title="bbox 1280 334 2264 2964">
    <p class='ocr_par' dir='ltr' id='par_1_33' title="bbox 1280 334 2250 638">
     <span class='ocr_line' id='line_1_80' title="bbox 1280 334 2247 373; baseline -0.002 -9"><span class='ocrx_word' id='word_1_392' title='bbox 1280 335 1362 373; x_wconf 82' lang='lat' dir='ltr'>ipsis</span> <span class='ocrx_word' id='word_1_393' title='bbox 1380 335 1504 365; x_wconf 85' lang='lat' dir='ltr'>habitis</span> <span class='ocrx_word' id='word_1_394' title='bbox 1520 344 1628 365; x_wconf 89' lang='lat' dir='ltr'>coram</span> <span class='ocrx_word' id='word_1_395' title='bbox 1646 334 1752 368; x_wconf 78' lang='grc'><strong>1101115,</strong></span> <span class='ocrx_word' id='word_1_396' title='bbox 1764 334 1972 363; x_wconf 73' lang='lat' dir='ltr'>inconcussis</span> <span class='ocrx_word' id='word_1_397' title='bbox 1986 339 2014 364; x_wconf 90' lang='grc'>01</span> <span class='ocrx_word' id='word_1_398' title='bbox 2028 334 2166 363; x_wconf 71' lang='lat' dir='ltr'>illibatis</span> <span class='ocrx_word' id='word_1_399' title='bbox 2183 343 2247 363; x_wconf 89' lang='lat' dir='ltr'>ma-</span> 
     </span>
     <span class='ocr_line' id='line_1_81' title="bbox 1281 388 2249 427; baseline -0.002 -9"><span class='ocrx_word' id='word_1_400' title='bbox 1281 390 1453 423; x_wconf 68' lang='lat' dir='ltr'>nentibus,</span> <span class='ocrx_word' id='word_1_401' title='bbox 1472 390 1562 419; x_wconf 88' lang='lat' dir='ltr'>omni</span> <span class='ocrx_word' id='word_1_402' title='bbox 1579 398 1615 419; x_wconf 88' lang='lat' dir='ltr'>eo</span> <span class='ocrx_word' id='word_1_403' title='bbox 1633 388 1719 427; x_wconf 84' lang='lat' dir='ltr'>quod</span> <span class='ocrx_word' id='word_1_404' title='bbox 1737 389 1770 417; x_wconf 92' lang='lat' dir='ltr'>in</span> <span class='ocrx_word' id='word_1_405' title='bbox 1788 392 1897 417; x_wconf 82' lang='lat' dir='ltr'>nostra</span> <span class='ocrx_word' id='word_1_406' title='bbox 1919 388 2084 426; x_wconf 79' lang='lat' dir='ltr'>presentia</span> <span class='ocrx_word' id='word_1_407' title='bbox 2107 389 2139 417; x_wconf 92' lang='lat' dir='ltr'>in</span> <span class='ocrx_word' id='word_1_408' title='bbox 2164 388 2249 426; x_wconf 78' lang='lat' dir='ltr'>peti-</span> 
     </span>
     <span class='ocr_line' id='line_1_82' title="bbox 1282 441 2247 478; baseline -0.002 -8"><span class='ocrx_word' id='word_1_409' title='bbox 1282 442 1364 471; x_wconf 84' lang='lat' dir='ltr'>torio</span> <span class='ocrx_word' id='word_1_410' title='bbox 1393 446 1500 471; x_wconf 89' lang='lat' dir='ltr'>actum</span> <span class='ocrx_word' id='word_1_411' title='bbox 1531 446 1599 471; x_wconf 78' lang='grc'><strong>01111</strong></span> <span class='ocrx_word' id='word_1_412' title='bbox 1630 450 1648 470; x_wconf 86' lang='lat' dir='ltr'>a</span> <span class='ocrx_word' id='word_1_413' title='bbox 1678 446 1821 478; x_wconf 65' lang='lat' dir='ltr'>tempore</span> <span class='ocrx_word' id='word_1_414' title='bbox 1849 441 2093 478; x_wconf 65' lang='lat' dir='ltr'>compromissi,</span> <span class='ocrx_word' id='word_1_415' title='bbox 2120 449 2247 470; x_wconf 75' lang='lat' dir='ltr'>necnon</span> 
     </span>
     <span class='ocr_line' id='line_1_83' title="bbox 1281 493 2250 532; baseline -0.001 -9"><span class='ocrx_word' id='word_1_416' title='bbox 1281 494 1480 532; x_wconf 80' lang='lat' dir='ltr'>quibusdam</span> <span class='ocrx_word' id='word_1_417' title='bbox 1497 494 1764 524; x_wconf 75' lang='lat' dir='ltr'>confessionibus</span> <span class='ocrx_word' id='word_1_418' title='bbox 1782 494 1925 531; x_wconf 85' lang='lat' dir='ltr'>partium</span> <span class='ocrx_word' id='word_1_419' title='bbox 1942 494 2019 523; x_wconf 89' lang='lat' dir='ltr'>olim</span> <span class='ocrx_word' id='word_1_420' title='bbox 2038 493 2133 523; x_wconf 77' lang='lat' dir='ltr'>sactis</span> <span class='ocrx_word' id='word_1_421' title='bbox 2151 502 2250 531; x_wconf 88' lang='lat' dir='ltr'>super</span> 
     </span>
     <span class='ocr_line' id='line_1_84' title="bbox 1281 546 2248 585; baseline -0.001 -9"><span class='ocrx_word' id='word_1_422' title='bbox 1281 547 1503 577; x_wconf 81' lang='lat' dir='ltr'>divisionibus</span> <span class='ocrx_word' id='word_1_423' title='bbox 1520 547 1608 585; x_wconf 62' lang='lat' dir='ltr'>regis</span> <span class='ocrx_word' id='word_1_424' title='bbox 1624 547 1764 579; x_wconf 69' lang='lat' dir='ltr'>Bambe,</span> <span class='ocrx_word' id='word_1_425' title='bbox 1787 547 1847 576; x_wconf 89' lang='lat' dir='ltr'>sub</span> <span class='ocrx_word' id='word_1_426' title='bbox 1866 546 1956 576; x_wconf 88' lang='lat' dir='ltr'>bulla</span> <span class='ocrx_word' id='word_1_427' title='bbox 1972 547 2079 576; x_wconf 76' lang='lat' dir='ltr'>felicis</span> <span class='ocrx_word' id='word_1_428' title='bbox 2096 547 2248 576; x_wconf 79' lang='lat' dir='ltr'>recorda-</span> 
     </span>
     <span class='ocr_line' id='line_1_85' title="bbox 1283 599 2145 638; baseline -0.001 -10"><span class='ocrx_word' id='word_1_429' title='bbox 1283 599 1383 629; x_wconf 82' lang='lat' dir='ltr'>tiouis</span> <span class='ocrx_word' id='word_1_430' title='bbox 1405 600 1530 629; x_wconf 89' lang='lat' dir='ltr'>domini</span> <span class='ocrx_word' id='word_1_431' title='bbox 1548 600 1688 629; x_wconf 89' lang='lat' dir='ltr'>Honorii</span> <span class='ocrx_word' id='word_1_432' title='bbox 1707 608 1787 638; x_wconf 89' lang='lat' dir='ltr'>pape</span> <span class='ocrx_word' id='word_1_433' title='bbox 1808 600 1867 634; x_wconf 86' lang='grc'><strong>111,</strong></span> <span class='ocrx_word' id='word_1_434' title='bbox 1887 599 2145 637; x_wconf 76' lang='lat' dir='ltr'>comprehensis,</span> 
     </span>
    </p>

    <p class='ocr_par' dir='ltr' id='par_1_34' title="bbox 1283 651 2263 2216">
     <span class='ocr_line' id='line_1_86' title="bbox 1284 651 2249 689; baseline 0 -8"><span class='ocrx_word' id='word_1_435' title='bbox 1284 664 1296 678; x_wconf 67' lang='lat'>&gt;³</span> <span class='ocrx_word' id='word_1_436' title='bbox 1325 653 1508 681; x_wconf 76' lang='lat' dir='ltr'>Statuimus</span> <span class='ocrx_word' id='word_1_437' title='bbox 1531 652 1654 681; x_wconf 87' lang='lat' dir='ltr'>etenim</span> <span class='ocrx_word' id='word_1_438' title='bbox 1676 655 1785 689; x_wconf 84' lang='lat' dir='ltr'>partes</span> <span class='ocrx_word' id='word_1_439' title='bbox 1804 651 1980 689; x_wconf 85' lang='lat' dir='ltr'>jamdictas</span> <span class='ocrx_word' id='word_1_440' title='bbox 2002 661 2100 689; x_wconf 78' lang='lat' dir='ltr'>super</span> <span class='ocrx_word' id='word_1_441' title='bbox 2119 660 2249 689; x_wconf 85' lang='lat' dir='ltr'>posses-</span> 
     </span>
     <span class='ocr_line' id='line_1_87' title="bbox 1283 703 2250 743; baseline -0.002 -9"><span class='ocrx_word' id='word_1_442' title='bbox 1283 704 1385 739; x_wconf 84' lang='lat' dir='ltr'>sorio⁷</span> <span class='ocrx_word' id='word_1_443' title='bbox 1406 704 1533 743; x_wconf 83' lang='lat' dir='ltr'>judicio</span> <span class='ocrx_word' id='word_1_444' title='bbox 1555 704 1717 733; x_wconf 86' lang='lat' dir='ltr'>intentato</span> <span class='ocrx_word' id='word_1_445' title='bbox 1744 703 1794 733; x_wconf 76' lang='lat' dir='ltr'>vel</span> <span class='ocrx_word' id='word_1_446' title='bbox 1818 704 2028 738; x_wconf 65' lang='lat' dir='ltr'>intentando‚</span> <span class='ocrx_word' id='word_1_447' title='bbox 2053 713 2152 741; x_wconf 77' lang='lat' dir='ltr'>super</span> <span class='ocrx_word' id='word_1_448' title='bbox 2176 713 2250 741; x_wconf 86' lang='lat' dir='ltr'>pre-</span> 
     </span>
     <span class='ocr_line' id='line_1_88' title="bbox 1284 756 2250 794; baseline 0 -9"><span class='ocrx_word' id='word_1_449' title='bbox 1284 757 1396 786; x_wconf 84' lang='lat' dir='ltr'>missis</span> <span class='ocrx_word' id='word_1_450' title='bbox 1417 757 1572 786; x_wconf 88' lang='lat' dir='ltr'>omuibus</span> <span class='ocrx_word' id='word_1_451' title='bbox 1594 756 1644 785; x_wconf 84' lang='lat' dir='ltr'>vel</span> <span class='ocrx_word' id='word_1_452' title='bbox 1665 756 1776 794; x_wconf 88' lang='lat' dir='ltr'>aliquo</span> <span class='ocrx_word' id='word_1_453' title='bbox 1795 756 2033 793; x_wconf 85' lang='lat' dir='ltr'>premissorum</span> <span class='ocrx_word' id='word_1_454' title='bbox 2058 756 2250 785; x_wconf 82' lang='lat' dir='ltr'>nullatenus</span> 
     </span>
     <span class='ocr_line' id='line_1_89' title="bbox 1284 808 2252 847; baseline -0.001 -8"><span class='ocrx_word' id='word_1_455' title='bbox 1284 810 1477 839; x_wconf 82' lang='lat' dir='ltr'>audiendas.</span> <span class='ocrx_word' id='word_1_456' title='bbox 1508 809 1666 839; x_wconf 71' lang='lat' dir='ltr'>Volentes</span> <span class='ocrx_word' id='word_1_457' title='bbox 1697 809 1783 847; x_wconf 83' lang='lat' dir='ltr'>quod</span> <span class='ocrx_word' id='word_1_458' title='bbox 1809 809 1891 838; x_wconf 74' lang='lat' dir='ltr'>actis</span> <span class='ocrx_word' id='word_1_459' title='bbox 1922 808 2142 847; x_wconf 73' lang='lat' dir='ltr'>quibuslibet.</span> <span class='ocrx_word' id='word_1_460' title='bbox 2170 818 2252 847; x_wconf 87' lang='lat' dir='ltr'>quo-</span> 
     </span>
     <span class='ocr_line' id='line_1_90' title="bbox 1284 861 2251 900; baseline -0.002 -8"><span class='ocrx_word' id='word_1_461' title='bbox 1284 871 1424 900; x_wconf 88' lang='lat' dir='ltr'>cumque</span> <span class='ocrx_word' id='word_1_462' title='bbox 1446 867 1589 900; x_wconf 87' lang='lat' dir='ltr'>tempore</span> <span class='ocrx_word' id='word_1_463' title='bbox 1613 862 1647 890; x_wconf 87' lang='lat' dir='ltr'>in</span> <span class='ocrx_word' id='word_1_464' title='bbox 1668 861 1874 899; x_wconf 71' lang='lat' dir='ltr'>possessorio</span> <span class='ocrx_word' id='word_1_465' title='bbox 1893 861 2031 895; x_wconf 68' lang='lat' dir='ltr'>habitis,</span> <span class='ocrx_word' id='word_1_466' title='bbox 2051 865 2081 890; x_wconf 88' lang='grc'>01</span> <span class='ocrx_word' id='word_1_467' title='bbox 2100 861 2198 890; x_wconf 83' lang='lat' dir='ltr'>etiam</span> <span class='ocrx_word' id='word_1_468' title='bbox 2216 862 2251 890; x_wconf 90' lang='grc'>111</span> 
     </span>
     <span class='ocr_line' id='line_1_91' title="bbox 1284 913 2253 952; baseline -0.002 -8"><span class='ocrx_word' id='word_1_469' title='bbox 1284 915 1437 952; x_wconf 88' lang='lat' dir='ltr'>petitorio</span> <span class='ocrx_word' id='word_1_470' title='bbox 1459 923 1565 952; x_wconf 85' lang='lat' dir='ltr'>usque</span> <span class='ocrx_word' id='word_1_471' title='bbox 1587 914 1627 943; x_wconf 87' lang='lat' dir='ltr'>ad</span> <span class='ocrx_word' id='word_1_472' title='bbox 1649 918 1777 951; x_wconf 84' lang='lat' dir='ltr'>tempus</span> <span class='ocrx_word' id='word_1_473' title='bbox 1795 914 1873 942; x_wconf 85' lang='lat' dir='ltr'>dicti</span> <span class='ocrx_word' id='word_1_474' title='bbox 1893 913 2121 951; x_wconf 79' lang='lat' dir='ltr'>compromissi</span> <span class='ocrx_word' id='word_1_475' title='bbox 2145 917 2253 950; x_wconf 86' lang='lat' dir='ltr'>partes</span> 
     </span>
     <span class='ocr_line' id='line_1_92' title="bbox 1285 966 2254 999; baseline -0.001 -3"><span class='ocrx_word' id='word_1_476' title='bbox 1285 968 1397 997; x_wconf 87' lang='lat' dir='ltr'>eedem</span> <span class='ocrx_word' id='word_1_477' title='bbox 1421 967 1612 996; x_wconf 83' lang='lat' dir='ltr'>nullatenus</span> <span class='ocrx_word' id='word_1_478' title='bbox 1636 971 1820 999; x_wconf 85' lang='lat' dir='ltr'>uterentur,</span> <span class='ocrx_word' id='word_1_479' title='bbox 1838 966 1950 996; x_wconf 85' lang='lat' dir='ltr'>littera</span> <span class='ocrx_word' id='word_1_480' title='bbox 1971 966 2096 995; x_wconf 89' lang='lat' dir='ltr'>domini</span> <span class='ocrx_word' id='word_1_481' title='bbox 2113 966 2254 995; x_wconf 87' lang='lat' dir='ltr'>Honorii</span> 
     </span>
     <span class='ocr_line' id='line_1_93' title="bbox 1285 1019 2255 1059; baseline -0.002 -9"><span class='ocrx_word' id='word_1_482' title='bbox 1285 1021 1447 1059; x_wconf 84' lang='lat' dir='ltr'>prelibata</span> <span class='ocrx_word' id='word_1_483' title='bbox 1471 1030 1570 1058; x_wconf 80' lang='lat' dir='ltr'>super</span> <span class='ocrx_word' id='word_1_484' title='bbox 1593 1020 1816 1050; x_wconf 75' lang='lat' dir='ltr'>divisionibus</span> <span class='ocrx_word' id='word_1_485' title='bbox 1836 1020 1923 1057; x_wconf 73' lang='lat' dir='ltr'>regis</span> <span class='ocrx_word' id='word_1_486' title='bbox 1944 1019 2066 1049; x_wconf 78' lang='lat' dir='ltr'>Bambe</span> <span class='ocrx_word' id='word_1_487' title='bbox 2087 1019 2255 1049; x_wconf 83' lang='lat' dir='ltr'>dumtaxat</span> 
     </span>
     <span class='ocr_line' id='line_1_94' title="bbox 1286 1073 2255 1112; baseline -0.003 -8"><span class='ocrx_word' id='word_1_488' title='bbox 1286 1079 1429 1112; x_wconf 78' lang='lat' dir='ltr'>excepta.</span> <span class='ocrx_word' id='word_1_489' title='bbox 1456 1074 1560 1104; x_wconf 91' lang='lat' dir='ltr'>Omne</span> <span class='ocrx_word' id='word_1_490' title='bbox 1589 1082 1730 1112; x_wconf 83' lang='lat' dir='ltr'>namque</span> <span class='ocrx_word' id='word_1_491' title='bbox 1756 1073 1998 1111; x_wconf 78' lang='lat' dir='ltr'>possessorium</span> <span class='ocrx_word' id='word_1_492' title='bbox 2024 1073 2058 1101; x_wconf 91' lang='lat' dir='ltr'>in</span> <span class='ocrx_word' id='word_1_493' title='bbox 2081 1073 2255 1111; x_wconf 81' lang='lat' dir='ltr'>premissis</span> 
     </span>
     <span class='ocr_line' id='line_1_95' title="bbox 1286 1126 2252 1165; baseline -0.002 -9"><span class='ocrx_word' id='word_1_494' title='bbox 1286 1132 1315 1157; x_wconf 89' lang='lat' dir='ltr'>et</span> <span class='ocrx_word' id='word_1_495' title='bbox 1335 1127 1422 1157; x_wconf 85' lang='lat' dir='ltr'>circa</span> <span class='ocrx_word' id='word_1_496' title='bbox 1442 1127 1620 1165; x_wconf 73' lang='lat' dir='ltr'>premissa,</span> <span class='ocrx_word' id='word_1_497' title='bbox 1639 1127 1725 1165; x_wconf 85' lang='lat' dir='ltr'>quod</span> <span class='ocrx_word' id='word_1_498' title='bbox 1746 1126 1907 1164; x_wconf 86' lang='lat' dir='ltr'>potuisset</span> <span class='ocrx_word' id='word_1_499' title='bbox 1926 1135 1963 1156; x_wconf 80' lang='lat' dir='ltr'>ex</span> <span class='ocrx_word' id='word_1_500' title='bbox 1984 1126 2141 1164; x_wconf 81' lang='lat' dir='ltr'>predictis</span> <span class='ocrx_word' id='word_1_501' title='bbox 2161 1126 2252 1161; x_wconf 82' lang='lat' dir='ltr'>oriri,</span> 
     </span>
     <span class='ocr_line' id='line_1_96' title="bbox 1286 1179 2256 1219; baseline -0.002 -9"><span class='ocrx_word' id='word_1_502' title='bbox 1286 1190 1421 1219; x_wconf 76' lang='lat' dir='ltr'>prorsus</span> <span class='ocrx_word' id='word_1_503' title='bbox 1443 1180 1666 1214; x_wconf 72' lang='lat' dir='ltr'>abolevimus,</span> <span class='ocrx_word' id='word_1_504' title='bbox 1693 1180 1733 1209; x_wconf 82' lang='lat' dir='ltr'>ad</span> <span class='ocrx_word' id='word_1_505' title='bbox 1757 1180 1960 1210; x_wconf 83' lang='lat' dir='ltr'>decisionem</span> <span class='ocrx_word' id='word_1_506' title='bbox 1990 1179 2137 1217; x_wconf 85' lang='lat' dir='ltr'>petitorii</span> <span class='ocrx_word' id='word_1_507' title='bbox 2161 1179 2256 1218; x_wconf 78' lang='lat' dir='ltr'>juxta.</span> 
     </span>
     <span class='ocr_line' id='line_1_97' title="bbox 1287 1232 2255 1273; baseline -0.003 -9"><span class='ocrx_word' id='word_1_508' title='bbox 1287 1234 1373 1273; x_wconf 82' lang='lat' dir='ltr'>quod</span> <span class='ocrx_word' id='word_1_509' title='bbox 1391 1234 1487 1263; x_wconf 88' lang='lat' dir='ltr'>nobis</span> <span class='ocrx_word' id='word_1_510' title='bbox 1503 1233 1672 1263; x_wconf 86' lang='lat' dir='ltr'>videretur</span> <span class='ocrx_word' id='word_1_511' title='bbox 1688 1233 1864 1271; x_wconf 76' lang='lat' dir='ltr'>expediens</span> <span class='ocrx_word' id='word_1_512' title='bbox 1882 1232 2056 1270; x_wconf 87' lang='lat' dir='ltr'>procedere</span> <span class='ocrx_word' id='word_1_513' title='bbox 2078 1232 2255 1262; x_wconf 87' lang='lat' dir='ltr'>intenden-</span> 
     </span>
     <span class='ocr_line' id='line_1_98' title="bbox 1287 1285 2256 1325; baseline -0.003 -8"><span class='ocrx_word' id='word_1_514' title='bbox 1287 1293 1350 1322; x_wconf 61' lang='lat' dir='ltr'>tes,</span> <span class='ocrx_word' id='word_1_515' title='bbox 1377 1292 1473 1325; x_wconf 86' lang='lat' dir='ltr'>prout</span> <span class='ocrx_word' id='word_1_516' title='bbox 1494 1287 1555 1316; x_wconf 87' lang='grc'><strong>1100</strong></span> <span class='ocrx_word' id='word_1_517' title='bbox 1580 1287 1691 1316; x_wconf 89' lang='lat' dir='ltr'>omnia</span> <span class='ocrx_word' id='word_1_518' title='bbox 1717 1286 1751 1315; x_wconf 92' lang='lat' dir='ltr'>in</span> <span class='ocrx_word' id='word_1_519' title='bbox 1776 1286 1998 1315; x_wconf 87' lang='lat' dir='ltr'>instrumento</span> <span class='ocrx_word' id='word_1_520' title='bbox 2024 1285 2155 1323; x_wconf 81' lang='lat' dir='ltr'>publico</span> <span class='ocrx_word' id='word_1_521' title='bbox 2178 1285 2256 1315; x_wconf 86' lang='lat' dir='ltr'>inde</span> 
     </span>
     <span class='ocr_line' id='line_1_99' title="bbox 1287 1337 2256 1377; baseline -0.003 -8"><span class='ocrx_word' id='word_1_522' title='bbox 1287 1341 1451 1374; x_wconf 67' lang='lat' dir='ltr'>consecto,</span> <span class='ocrx_word' id='word_1_523' title='bbox 1471 1339 1576 1369; x_wconf 75' lang='lat' dir='ltr'>nostri</span> <span class='ocrx_word' id='word_1_524' title='bbox 1599 1339 1702 1377; x_wconf 62' lang='lat' dir='ltr'>sigilli</span> <span class='ocrx_word' id='word_1_525' title='bbox 1729 1338 1914 1368; x_wconf 89' lang='lat' dir='ltr'>munimine</span> <span class='ocrx_word' id='word_1_526' title='bbox 1937 1338 2105 1372; x_wconf 71' lang='lat' dir='ltr'>roborato,</span> <span class='ocrx_word' id='word_1_527' title='bbox 2124 1337 2256 1375; x_wconf 82' lang='lat' dir='ltr'>plenius</span> 
     </span>
     <span class='ocr_line' id='line_1_100' title="bbox 1288 1391 2256 1430; baseline -0.003 -7"><span class='ocrx_word' id='word_1_528' title='bbox 1288 1393 1486 1423; x_wconf 85' lang='lat' dir='ltr'>continetur.</span> <span class='ocrx_word' id='word_1_529' title='bbox 1505 1392 1656 1430; x_wconf 80' lang='lat' dir='ltr'>Denique</span> <span class='ocrx_word' id='word_1_530' title='bbox 1674 1391 1883 1421; x_wconf 83' lang='lat' dir='ltr'>ordinatione</span> <span class='ocrx_word' id='word_1_531' title='bbox 1901 1400 1959 1420; x_wconf 85' lang='lat' dir='ltr'>seu</span> <span class='ocrx_word' id='word_1_532' title='bbox 1975 1391 2164 1429; x_wconf 81' lang='lat' dir='ltr'>provisione</span> <span class='ocrx_word' id='word_1_533' title='bbox 2182 1399 2256 1428; x_wconf 88' lang='lat' dir='ltr'>pre-</span> 
     </span>
     <span class='ocr_line' id='line_1_101' title="bbox 1287 1444 2257 1483; baseline -0.004 -8"><span class='ocrx_word' id='word_1_534' title='bbox 1287 1446 1390 1475; x_wconf 84' lang='lat' dir='ltr'>missa</span> <span class='ocrx_word' id='word_1_535' title='bbox 1422 1454 1479 1483; x_wconf 89' lang='lat' dir='ltr'>per</span> <span class='ocrx_word' id='word_1_536' title='bbox 1509 1445 1626 1475; x_wconf 84' lang='lat' dir='ltr'>Sedem</span> <span class='ocrx_word' id='word_1_537' title='bbox 1656 1444 1879 1482; x_wconf 86' lang='lat' dir='ltr'>Apostolicam</span> <span class='ocrx_word' id='word_1_538' title='bbox 1908 1444 2118 1473; x_wconf 74' lang='lat' dir='ltr'>confirmata.</span> <span class='ocrx_word' id='word_1_539' title='bbox 2145 1447 2257 1481; x_wconf 83' lang='lat' dir='ltr'>partes</span> 
     </span>
     <span class='ocr_line' id='line_1_102' title="bbox 1288 1496 2257 1536; baseline -0.003 -8"><span class='ocrx_word' id='word_1_540' title='bbox 1288 1499 1400 1529; x_wconf 88' lang='lat' dir='ltr'>eedem</span> <span class='ocrx_word' id='word_1_541' title='bbox 1423 1497 1601 1527; x_wconf 82' lang='lat' dir='ltr'>constitute</span> <span class='ocrx_word' id='word_1_542' title='bbox 1625 1497 1659 1526; x_wconf 93' lang='lat' dir='ltr'>in</span> <span class='ocrx_word' id='word_1_543' title='bbox 1682 1497 1808 1536; x_wconf 81' lang='lat' dir='ltr'>judicio</span> <span class='ocrx_word' id='word_1_544' title='bbox 1834 1505 1942 1526; x_wconf 88' lang='lat' dir='ltr'>eoram</span> <span class='ocrx_word' id='word_1_545' title='bbox 1968 1496 2079 1531; x_wconf 83' lang='lat' dir='ltr'>nobis⁷</span> <span class='ocrx_word' id='word_1_546' title='bbox 2103 1504 2257 1525; x_wconf 86' lang='lat' dir='ltr'>asseren-</span> 
     </span>
     <span class='ocr_line' id='line_1_103' title="bbox 1289 1549 2256 1588; baseline -0.003 -7"><span class='ocrx_word' id='word_1_547' title='bbox 1289 1556 1337 1581; x_wconf 89' lang='lat' dir='ltr'>tes</span> <span class='ocrx_word' id='word_1_548' title='bbox 1362 1560 1396 1581; x_wconf 84' lang='lat' dir='ltr'>se</span> <span class='ocrx_word' id='word_1_549' title='bbox 1420 1551 1490 1580; x_wconf 87' lang='lat' dir='ltr'>sore</span> <span class='ocrx_word' id='word_1_550' title='bbox 1512 1553 1684 1580; x_wconf 87' lang='lat' dir='ltr'>contentas</span> <span class='ocrx_word' id='word_1_551' title='bbox 1707 1549 1774 1579; x_wconf 89' lang='lat' dir='ltr'>hiis</span> <span class='ocrx_word' id='word_1_552' title='bbox 1798 1558 1876 1588; x_wconf 83' lang='lat' dir='ltr'>que,</span> <span class='ocrx_word' id='word_1_553' title='bbox 1896 1549 1929 1578; x_wconf 90' lang='lat' dir='ltr'>in</span> <span class='ocrx_word' id='word_1_554' title='bbox 1949 1549 2095 1587; x_wconf 83' lang='lat' dir='ltr'>presenti</span> <span class='ocrx_word' id='word_1_555' title='bbox 2113 1549 2256 1586; x_wconf 75' lang='lat' dir='ltr'>negotio,</span> 
     </span>
     <span class='ocr_line' id='line_1_104' title="bbox 1287 1601 2258 1642; baseline -0.003 -9"><span class='ocrx_word' id='word_1_556' title='bbox 1287 1605 1321 1633; x_wconf 93' lang='lat' dir='ltr'>in</span> <span class='ocrx_word' id='word_1_557' title='bbox 1339 1603 1507 1642; x_wconf 84' lang='lat' dir='ltr'>presentia</span> <span class='ocrx_word' id='word_1_558' title='bbox 1526 1607 1636 1632; x_wconf 87' lang='lat' dir='ltr'>nostra</span> <span class='ocrx_word' id='word_1_559' title='bbox 1657 1606 1729 1632; x_wconf 88' lang='lat' dir='ltr'>acta</span> <span class='ocrx_word' id='word_1_560' title='bbox 1745 1603 1877 1631; x_wconf 81' lang='lat' dir='ltr'>fuerant</span> <span class='ocrx_word' id='word_1_561' title='bbox 1899 1602 1986 1631; x_wconf 88' lang='lat' dir='ltr'>inter</span> <span class='ocrx_word' id='word_1_562' title='bbox 2005 1611 2075 1637; x_wconf 83' lang='grc'><strong>0115,</strong></span> <span class='ocrx_word' id='word_1_563' title='bbox 2096 1611 2154 1631; x_wconf 86' lang='grc'><strong>1100</strong></span> <span class='ocrx_word' id='word_1_564' title='bbox 2175 1601 2258 1631; x_wconf 78' lang='lat' dir='ltr'>velle</span> 
     </span>
     <span class='ocr_line' id='line_1_105' title="bbox 1289 1655 2258 1694; baseline -0.003 -7"><span class='ocrx_word' id='word_1_565' title='bbox 1289 1657 1430 1687; x_wconf 89' lang='lat' dir='ltr'>ulterius</span> <span class='ocrx_word' id='word_1_566' title='bbox 1463 1656 1546 1686; x_wconf 90' lang='lat' dir='ltr'>alias</span> <span class='ocrx_word' id='word_1_567' title='bbox 1578 1655 1789 1694; x_wconf 85' lang='lat' dir='ltr'>probationes</span> <span class='ocrx_word' id='word_1_568' title='bbox 1822 1655 1999 1687; x_wconf 78' lang='lat' dir='ltr'>inducere,</span> <span class='ocrx_word' id='word_1_569' title='bbox 2032 1655 2258 1685; x_wconf 81' lang='lat' dir='ltr'>renunciando</span> 
     </span>
     <span class='ocr_line' id='line_1_106' title="bbox 1289 1708 2260 1749; baseline -0.004 -9"><span class='ocrx_word' id='word_1_570' title='bbox 1289 1711 1372 1749; x_wconf 90' lang='lat' dir='ltr'>ipsis</span> <span class='ocrx_word' id='word_1_571' title='bbox 1389 1709 1534 1743; x_wconf 78' lang='lat' dir='ltr'>omnino,</span> <span class='ocrx_word' id='word_1_572' title='bbox 1546 1709 1581 1738; x_wconf 89' lang='grc'>111</span> <span class='ocrx_word' id='word_1_573' title='bbox 1599 1708 1735 1746; x_wconf 72' lang='lat' dir='ltr'>negocio</span> <span class='ocrx_word' id='word_1_574' title='bbox 1752 1708 1996 1742; x_wconf 72' lang='lat' dir='ltr'>concluserunt,</span> <span class='ocrx_word' id='word_1_575' title='bbox 2009 1717 2082 1737; x_wconf 88' lang='lat' dir='ltr'>cum</span> <span class='ocrx_word' id='word_1_576' title='bbox 2099 1708 2260 1737; x_wconf 83' lang='lat' dir='ltr'>instantia</span> 
     </span>
     <span class='ocr_line' id='line_1_107' title="bbox 1290 1759 2258 1802; baseline -0.005 -9"><span class='ocrx_word' id='word_1_577' title='bbox 1290 1763 1495 1802; x_wconf 76' lang='lat' dir='ltr'>postulantes</span> <span class='ocrx_word' id='word_1_578' title='bbox 1510 1771 1527 1791; x_wconf 92' lang='lat' dir='ltr'>a</span> <span class='ocrx_word' id='word_1_579' title='bbox 1541 1761 1636 1791; x_wconf 84' lang='lat' dir='ltr'>nobis</span> <span class='ocrx_word' id='word_1_580' title='bbox 1653 1761 1739 1791; x_wconf 86' lang='lat' dir='ltr'>idem</span> <span class='ocrx_word' id='word_1_581' title='bbox 1758 1761 1931 1798; x_wconf 73' lang='lat' dir='ltr'>negocium</span> <span class='ocrx_word' id='word_1_582' title='bbox 1949 1759 2093 1789; x_wconf 79' lang='lat' dir='ltr'>finaliter</span> <span class='ocrx_word' id='word_1_583' title='bbox 2109 1760 2258 1789; x_wconf 78' lang='lat' dir='ltr'>diffiniri.</span> 
     </span>
     <span class='ocr_line' id='line_1_108' title="bbox 1292 1813 2260 1852; baseline -0.001 -9"><span class='ocrx_word' id='word_1_584' title='bbox 1292 1829 1304 1843; x_wconf 82' lang='lat'>)›</span> <span class='ocrx_word' id='word_1_585' title='bbox 1331 1817 1455 1846; x_wconf 65' lang='lat' dir='ltr'>Verum</span> <span class='ocrx_word' id='word_1_586' title='bbox 1476 1814 1664 1852; x_wconf 83' lang='lat' dir='ltr'>approbatis</span> <span class='ocrx_word' id='word_1_587' title='bbox 1686 1814 1726 1843; x_wconf 86' lang='lat' dir='ltr'>ab</span> <span class='ocrx_word' id='word_1_588' title='bbox 1747 1813 1904 1843; x_wconf 83' lang='lat' dir='ltr'>alterutra</span> <span class='ocrx_word' id='word_1_589' title='bbox 1923 1814 2064 1851; x_wconf 86' lang='lat' dir='ltr'>partium</span> <span class='ocrx_word' id='word_1_590' title='bbox 2083 1813 2260 1842; x_wconf 77' lang='lat' dir='ltr'>divisioni-</span> 
     </span>
     <span class='ocr_line' id='line_1_109' title="bbox 1289 1866 2261 1906; baseline -0.004 -7"><span class='ocrx_word' id='word_1_591' title='bbox 1289 1870 1351 1899; x_wconf 89' lang='lat' dir='ltr'>bus</span> <span class='ocrx_word' id='word_1_592' title='bbox 1367 1869 1455 1906; x_wconf 80' lang='lat' dir='ltr'>regis</span> <span class='ocrx_word' id='word_1_593' title='bbox 1472 1868 1613 1902; x_wconf 66' lang='lat' dir='ltr'>Bamtm,</span> <span class='ocrx_word' id='word_1_594' title='bbox 1632 1867 1692 1896; x_wconf 88' lang='lat' dir='ltr'>has</span> <span class='ocrx_word' id='word_1_595' title='bbox 1712 1876 1769 1905; x_wconf 88' lang='lat' dir='ltr'>pro</span> <span class='ocrx_word' id='word_1_596' title='bbox 1793 1876 1827 1896; x_wconf 89' lang='grc'>50</span> <span class='ocrx_word' id='word_1_597' title='bbox 1853 1871 1917 1895; x_wconf 85' lang='grc'><strong>111111</strong></span> <span class='ocrx_word' id='word_1_598' title='bbox 1941 1866 2019 1896; x_wconf 86' lang='grc'><strong>011111</strong></span> <span class='ocrx_word' id='word_1_599' title='bbox 2039 1875 2137 1904; x_wconf 85' lang='lat' dir='ltr'>quam</span> <span class='ocrx_word' id='word_1_600' title='bbox 2161 1867 2261 1896; x_wconf 87' lang='lat' dir='ltr'>etiam</span> 
     </span>
     <span class='ocr_line' id='line_1_110' title="bbox 1291 1919 2260 1959; baseline -0.003 -8"><span class='ocrx_word' id='word_1_601' title='bbox 1291 1931 1401 1952; x_wconf 89' lang='lat' dir='ltr'>eoram</span> <span class='ocrx_word' id='word_1_602' title='bbox 1414 1921 1510 1951; x_wconf 88' lang='lat' dir='ltr'>nobis</span> <span class='ocrx_word' id='word_1_603' title='bbox 1526 1930 1600 1959; x_wconf 85' lang='lat' dir='ltr'>pars</span> <span class='ocrx_word' id='word_1_604' title='bbox 1613 1919 1840 1958; x_wconf 78' lang='lat' dir='ltr'>Egitaniensis</span> <span class='ocrx_word' id='word_1_605' title='bbox 1855 1919 2020 1949; x_wconf 78' lang='lat' dir='ltr'>exhibuit:</span> <span class='ocrx_word' id='word_1_606' title='bbox 2033 1919 2260 1956; x_wconf 70' lang='lat' dir='ltr'>Egitaniensis</span> 
     </span>
     <span class='ocr_line' id='line_1_111' title="bbox 1293 1970 2261 2011; baseline -0.005 -6"><span class='ocrx_word' id='word_1_607' title='bbox 1293 1978 1401 2005; x_wconf 88' lang='lat' dir='ltr'>teneat</span> <span class='ocrx_word' id='word_1_608' title='bbox 1424 1974 1462 2003; x_wconf 88' lang='lat' dir='ltr'>‹le</span> <span class='ocrx_word' id='word_1_609' title='bbox 1482 1970 1614 2004; x_wconf 83' lang='lat' dir='ltr'>Salama</span> <span class='ocrx_word' id='word_1_610' title='bbox 1629 1982 1735 2011; x_wconf 83' lang='lat' dir='ltr'>usque</span> <span class='ocrx_word' id='word_1_611' title='bbox 1753 1972 1862 2006; x_wconf 80' lang='lat' dir='ltr'>Naba,</span> <span class='ocrx_word' id='word_1_612' title='bbox 1881 1972 1919 2001; x_wconf 89' lang='lat' dir='ltr'>de</span> <span class='ocrx_word' id='word_1_613' title='bbox 1937 1972 2023 2001; x_wconf 77' lang='lat' dir='ltr'>Sena</span> <span class='ocrx_word' id='word_1_614' title='bbox 2045 1981 2149 2010; x_wconf 81' lang='lat' dir='ltr'>usque</span> <span class='ocrx_word' id='word_1_615' title='bbox 2167 1972 2261 2001; x_wconf 87' lang='lat' dir='ltr'>Mou-</span> 
     </span>
     <span class='ocr_line' id='line_1_112' title="bbox 1290 2024 2259 2066; baseline -0.005 -9"><span class='ocrx_word' id='word_1_616' title='bbox 1290 2028 1387 2058; x_wconf 82' lang='lat' dir='ltr'>riella</span> <span class='ocrx_word' id='word_1_617' title='bbox 1402 2027 1485 2066; x_wconf 52' lang='grc' dir='ltr'>(εἵως</span> <span class='ocrx_word' id='word_1_618' title='bbox 1505 2027 1595 2055; x_wconf 75' lang='lat' dir='ltr'>infra</span> <span class='ocrx_word' id='word_1_619' title='bbox 1613 2026 1673 2055; x_wconf 89' lang='lat' dir='ltr'>hos</span> <span class='ocrx_word' id='word_1_620' title='bbox 1688 2025 1848 2055; x_wconf 87' lang='lat' dir='ltr'>terminos</span> <span class='ocrx_word' id='word_1_621' title='bbox 1863 2033 1957 2054; x_wconf 87' lang='lat' dir='ltr'>suam</span> <span class='ocrx_word' id='word_1_622' title='bbox 1973 2024 2072 2054; x_wconf 88' lang='lat' dir='ltr'>habet</span> <span class='ocrx_word' id='word_1_623' title='bbox 2089 2024 2259 2054; x_wconf 86' lang='lat' dir='ltr'>diocesim.</span> 
     </span>
     <span class='ocr_line' id='line_1_113' title="bbox 1291 2077 2262 2116; baseline -0.006 -5"><span class='ocrx_word' id='word_1_624' title='bbox 1291 2080 1473 2111; x_wconf 85' lang='lat' dir='ltr'>Colimbria</span> <span class='ocrx_word' id='word_1_625' title='bbox 1490 2083 1599 2109; x_wconf 87' lang='lat' dir='ltr'>teneat</span> <span class='ocrx_word' id='word_1_626' title='bbox 1613 2079 1651 2108; x_wconf 87' lang='lat' dir='ltr'>de</span> <span class='ocrx_word' id='word_1_627' title='bbox 1665 2078 1760 2108; x_wconf 87' lang='lat' dir='ltr'>Naba</span> <span class='ocrx_word' id='word_1_628' title='bbox 1773 2086 1877 2116; x_wconf 83' lang='lat' dir='ltr'>usque</span> <span class='ocrx_word' id='word_1_629' title='bbox 1890 2078 2043 2114; x_wconf 68' lang='lat' dir='ltr'>Borgam,</span> <span class='ocrx_word' id='word_1_630' title='bbox 2056 2077 2093 2106; x_wconf 89' lang='lat' dir='ltr'>de</span> <span class='ocrx_word' id='word_1_631' title='bbox 2103 2078 2262 2106; x_wconf 83' lang='lat' dir='ltr'>Torrente</span> 
     </span>
     <span class='ocr_line' id='line_1_114' title="bbox 1292 2129 2263 2172; baseline -0.005 -9"><span class='ocrx_word' id='word_1_632' title='bbox 1292 2142 1397 2172; x_wconf 79' lang='lat' dir='ltr'>usque</span> <span class='ocrx_word' id='word_1_633' title='bbox 1416 2134 1549 2167; x_wconf 76' lang='lat' dir='ltr'>Loram3</span> <span class='ocrx_word' id='word_1_634' title='bbox 1570 2132 1659 2160; x_wconf 80' lang='lat' dir='ltr'>infra</span> <span class='ocrx_word' id='word_1_635' title='bbox 1681 2131 1741 2160; x_wconf 90' lang='lat' dir='ltr'>hos</span> <span class='ocrx_word' id='word_1_636' title='bbox 1765 2130 1924 2160; x_wconf 86' lang='lat' dir='ltr'>terminos</span> <span class='ocrx_word' id='word_1_637' title='bbox 1949 2138 2043 2159; x_wconf 89' lang='lat' dir='ltr'>suam</span> <span class='ocrx_word' id='word_1_638' title='bbox 2067 2129 2166 2158; x_wconf 86' lang='lat' dir='ltr'>habet</span> <span class='ocrx_word' id='word_1_639' title='bbox 2192 2129 2263 2158; x_wconf 89' lang='lat' dir='ltr'>dio-</span> 
     </span>
     <span class='ocr_line' id='line_1_115' title="bbox 1293 2187 1407 2216; baseline -0.018 0"><span class='ocrx_word' id='word_1_640' title='bbox 1293 2187 1407 2216; x_wconf 88' lang='lat' dir='ltr'>cesim.</span> 
     </span>
    </p>

    <p class='ocr_par' dir='ltr' id='par_1_35' title="bbox 1292 2235 2264 2853">
     <span class='ocr_line' id='line_1_116' title="bbox 1295 2235 2264 2272; baseline -0.003 -6"><span class='ocrx_word' id='word_1_641' title='bbox 1295 2253 1307 2266; x_wconf 77' lang='grc'>»</span> <span class='ocrx_word' id='word_1_642' title='bbox 1333 2241 1414 2269; x_wconf 83' lang='lat' dir='ltr'>Pars</span> <span class='ocrx_word' id='word_1_643' title='bbox 1434 2242 1544 2268; x_wconf 87' lang='lat' dir='ltr'>autem</span> <span class='ocrx_word' id='word_1_644' title='bbox 1564 2235 1819 2268; x_wconf 88' lang='lat' dir='ltr'>Colimbriensis</span> <span class='ocrx_word' id='word_1_645' title='bbox 1842 2235 1902 2265; x_wconf 84' lang='lat' dir='ltr'>bas</span> <span class='ocrx_word' id='word_1_646' title='bbox 1924 2235 2055 2264; x_wconf 77' lang='lat' dir='ltr'>induxit</span> <span class='ocrx_word' id='word_1_647' title='bbox 2078 2245 2083 2263; x_wconf 88' lang='lat'><strong>:</strong></span> <span class='ocrx_word' id='word_1_648' title='bbox 2108 2235 2264 2272; x_wconf 70' lang='lat' dir='ltr'>Egitania</span> 
     </span>
     <span class='ocr_line' id='line_1_117' title="bbox 1292 2289 2261 2328; baseline -0.006 -5"><span class='ocrx_word' id='word_1_649' title='bbox 1292 2296 1401 2323; x_wconf 84' lang='lat' dir='ltr'>teneat</span> <span class='ocrx_word' id='word_1_650' title='bbox 1419 2292 1457 2322; x_wconf 86' lang='lat' dir='ltr'>de</span> <span class='ocrx_word' id='word_1_651' title='bbox 1472 2291 1603 2322; x_wconf 86' lang='lat' dir='ltr'>Salama</span> <span class='ocrx_word' id='word_1_652' title='bbox 1620 2299 1725 2328; x_wconf 87' lang='lat' dir='ltr'>usque</span> <span class='ocrx_word' id='word_1_653' title='bbox 1739 2290 1877 2319; x_wconf 75' lang='lat' dir='ltr'>Navam.</span> <span class='ocrx_word' id='word_1_654' title='bbox 1896 2289 1933 2318; x_wconf 86' lang='lat' dir='ltr'>de</span> <span class='ocrx_word' id='word_1_655' title='bbox 1950 2289 2035 2318; x_wconf 82' lang='lat' dir='ltr'>Sena</span> <span class='ocrx_word' id='word_1_656' title='bbox 2052 2297 2157 2327; x_wconf 80' lang='lat' dir='ltr'>usque</span> <span class='ocrx_word' id='word_1_657' title='bbox 2172 2289 2261 2317; x_wconf 81' lang='lat' dir='ltr'>Mau-</span> 
     </span>
     <span class='ocr_line' id='line_1_118' title="bbox 1292 2341 2262 2379; baseline -0.006 -4"><span class='ocrx_word' id='word_1_658' title='bbox 1292 2345 1440 2379; x_wconf 78' lang='lat' dir='ltr'>riellam3</span> <span class='ocrx_word' id='word_1_659' title='bbox 1460 2344 1549 2373; x_wconf 85' lang='lat' dir='ltr'>infra</span> <span class='ocrx_word' id='word_1_660' title='bbox 1571 2343 1631 2372; x_wconf 92' lang='lat' dir='ltr'>hos</span> <span class='ocrx_word' id='word_1_661' title='bbox 1658 2342 1818 2372; x_wconf 88' lang='lat' dir='ltr'>terminos</span> <span class='ocrx_word' id='word_1_662' title='bbox 1842 2350 1936 2371; x_wconf 88' lang='lat' dir='ltr'>suam</span> <span class='ocrx_word' id='word_1_663' title='bbox 1954 2341 2053 2371; x_wconf 82' lang='lat' dir='ltr'>habet</span> <span class='ocrx_word' id='word_1_664' title='bbox 2076 2341 2233 2371; x_wconf 82' lang='lat' dir='ltr'>diocesim</span> <span class='ocrx_word' id='word_1_665' title='bbox 2255 2351 2262 2369; x_wconf 91' lang='grc'>;</span> 
     </span>
     <span class='ocr_line' id='line_1_119' title="bbox 1295 2394 2263 2436; baseline -0.005 -7"><span class='ocrx_word' id='word_1_666' title='bbox 1295 2404 1360 2429; x_wconf 85' lang='grc'><strong>10111</strong></span> <span class='ocrx_word' id='word_1_667' title='bbox 1388 2398 1543 2436; x_wconf 70' lang='lat' dir='ltr'>Egitania</span> <span class='ocrx_word' id='word_1_668' title='bbox 1568 2398 1706 2430; x_wconf 66' lang='lat' dir='ltr'>Menne,</span> <span class='ocrx_word' id='word_1_669' title='bbox 1734 2395 1835 2434; x_wconf 87' lang='lat' dir='ltr'>Cepio</span> <span class='ocrx_word' id='word_1_670' title='bbox 1870 2399 1900 2424; x_wconf 87' lang='lat' dir='ltr'>et</span> <span class='ocrx_word' id='word_1_671' title='bbox 1934 2396 2078 2424; x_wconf 83' lang='lat' dir='ltr'>Francos</span> <span class='ocrx_word' id='word_1_672' title='bbox 2110 2394 2263 2424; x_wconf 86' lang='lat' dir='ltr'>subimus</span> 
     </span>
     <span class='ocr_line' id='line_1_120' title="bbox 1294 2448 2260 2491; baseline -0.007 -9"><span class='ocrx_word' id='word_1_673' title='bbox 1294 2456 1444 2491; x_wconf 80' lang='lat' dir='ltr'>quatuor.</span> <span class='ocrx_word' id='word_1_674' title='bbox 1467 2449 1649 2481; x_wconf 89' lang='lat' dir='ltr'>Colimbria</span> <span class='ocrx_word' id='word_1_675' title='bbox 1674 2453 1783 2478; x_wconf 82' lang='lat' dir='ltr'>teneat</span> <span class='ocrx_word' id='word_1_676' title='bbox 1806 2448 1844 2477; x_wconf 83' lang='lat' dir='ltr'>de</span> <span class='ocrx_word' id='word_1_677' title='bbox 1867 2448 1960 2477; x_wconf 76' lang='lat' dir='ltr'>Nava</span> <span class='ocrx_word' id='word_1_678' title='bbox 1983 2457 2087 2486; x_wconf 82' lang='lat' dir='ltr'>usque</span> <span class='ocrx_word' id='word_1_679' title='bbox 2108 2448 2260 2485; x_wconf 67' lang='lat' dir='ltr'>Boi-gam,</span> 
     </span>
     <span class='ocr_line' id='line_1_121' title="bbox 1294 2500 2263 2541; baseline -0.007 -6"><span class='ocrx_word' id='word_1_680' title='bbox 1294 2505 1331 2535; x_wconf 89' lang='lat' dir='ltr'>de</span> <span class='ocrx_word' id='word_1_681' title='bbox 1348 2506 1506 2534; x_wconf 86' lang='lat' dir='ltr'>Torrente</span> <span class='ocrx_word' id='word_1_682' title='bbox 1525 2512 1631 2541; x_wconf 86' lang='lat' dir='ltr'>usque</span> <span class='ocrx_word' id='word_1_683' title='bbox 1650 2503 1782 2536; x_wconf 86' lang='lat' dir='ltr'>Loram;</span> <span class='ocrx_word' id='word_1_684' title='bbox 1803 2501 1893 2530; x_wconf 85' lang='lat' dir='ltr'>infra</span> <span class='ocrx_word' id='word_1_685' title='bbox 1912 2501 1972 2529; x_wconf 84' lang='grc'><strong>11115</strong></span> <span class='ocrx_word' id='word_1_686' title='bbox 1992 2500 2151 2529; x_wconf 83' lang='lat' dir='ltr'>terminos</span> <span class='ocrx_word' id='word_1_687' title='bbox 2168 2509 2263 2529; x_wconf 88' lang='lat' dir='ltr'>suam</span> 
     </span>
     <span class='ocr_line' id='line_1_122' title="bbox 1294 2553 2262 2589; baseline -0.006 -1"><span class='ocrx_word' id='word_1_688' title='bbox 1294 2559 1392 2588; x_wconf 77' lang='lat' dir='ltr'>habet</span> <span class='ocrx_word' id='word_1_689' title='bbox 1415 2557 1572 2587; x_wconf 83' lang='lat' dir='ltr'>diocesim</span> <span class='ocrx_word' id='word_1_690' title='bbox 1592 2566 1597 2585; x_wconf 89' lang='lat'>:</span> <span class='ocrx_word' id='word_1_691' title='bbox 1616 2555 1808 2589; x_wconf 86' lang='lat' dir='ltr'>Colimbria,</span> <span class='ocrx_word' id='word_1_692' title='bbox 1830 2554 1952 2589; x_wconf 83' lang='lat' dir='ltr'>Ermio⁷</span> <span class='ocrx_word' id='word_1_693' title='bbox 1979 2553 2078 2588; x_wconf 71' lang='lat' dir='ltr'>Seho,</span> <span class='ocrx_word' id='word_1_694' title='bbox 2104 2553 2262 2587; x_wconf 79' lang='lat' dir='ltr'>Turbine,</span> 
     </span>
     <span class='ocr_line' id='line_1_123' title="bbox 1297 2605 2263 2646; baseline -0.007 -5"><span class='ocrx_word' id='word_1_695' title='bbox 1297 2612 1409 2642; x_wconf 84' lang='lat' dir='ltr'>Insula</span> <span class='ocrx_word' id='word_1_696' title='bbox 1422 2610 1611 2645; x_wconf 71' lang='lat' dir='ltr'>Astusiane,</span> <span class='ocrx_word' id='word_1_697' title='bbox 1627 2613 1771 2639; x_wconf 83' lang='lat' dir='ltr'>castrum</span> <span class='ocrx_word' id='word_1_698' title='bbox 1787 2608 1961 2646; x_wconf 83' lang='lat' dir='ltr'>antiquum</span> <span class='ocrx_word' id='word_1_699' title='bbox 1976 2606 2162 2643; x_wconf 63' lang='lat' dir='ltr'>Pol-tugalie</span> <span class='ocrx_word' id='word_1_700' title='bbox 2175 2605 2263 2635; x_wconf 80' lang='lat' dir='ltr'>subi-</span> 
     </span>
     <span class='ocr_line' id='line_1_124' title="bbox 1295 2660 2263 2702; baseline -0.007 -8"><span class='ocrx_word' id='word_1_701' title='bbox 1295 2675 1368 2694; x_wconf 83' lang='lat' dir='ltr'>mus</span> <span class='ocrx_word' id='word_1_702' title='bbox 1388 2670 1470 2694; x_wconf 74' lang='lat' dir='ltr'>octo.</span> <span class='ocrx_word' id='word_1_703' title='bbox 1491 2664 1611 2702; x_wconf 78' lang='lat' dir='ltr'>Sicque</span> <span class='ocrx_word' id='word_1_704' title='bbox 1629 2672 1705 2701; x_wconf 88' lang='lat' dir='ltr'>pars</span> <span class='ocrx_word' id='word_1_705' title='bbox 1726 2666 1865 2699; x_wconf 83' lang='lat' dir='ltr'>utraque</span> <span class='ocrx_word' id='word_1_706' title='bbox 1888 2660 2069 2689; x_wconf 71' lang='lat' dir='ltr'>divisiones</span> <span class='ocrx_word' id='word_1_707' title='bbox 2095 2668 2166 2687; x_wconf 72' lang='grc'><strong>0550</strong></span> <span class='ocrx_word' id='word_1_708' title='bbox 2191 2662 2263 2687; x_wconf 89' lang='grc'><strong>11111-</strong></span> 
     </span>
     <span class='ocr_line' id='line_1_125' title="bbox 1297 2713 2262 2753; baseline -0.008 -6"><span class='ocrx_word' id='word_1_709' title='bbox 1297 2717 1462 2747; x_wconf 84' lang='grc'><strong>1111111110110</strong></span> <span class='ocrx_word' id='word_1_710' title='bbox 1480 2716 1558 2745; x_wconf 71' lang='lat' dir='ltr'>dicti</span> <span class='ocrx_word' id='word_1_711' title='bbox 1582 2715 1680 2753; x_wconf 69' lang='lat' dir='ltr'>regis,</span> <span class='ocrx_word' id='word_1_712' title='bbox 1702 2724 1783 2753; x_wconf 86' lang='lat' dir='ltr'>quas</span> <span class='ocrx_word' id='word_1_713' title='bbox 1808 2723 1864 2751; x_wconf 84' lang='lat' dir='ltr'>pro</span> <span class='ocrx_word' id='word_1_714' title='bbox 1881 2723 1915 2742; x_wconf 84' lang='lat' dir='ltr'>se</span> <span class='ocrx_word' id='word_1_715' title='bbox 1935 2713 2119 2746; x_wconf 70' lang='lat' dir='ltr'>induxerat,</span> <span class='ocrx_word' id='word_1_716' title='bbox 2139 2720 2262 2740; x_wconf 75' lang='lat' dir='ltr'>assere-</span> 
     </span>
     <span class='ocr_line' id='line_1_126' title="bbox 1295 2763 2262 2808; baseline -0.007 -8"><span class='ocrx_word' id='word_1_717' title='bbox 1295 2772 1366 2806; x_wconf 74' lang='lat' dir='ltr'>bat,</span> <span class='ocrx_word' id='word_1_718' title='bbox 1391 2778 1599 2808; x_wconf 76' lang='lat' dir='ltr'>nequaquam</span> <span class='ocrx_word' id='word_1_719' title='bbox 1625 2768 1666 2797; x_wconf 87' lang='lat' dir='ltr'>ad</span> <span class='ocrx_word' id='word_1_720' title='bbox 1691 2767 1724 2796; x_wconf 88' lang='lat' dir='ltr'>id</span> <span class='ocrx_word' id='word_1_721' title='bbox 1752 2765 1956 2805; x_wconf 86' lang='lat' dir='ltr'>probationis</span> <span class='ocrx_word' id='word_1_722' title='bbox 1982 2764 2072 2793; x_wconf 85' lang='lat' dir='ltr'>aliud</span> <span class='ocrx_word' id='word_1_723' title='bbox 2094 2763 2262 2793; x_wconf 70' lang='lat' dir='ltr'>suiliricns</span> 
     </span>
     <span class='ocr_line' id='line_1_127' title="bbox 1297 2820 1763 2853; baseline -0.011 -1"><span class='ocrx_word' id='word_1_724' title='bbox 1297 2821 1548 2853; x_wconf 77' lang='lat' dir='ltr'>amminiculum</span> <span class='ocrx_word' id='word_1_725' title='bbox 1565 2820 1763 2850; x_wconf 78' lang='lat' dir='ltr'>inducendo.</span> 
     </span>
    </p>

    <p class='ocr_par' dir='ltr' id='par_1_36' title="bbox 1296 2868 2263 2964">
     <span class='ocr_line' id='line_1_128' title="bbox 1299 2868 2263 2912; baseline -0.008 -8"><span class='ocrx_word' id='word_1_726' title='bbox 1299 2890 1310 2902; x_wconf 82' lang='lat'>»</span> <span class='ocrx_word' id='word_1_727' title='bbox 1332 2876 1480 2912; x_wconf 81' lang='lat' dir='ltr'>Cumque</span> <span class='ocrx_word' id='word_1_728' title='bbox 1505 2878 1614 2912; x_wconf 74' lang='lat' dir='ltr'>partes</span> <span class='ocrx_word' id='word_1_729' title='bbox 1631 2873 1701 2911; x_wconf 84' lang='lat' dir='ltr'>ipse</span> <span class='ocrx_word' id='word_1_730' title='bbox 1724 2872 1759 2900; x_wconf 90' lang='grc'>111</span> <span class='ocrx_word' id='word_1_731' title='bbox 1779 2871 1906 2900; x_wconf 83' lang='lat' dir='ltr'>duobus</span> <span class='ocrx_word' id='word_1_732' title='bbox 1925 2869 2086 2899; x_wconf 66' lang='lat' dir='ltr'>terminis.</span> <span class='ocrx_word' id='word_1_733' title='bbox 2109 2871 2193 2897; x_wconf 59' lang='lat' dir='ltr'>Sena</span> <span class='ocrx_word' id='word_1_734' title='bbox 2213 2868 2263 2896; x_wconf 79' lang='lat' dir='ltr'>vi-</span> 
     </span>
     <span class='ocr_line' id='line_1_129' title="bbox 1296 2921 2262 2964; baseline -0.009 -6"><span class='ocrx_word' id='word_1_735' title='bbox 1296 2929 1413 2958; x_wconf 71' lang='lat' dir='ltr'>delicet</span> <span class='ocrx_word' id='word_1_736' title='bbox 1431 2933 1462 2957; x_wconf 86' lang='lat' dir='ltr'>et</span> <span class='ocrx_word' id='word_1_737' title='bbox 1479 2927 1620 2959; x_wconf 70' lang='lat' dir='ltr'>Salama,</span> <span class='ocrx_word' id='word_1_738' title='bbox 1640 2925 1745 2964; x_wconf 81' lang='lat' dir='ltr'>quoad</span> <span class='ocrx_word' id='word_1_739' title='bbox 1763 2925 1862 2954; x_wconf 85' lang='lat' dir='ltr'>situm</span> <span class='ocrx_word' id='word_1_740' title='bbox 1881 2928 1911 2953; x_wconf 82' lang='grc'>01</span> <span class='ocrx_word' id='word_1_741' title='bbox 1936 2922 2149 2952; x_wconf 84' lang='lat' dir='ltr'>terminorum</span> <span class='ocrx_word' id='word_1_742' title='bbox 2174 2921 2262 2958; x_wconf 83' lang='lat' dir='ltr'>ipso-</span> 
     </span>
    </p>
   </div>
  </div>
 </body>
</html>
