2498 3325
247 244 302 273 475
973 234 1211 265 nEois'rnsss
1233 232 1541 263 D'ALEXANDRE
1564 234 1620 264 1v.

248 318 318 338 cam
338 307 433 337 velud
456 310 592 335 matrem
614 314 647 334 se
673 303 879 333 visitationes
905 301 1065 331 beneficio
1088 300 1255 330 senserint

248 360 388 390 refoveri
407 370 412 388 :
432 368 505 389 eece
522 358 677 388 dilectum
697 356 801 386 filium
820 356 1014 393 magistrum
1035 356 1252 386 llostannum.

249 413 486 443 sulnliaconum
505 415 535 440 et
553 409 781 448 cappellanum
800 412 961 441 nostrum,
981 407 1094 445 utique
1114 406 1255 436 scientia

249 466 422 504 predittun,
444 472 571 492 morum
590 462 761 491 honestate
777 461 930 490 decorum
951 465 981 490 et
998 459 1130 489 consilii
1147 463 1255 488 niatu-

249 519 345 548 ritate
360 516 557 556 preclarum,
576 516 615 545 ad
632 520 740 554 partes
758 514 889 544 easdem
908 518 1064 552 tanquam
1083 513 1172 551 pacis
1186 513 1255 541 An-

250 572 357 610 gelum
379 574 508 609 propter
525 569 585 598 hoc
609 573 638 597 et
656 578 713 606 pro
736 567 866 605 negotIo
889 568 988 597 Terre
1013 568 1143 600 Sancte,
1168 565 1256 604 quod

249 624 443 654 carissimus
460 623 493 651 in
511 622 644 652 Christo
660 621 749 650 lilius
766 625 928 651 noster
948 619 1089 649 illustris
1115 628 1169 648 rex
1187 619 1256 648 An-

249 678 324 716 glie,
344 680 534 706 constanter
556 679 585 705 et
608 679 757 713 patenter
777 673 968 711 assumpsit.
991 672 1168 701 commisso
1191 671 1255 701 sihi

249 732 343 770 plene
361 729 537 768 legationis
553 729 671 763 ossicio,
690 733 724 758 ut
741 727 859 757 evellat
877 732 907 756 et
931 727 1090 759 destruat,
1117 725 1256 763 dissipet

250 789 280 815 et
296 783 473 821 disperdat,
493 782 621 812 edificet
639 786 669 811 et
685 781 821 819 plantet,
843 781 927 810 sicut
951 780 1069 809 viderit
1091 779 1255 817 expedire,

250 838 403 867 duximus
429 835 673 865 destinandum.
700 836 782 865 Cum
804 834 907 871 igitur
929 834 1038 871 ipsum
1060 834 1146 863 inter
1174 832 1256 862 alios

250 890 407 922 officiales
424 894 553 919 nostros
567 888 721 927 specialis
733 887 921 918 dilectionis
938 886 1085 916 brachiis
1097 885 1258 925 amplexe-

250 954 334 979 mur,
354 942 565 973 universitati
582 946 690 972 vestre
707 950 764 980 per
779 940 957 979 apostolica
975 940 1097 978 scripta
1122 939 1259 968 manda-

252 1006 324 1027 mus
351 1001 514 1036 quatenus
536 1004 622 1025 eum.
647 995 713 1024 imo
736 994 845 1032 potius
870 1003 928 1023 nos
952 993 985 1022 in
1010 993 1092 1031 ipso,
1115 992 1258 1029 benigne

252 1050 450 1088 recipientes
467 1053 498 1078 et
514 1048 695 1078 honorifice
712 1051 962 1086 pertractantes,
977 1046 1083 1076 eidem
1102 1050 1259 1084 tanquam

252 1102 429 1141 apostolice
447 1101 541 1131 Sedis
557 1101 664 1138 legato
680 1100 862 1129 intendatis
886 1099 1058 1129 humiliter
1079 1102 1109 1128 et
1131 1098 1257 1132 devote,

251 1155 356 1194 ipsius
374 1154 499 1183 monita
515 1158 545 1183 et
564 1156 715 1191 precepta
732 1156 763 1182 et
781 1161 843 1191 que
865 1152 960 1181 nobis
978 1160 1014 1181 ex
1037 1155 1128 1189 parte
1151 1154 1260 1180 vestra

251 1207 468 1241 mandaverit,
495 1206 672 1236 efficaciter
697 1205 918 1243 adimplendo.
943 1204 1102 1243 Alioquin
1126 1207 1260 1233 senten-

251 1261 340 1296 tiam,
362 1269 460 1298 quam
477 1260 564 1289 idem
583 1259 646 1289 rite
667 1258 780 1288 tulerit
796 1258 830 1287 in
853 1257 1004 1291 rebelles,
1031 1261 1135 1286 ratam
1158 1255 1261 1285 habe-

249 1313 358 1342 bimus
371 1317 401 1341 et
419 1312 590 1345 faciemus,
610 1315 742 1340 auctore
757 1309 910 1343 Domino,
929 1318 1034 1348 usque
1052 1308 1091 1337 ad
1106 1308 1259 1337 satisfac-

252 1366 372 1395 tionem
395 1365 592 1402 condignam
619 1363 839 1402 appellatione
866 1366 991 1392 remota
1021 1360 1261 1390 inviolabiliter

251 1418 432 1448 observari.
451 1419 522 1447 Dat.
538 1417 700 1454 Anagnie,
720 1417 751 1446 II
767 1415 926 1445 kalendas
940 1414 1095 1449 octobris,
1113 1423 1199 1443 anno
1213 1423 1260 1443 se-

252 1471 367 1501 cundo.
391 1483 402 1496 n

328 1683 346 1710 Ι
356 1682 443 1710 539

291 1744 429 1778 Magistro
448 1742 595 1769 Rostantlo
617 1742 783 1777 supradicto
806 1741 956 1773 coneedit,
979 1744 1009 1767 ut
1029 1740 1182 1773 legationis
1197 1740 1264 1766 olfi-

798 1679 924 1713 Anagni,
942 1680 957 1705 5
973 1679 1092 1705 octobre
1113 1678 1190 1705 1256.

255 1793 332 1819 cium
356 1800 493 1818 exercere
510 1792 603 1817 valeat
624 1791 650 1817 in
673 1791 737 1816 aliis
761 1789 892 1824 partibus
910 1790 986 1823 regis
1004 1789 1124 1822 Angliae
1141 1789 1173 1814 ad
1191 1797 1264 1823 quas

255 1841 399 1876 oportebit
415 1849 445 1867 se
462 1840 627 1867 transferre.
645 1839 730 1872 (Res.
748 1838 791 1869 Ἡ,
812 1839 831 1865 f.
848 1838 910 1868 ιΖΟἹ,
927 1846 993 1863 [iun.
1009 1837 1047 1869 Il,
1064 1845 1089 1863 c.
1107 1837 1180 1869 4131.)

298 1963 310 1976 «
337 1951 479 1987 Mayislro
495 1949 661 1983 Rostaml0‚
680 1948 835 1985 capellano
849 1952 960 1980 nostro,
981 1947 1013 1974 in
1031 1947 1182 1975 lt'asconie
1195 1955 1266 1983 par-

256 2004 335 2033 tibus
348 2003 508 2040 apostolice
524 2001 608 2030 Sedis
628 2002 734 2038 lessam.
752 1999 835 2030 Cum
857 2000 891 2028 in
914 1999 1093 2029 WVasconie
1117 1999 1266 2037 partibus

256 2056 351 2095 plene
378 2055 438 2084 tibi
463 2053 640 2092 legationis
668 2052 813 2082 officium
839 2061 896 2090 pro
920 2051 1045 2081 salubri
1075 2056 1106 2081 et
1129 2052 1266 2089 pacifico

257 2114 344 2139 statu
361 2108 504 2146 partium
526 2106 717 2137 earumdem
734 2114 770 2135 ac
793 2114 851 2143 pro
868 2104 999 2142 negotio
1019 2105 1119 2134 Terre
1141 2109 1264 2139 sancte,

257 2162 344 2202 quod
359 2160 554 2191 carissimus
566 2160 600 2189 in
617 2159 749 2190 Christo
766 2158 855 2188 filius
875 2162 987 2187 noster
1056 2157 1198 2187 illustris
1211 2166 1267 2187 rex

257 2215 388 2252 Anglie,
413 2218 604 2244 constanter
624 2217 655 2243 et
685 2216 835 2251 patenter
858 2211 1048 2249 assumpsit,
1075 2211 1267 2241 «luxerimus

258 2266 530 2298 committendum
547 2270 578 2296 et
596 2269 744 2304 oporteat
764 2270 793 2295 te
808 2264 976 2294 interdum
999 2265 1039 2293 ad
1060 2264 1143 2293 alias
1162 2268 1267 2294 terras

260 2321 408 2360 ejusdem
432 2320 521 2357 regis
548 2328 605 2357 pro
630 2318 822 2357 hujusmodi
851 2317 982 2355 negotio
1011 2321 1039 2346 tc
1066 2317 1264 2354 transferre,

260 2372 454 2403 discretioni
472 2372 530 2407 tui,
550 2376 586 2401 ut
602 2371 637 2401 in
654 2370 827 2409 premissis
844 2370 994 2408 partibus
1013 2370 1204 2409 hujusmodi
1221 2370 1269 2400 le-

261 2426 404 2464 gationis
425 2425 570 2455 officium
592 2433 744 2455 exercere
772 2424 877 2453 libere
903 2423 1024 2457 valeas,
1052 2423 1151 2453 etiam
1178 2423 1206 2453 si
1233 2423 1269 2452 in

261 2479 337 2508 aliis
353 2478 449 2508 terris
465 2477 612 2516 ejusdem
628 2477 717 2514 regis
734 2485 858 2506 moram
880 2476 1020 2506 traxeris
1042 2485 1099 2514 pro
1122 2476 1269 2514 predicto

262 2530 413 2568 negotio,
443 2534 555 2559 tenore
589 2529 795 2567 presentium
825 2528 979 2558 duximus
1010 2528 1268 2558 concedendum.

262 2585 334 2613 Dat.
355 2582 517 2620 Anagnie5
535 2583 586 2612 III
605 2591 708 2611 nonas
725 2581 878 2617 octobris,
898 2590 985 2611 anno
1001 2581 1156 2611 secundo.
1175 2593 1187 2607 »

340 2795 357 2821 Ι
366 2794 453 2821 5⁴0

303 2853 460 2886 Capitulis,
492 2853 683 2878 conventibus
712 2853 875 2886 ceterisque
907 2852 1037 2886 personis
1065 2851 1272 2877 ecclesiasticis

810 2792 939 2826 Auagni,
958 2793 971 2817 Ξ)
988 2792 1104 2817 octobre
1124 2791 1198 2817 tffr‘».

274 2901 430 2926 Yaseontae
449 2902 569 2931 inundat,
589 2902 724 2934 quatinus
739 2901 876 2934 magistro
895 2900 1040 2926 ltostanllo
1054 2900 1271 2934 procurationes

1339 298 1448 324 ratione
1483 298 1637 332 legationis
1673 298 1699 324 ei
1737 298 1849 324 debitas
1883 296 2019 323 exhibere
2053 296 2165 330 integre
2200 293 2345 322 studeant.

1337 347 1422 380 (Rea.
1438 346 1486 378 Ἡ,
1504 347 1523 374 f.
1539 346 1603 380 ι207,
1619 355 1686 373 ann.
1701 345 1739 377 11,
1754 354 1780 372 c.
1798 346 1869 377 462.)

1379 460 1392 474 «
1422 448 1646 478 Vener-abimus
1676 448 1829 485 fratribus
1863 448 2020 476 universis
2056 447 2294 484 archiepiscopis
2321 450 2349 476 et

1337 502 1483 539 episcopis
1499 511 1533 530 (tc
1548 502 1666 530 dilectis
1680 502 1756 538 filiis
1772 501 1940 536 abbatibus,
1955 501 2123 539 prioribus,
2142 500 2274 535 decanis,
2293 507 2348 528 ar-

1336 554 1540 589 chidiaconis,
1562 554 1835 592 archipresbyteris
1851 558 1876 582 et
1895 554 2058 592 prepositis
2075 558 2101 582 el
2116 553 2190 582 aliis
2209 552 2349 582 ecclesia-

1337 616 1410 635 rum
1434 608 1573 645 prelatis,
1600 615 1718 636 necnon
1744 608 1889 644 capitulis
1915 612 1941 636 et
1965 607 2162 636 conventibus
2186 606 2348 643 ceterisque

1335 660 1474 697 personis
1484 661 1694 689 ecclesiasticis
1703 660 1893 689 secularibus
1903 664 1928 688 et
1937 660 2142 697 regularibus,
2158 664 2219 688 lam
2232 666 2349 696 (ἐτετηρ-

1340 714 1378 742 tis
1389 723 1481 751 qnam
1495 722 1554 742 non
1569 714 1724 751 exemplis,
1737 722 1793 751 per
1812 714 1997 742 wasconiam
2011 714 2196 742 constitutis.
2209 712 2292 743 Cum
2303 711 2350 742 di-

1339 766 1461 797 lectum
1486 766 1590 796 tilium
1615 783 1664 796 —.
1691 768 1765 796 Dat.
1787 767 1950 805 Anagnie,
1980 767 2031 796 111
2063 775 2168 796 nonas
2192 765 2348 801 octobris,

1340 829 1427 850 anno
1444 820 1601 850 secundo.
1619 833 1632 847 »

1416 987 1528 1016 ¹541

1378 1048 1450 1076 Cum
1474 1048 1569 1076 Blasio
1590 1048 1683 1081 Petri,
1707 1049 1852 1076 nobilibus
1873 1052 1936 1075 orto
1953 1048 2110 1079 natalibus,
2128 1047 2292 1082 dispensat,
2309 1049 2352 1079 ut.

1344 1101 1456 1132 praeter
1481 1098 1681 1124 canonicatum
1703 1102 1732 1124 et
1756 1097 1946 1132 praebendam
1968 1096 2180 1132 Tyrasonensis
2199 1095 2352 1127 ecclesiae,

1343 1145 1397 1172 alia
1414 1146 1554 1172 beneficia
1571 1146 1664 1180 possit
1681 1146 1809 1180 recipere
1831 1155 1923 1180 usque
1941 1146 1975 1172 ad
1998 1146 2122 1172 valorem
2139 1153 2266 1172 annuum
2283 1152 2354 1172 cen-

1343 1197 1403 1220 tum
1421 1202 1579 1221 marcarum
1600 1195 1727 1228 argenti,
1745 1195 1915 1221 canonicatu
1938 1198 1966 1221 et
1989 1194 2151 1229 praebenda
2166 1195 2352 1229 computatis.

1343 1243 1416 1270 sacri
1434 1243 1553 1270 Concilii
1570 1243 1778 1270 constitutione
1794 1251 1828 1269 ac
1848 1243 1894 1269 illa
1913 1251 1998 1277 quam
2017 1243 2107 1269 bonae
2124 1242 2280 1269 memoriae
2296 1241 2354 1269 Sa-

1344 1292 1475 1318 binensis
1501 1293 1671 1326 episcopus,
1700 1295 1770 1318 tunc
1795 1292 1822 1318 in
1850 1291 2007 1326 Hispaniae
2027 1291 2158 1326 partibus
2179 1290 2354 1326 apostolicae

1344 1340 1429 1366 Sedis
1446 1341 1567 1374 legatus,
1591 1344 1690 1367 contra
1711 1341 1877 1366 obtinentes
1899 1341 1981 1375 plura
2001 1339 2199 1367 ecclesiastica
2214 1339 2356 1366 beneficia

1343 1389 1470 1415 edidisse
1487 1389 1660 1419 dinoscitur,
1676 1397 1856 1423 nequaquam
1873 1389 2068 1415 obstantibus.
2086 1388 2169 1422 (lim.
2184 1388 2230 1419 24,
2250 1388 2271 1415 f.
2290 1387 2354 1418 ι207,

1343 1438 1467 1471 ann.11,
1484 1438 1600 1470 e.-'163.)

1874 986 2000 1020 Anagni,
2018 986 2048 1014 31
2067 985 2183 1012 octobre
2202 985 2280 1012 ¹256.

1387 1552 1398 1565 α
1425 1541 1525 1569 Blasio
1551 1540 1648 1571 Petri,
1680 1540 1829 1568 canonico
1865 1540 2079 1577 Tyrasonensi.
2110 1537 2203 1568 Licet
2236 1537 2356 1576 nequis

1344 1591 1457 1630 plures
1473 1609 1522 1621 —.
1541 1593 1611 1622 Dat.
1633 1592 1796 1629 Anagnie,
1814 1593 1846 1622 II
1865 1591 2025 1622 kalendas
2046 1590 2248 1623 novembris,
2268 1597 2356 1620 anno

1346 1646 1501 1676 secundo.
1524 1658 1536 1672 »

1423 1811 1539 1840 1542
1877 1809 2003 1844 Anagni,
2023 1809 2053 1836 17
2072 1808 2189 1836 octobre
2207 1808 2284 1836 1256.

1384 1873 1522 1907 Magistro
1538 1872 1686 1899 Rostando
1703 1871 1869 1906 supradicto
1882 1871 2021 1905 (1538)
2037 1870 2171 1897 concedit
2186 1873 2357 1905 potestatem

1348 1921 1535 1956 dispensandi
1559 1929 1625 1948 cum
1651 1921 1744 1947 tribus
1766 1919 1880 1946 clericis
1904 1919 2028 1950 idoneis.
2056 1923 2206 1946 uteorum
2228 1918 2358 1953 quilibet¹

1350 1976 1461 2006 praeter
1478 1970 1617 1996 beneficia
1629 1971 1690 2005 jam
1706 1970 1831 2000 obtenta,
1850 1968 1944 1995 adhuc
1957 1969 2075 1995 unicum
2089 1968 2165 1994 aliud
2181 1967 2360 1995 ecclesiasti-

1348 2028 1415 2047 cum
1432 2019 1604 2046 beneficium
1621 2019 1698 2046 licite
1715 2019 1843 2054 recipere
1859 2018 1960 2044 valeat.
1974 2017 2058 2050 (Rso.
2076 2017 2121 2051 24,
2133 2017 2153 2044 f.
2165 2017 2227 2049 207,
2239 2025 2307 2044 ann.
2319 2015 2360 2052 11,

1348 2077 1374 2095 e.
1392 2069 1464 2100 464.)

1391 2183 1404 2197 «
1429 2172 1572 2209 Mayistro
1588 2170 1754 2205 Roszancw,
1773 2170 1930 2207 capellano
1946 2173 1972 2198 et
1988 2169 2103 2198 nuncio
2119 2173 2223 2198 nostro
2243 2169 2278 2197 in
2296 2168 2361 2198 An-

1349 2225 1424 2262 qlia.
1446 2223 1604 2254 Volentes
1629 2227 1717 2252 tuam
1740 2222 1904 2251 honorare
1924 2239 1974 2250 —.
1997 2221 2071 2251 Dat.
2095 2220 2260 2259 Anagnie,
2281 2219 2361 2250 XVI

1349 2276 1509 2306 kalendas
1526 2275 1727 2310 novembris,
1747 2284 1834 2304 anno
1851 2274 2007 2305 secundo.
2027 2285 2040 2300 ι)

1425 2442 1541 2472 1543
1900 2438 2026 2472 Anagni,
2043 2437 2058 2464 6
2072 2437 2191 2465 octobre
2208 2437 2288 2465 1256.

1389 2502 1514 2529 Heni-ico
1530 2501 1572 2528 ΙΙΙ
1591 2502 1713 2536 Angliae
1727 2504 1755 2527 et
1766 2500 1918 2526 Edmundo
1934 2499 2049 2526 Siciliae
2061 2498 2180 2533 regibus
2193 2498 2362 2530 terminum,

1352 2552 1425 2579 infra
1440 2559 1526 2586 quem
1548 2559 1597 2576 rex
1623 2549 1745 2584 Angliae
1770 2549 1869 2574 venire
1890 2548 1934 2574 vel
1960 2547 2073 2574 mittere
2093 2547 2275 2582 capitaneum
2295 2553 2363 2573 cum

1353 2600 1452 2627 militia
1467 2600 1642 2634 competenti
1659 2600 1685 2625 in
1701 2606 1822 2632 regnum
1837 2596 1951 2623 Siciliae
1967 2604 2000 2622 ac
2015 2598 2121 2622 certam
2135 2595 2273 2630 pecuniae
2285 2602 2363 2622 sum-

1353 2657 1425 2675 mam
1445 2649 1556 2674 solvere
1579 2650 1719 2678 teneatur,
1746 2655 1837 2681 usque
1858 2645 1892 2672 ad
1915 2653 1966 2671 sex
1987 2652 2105 2671 menses
2121 2643 2332 2679 computandos
2348 2651 2365 2670 a

1353 2697 1482 2724 kalendis
1516 2696 1678 2722 decembris
1715 2696 1844 2730 proximo
1880 2695 1994 2720 venturi
2027 2696 2170 2728 prorogat.
2206 2693 2289 2725 (ΠΕΟ.
2315 2692 2360 2724 24,

1352 2746 1371 2772 s.
1390 2745 1451 2778 ⁴207,
1475 2754 1542 2771 ann.
1565 2745 1600 2778 ll,
1624 2754 1649 2772 c.
1673 2745 1738 2776 4053
1768 2744 1914 2771 Porrussi·
1941 2742 2039 2774 1656⁵3;
2065 2741 2251 2780 Ronsxussne.
2273 2745 2293 2768 t.
2310 2739 2364 2773 111,

1355 2804 1380 2828 p.
1400 2795 1460 2824 -ill't,
1481 2800 1510 2819 11α
1527 2794 1612 2826 lii-3¹.)

1397 2906 1409 2919 ι(
1432 2895 1572 2928 llam-ico,
1590 2894 1711 2930 ,lngslic¹
1733 2898 1758 2921 el
1777 2891 1952 2923 Eclmando,
1971 2891 2077 2920 Sicilie
2093 2889 2212 2927 reqibus
2226 2889 2364 2918 illustri-
