2498 3325
183 249 239 278 222
908 246 1149 278 REGISTRES
1171 244 1478 276 D’ALEXANDRE
1501 246 1558 276 IV.

255 314 343 342 ¹227
744 314 868 349 Anagni,
885 313 918 341 30
931 313 1025 348 juillet
1042 312 1120 339 1255.

220 377 365 404 Ademaro
381 376 519 412 Assayni,
537 377 641 403 clerico
658 376 888 411 Engolismensis
904 375 1192 410 diocesis,‚indulget,

183 429 215 453 ut
235 426 292 452 duo
316 425 455 452 beneficia
475 425 687 456 ecclesiastica,
704 425 788 452 etiam
810 425 835 452 si
850 433 948 452 curam
964 426 1124 452 animarum
1140 424 1193 450 ha-

184 475 281 508 beant,
299 475 426 509 recipere
443 474 544 502 valeat.
561 473 644 508 (Rea.
661 473 706 505 24.
721 482 747 501 c.
765 474 824 506 580,
843 474 861 500 f.
878 474 932 505 88.)

226 589 238 603 «
259 577 408 606 Ademaro
423 577 570 614 Assayni,
591 577 700 606 clerico
716 576 953 613 Enqolismensis
969 576 1104 604 diocesis.
1122 574 1193 604 Etsi

183 633 315 668 propter
331 628 530 658 ambitiones
543 646 593 658 —.
614 629 687 658 Dat.
710 627 873 666 Anagnie,
890 628 940 658 III
958 627 1117 658 kalendas
1133 636 1193 657 au-

184 681 283 721 gusti,
303 690 390 711 anno
405 682 524 720 primo„
544 694 556 708 n

256 840 342 870 ¹228
767 839 893 875 Anagni,
913 839 944 867 19
959 840 1026 866 aout
1044 840 1120 866 1255.

222 902 374 930 Universis
390 903 577 930 ecclesiarum
593 903 728 938 praelatis
743 902 867 934 mandat,
885 906 915 929 ut
931 902 1127 938 parrochianis
1143 910 1192 928 eo-

185 960 246 978 rum
259 952 406 979 inhibeant
418 952 473 978 sub
484 952 675 978 anathematis
686 955 714 978 et
726 951 1034 978 excommunicationis
1046 959 1145 986 poena,
1159 959 1193 978 ne

186 1001 258 1028 bona
271 1001 388 1027 fratrum
402 1001 518 1027 Militiae
529 1000 639 1036 Templi
653 1000 808 1027 aufem-ant.
823 1000 906 1034 (Rau.
919 1000 963 1031 24,
980 1008 1005 1026 c.
1024 1000 1085 1031 581,
1102 1000 1119 1026 f.
1137 1000 1192 1032 88.)

227 1115 239 1129 «
260 1104 518 1141 Archiepiscopis,
536 1108 562 1131 et
577 1103 737 1140 episcopis,
757 1108 783 1131 et
799 1103 917 1132 dilectis
933 1103 1009 1140 filiis
1024 1103 1191 1138 abbatibus,

183 1156 357 1193 prioribus,
376 1156 514 1190 decanis,
532 1156 763 1184 archidiaconis
780 1160 805 1184 et
821 1156 895 1184 aliis
909 1156 1104 1184 ecclesiarmn
1123 1164 1194 1193 pre-

185 1209 256 1237 latis
271 1208 310 1237 ad
326 1217 398 1245 quos
418 1209 516 1237 littere
533 1209 586 1236 iste
597 1209 804 1246 pervenerim.
826 1207 908 1238 Cum
927 1208 1095 1238 universis
1110 1217 1194 1246 pene

186 1259 339 1289 fidelibus
360 1263 473 1289 notum
500 1260 634 1295 existat,
660 1264 738 1298 quot
763 1259 825 1298 (sic)
849 1260 961 1290 dilecti
986 1260 1048 1289 filii
1073 1261 1194 1291 fratres

186 1311 304 1341 militie
324 1311 451 1350 Templi
468 1321 525 1350 pro
542 1311 735 1342 defensione
749 1312 930 1342 Orientalis
948 1312 1087 1343 ecclesie
1103 1313 1195 1344 labo-

184 1374 236 1395 res
256 1365 444 1395 sustineant
466 1369 497 1394 et
513 1364 675 1403 quomodo
690 1364 758 1394 zelo
775 1365 951 1395 christiani
967 1366 1112 1395 nominis
1129 1367 1195 1396 ini-

185 1418 280 1448 micis
312 1418 438 1448 Christi
475 1427 509 1448 se
545 1418 635 1456 ipsos
667 1422 850 1456 opponant,
884 1418 977 1448 decet
1013 1419 1195 1457 quemlibet

185 1471 405 1501 christianum
421 1471 585 1509 predictos
605 1471 725 1500 fratres
748 1471 885 1509 speciali
903 1472 1040 1502 caritate
1056 1472 1195 1510 diligere

186 1533 221 1554 ac
239 1533 273 1554 se
290 1528 321 1554 et
333 1524 414 1554 alios
431 1524 470 1553 ab
487 1524 634 1562 ipsorum
650 1524 813 1554 molestiis
830 1528 860 1554 et
876 1524 1011 1564 injuriis
1027 1525 1193 1556 cohibere.

186 1577 265 1606 Inde
287 1580 335 1606 est
358 1577 445 1615 quod
459 1576 672 1606 universitati
694 1581 819 1612 vestre,
839 1577 879 1607 ad
895 1577 1001 1607 instar
1017 1577 1125 1608 felicis
1142 1588 1194 1608 re—

186 1630 386 1660 cordationis
406 1631 447 1659 H.
472 1634 503 1659 et
528 1631 552 1660 I.
573 1630 845 1668 predecessorum
867 1635 1055 1661 nostrorum
1072 1632 1194 1661 Roma-

187 1692 303 1712 norum
329 1682 539 1721 pontisscum,
564 1692 622 1721 per
649 1683 827 1721 apostolica
852 1683 975 1722 scripta
998 1684 1195 1714 mandamus

186 1739 283 1774 atque
306 1735 526 1773 precipimus,
552 1736 709 1774 quatinus
734 1736 965 1774 parrochianis
985 1737 1105 1766 vestris
1134 1737 1194 1767 sub

186 1788 407 1817 anathematis
430 1788 464 1817 in
488 1788 722 1818 terminatione
747 1788 874 1823 vetitis,
900 1798 940 1818 ne
967 1789 1195 1827 possessiones

186 1841 235 1871 vel
255 1841 404 1871 redditus
423 1850 537 1871 eorum
553 1845 608 1870 aut
626 1850 679 1871 res
701 1841 784 1871 alias
806 1841 968 1871 violenter
990 1842 1121 1872 auferre
1144 1842 1196 1872 vel

185 1894 311 1924 ablatas·
331 1894 474 1924 retinere
497 1898 708 1932 presumant,
726 1894 778 1924 vel
801 1894 884 1924 alias
907 1895 1033 1925 eisdem
1053 1895 1195 1934 injurias

185 1947 342 1985 irrogare.
368 1947 402 1977 Si
426 1947 501 1985 quis
527 1951 637 1977 autem
663 1947 900 1985 prohibitionis
928 1947 1119 1987 hujusmodi
1147 1952 1196 1977 at-

186 2004 324 2038 temptor
343 2000 487 2029 extiterit
511 2004 542 2029 et
564 2000 709 2030 secundo
724 2000 868 2030 terciove
893 2001 1114 2030 commonitus
1134 2000 1196 2030 mi-

184 2053 273 2082 nime
299 2053 478 2090 respuerit,
500 2052 642 2091 quisque
664 2052 923 2091 parrochianum
946 2062 1042 2083 suum
1063 2053 1196 2084 vinculo

186 2106 539 2135 excommunicationis
570 2106 753 2143 astringam
784 2110 814 2135 et
839 2106 873 2135 in
904 2105 985 2135 locis
1013 2106 1047 2135 in
1075 2106 1196 2144 quibus

184 2159 284 2197 preda
309 2159 421 2194 fuerit,
447 2159 549 2188 donec
567 2158 738 2193 reddatur,
758 2159 871 2188 divina
893 2159 1066 2197 prohibeat
1089 2159 1194 2189 officia

183 2211 355 2241 celebrari.
377 2211 427 2240 Ad
448 2211 526 2246 hec,
549 2211 706 2250 quoniam
728 2212 895 2241 sententia
915 2211 1141 2242 ecclesiastica
1161 2213 1194 2242 in

186 2263 415 2293 malefactores
444 2263 591 2302 ipsorum
617 2264 759 2293 fratrum
782 2263 909 2302 prolata
930 2264 1097 2294 interdum
1123 2265 1195 2295 sine

184 2317 412 2347 satisfactione
438 2326 582 2354 congrua
598 2317 782 2352 relaxatur,
808 2317 896 2347 unde
924 2317 1087 2355 contingit
1110 2318 1195 2357 quod

184 2370 273 2408 passi
297 2369 455 2408 iujuriam
477 2378 536 2399 sua
559 2378 624 2398 non
642 2374 852 2408 recuperant,
875 2379 935 2399 nec
954 2370 1138 2400 inferentes
1154 2370 1195 2399 li-

186 2422 344 2452 berantur
361 2432 378 2451 a
395 2422 507 2460 culpa,
528 2422 734 2460 presentium
756 2423 850 2452 vobis
869 2422 1064 2453 auctoritate
1081 2423 1195 2462 injun—

184 2475 304 2512 gimus,
319 2478 355 2504 ut
369 2475 569 2505 sententiam
587 2475 940 2505 excommunicationis
958 2475 1009 2506 vel
1025 2475 1193 2505 interdicti

183 2531 314 2565 propter
331 2527 506 2566 jamdictos
532 2528 651 2557 fratros
674 2528 709 2557 in
732 2537 920 2567 quenquam
941 2528 1102 2566 prolatam
1119 2532 1194 2558 ante

183 2580 445 2611 satisfactionem
469 2589 647 2618 congruam
668 2590 733 2610 non
757 2581 892 2611 solvatis
920 2590 980 2611 nec
1008 2581 1121 2620 aliqua
1146 2586 1194 2611 te—

180 2633 333 2664 meritate
357 2634 533 2671 patiamini
556 2634 685 2663 violari.
707 2635 780 2664 Dat.
808 2634 976 2673 Anagnie,
1010 2635 1113 2665 XIIII
1134 2634 1194 2665 ka-

182 2687 298 2718 lendas
317 2687 525 2725 septembris,
542 2696 628 2717 anno
643 2687 760 2726 primo.
778 2699 791 2714 ι»

253 2845 339 2874 ’729

222 2907 367 2943 Episcopo
383 2907 519 2934 Trecensi
536 2907 660 2941 mandat,
679 2911 718 2939 ut,
738 2912 851 2944 recepta
873 2908 1066 2944 resignatione
1083 2908 1194 2935 abbatis

768 2845 892 2879 Anagni,
907 2845 940 2872 26
958 2847 1026 2872 aout
1043 2846 1120 2873 1255.

1275 311 1442 337 monasterii
1456 319 1481 338 s.
1498 310 1634 338 Germani
1650 311 1685 338 de
1702 311 1794 338 Pratis
1812 310 1994 342 parisiensis,
2007 310 2152 337 debilitate
2163 311 2284 343 gravati.

1275 358 1407 393 injungat
1423 360 1578 386 conventui
1597 363 1627 386 ut
1644 360 1678 386 de
1694 359 1796 386 abbate
1813 368 1863 395 ρῳ·
1877 359 2046 386 electionem
2063 358 2197 385 studeant
2217 366 2285 393 pro-

1273 406 1380 433 videre.
1402 407 1482 438 (Res.
1500 407 1545 440 ⁸24,
1562 415 1588 434 c.
1606 407 1666 439 582,
1685 408 1703 434 f.
1721 407 1777 440 88.)

1317 521 1330 535 «
1351 532 1383 544 ..,
1401 510 1535 547 episcopo
1553 510 1702 538 Trea-ensi.
1721 509 1765 539 Ex
1782 512 1873 547 parte
1889 507 2001 538 dilecti
2017 507 2079 538 filii
2097 531 2136 544 ..,
2154 507 2284 538 abbatis

1275 562 1469 591 monasterii
1493 562 1599 591 sancti
1622 561 1779 592 Germani
1801 561 1839 591 de
1866 560 1975 591 Pratis
2001 561 2221 596 Parisiensis,
2243 560 2284 591 ad

1274 614 1459 644 Romanam
1471 613 1653 644 Ecclesiam
1666 618 1702 644 ut
1718 614 1840 644 dicitur
1851 613 1942 643 nullo
1953 613 2061 644 medio
2071 613 2282 652 pertinentis.

1275 666 1371 696 nobis
1392 666 1455 696 fuit
1478 666 1651 697 humiliter
1671 666 1909 705 supplicatum,
1935 670 1983 701 ut,
2005 674 2079 696 cum
2099 665 2170 704 ipse
2192 670 2284 696 tanta

1274 719 1421 758 corporis
1438 719 1631 750 infirmitate
1648 728 1684 750 ac
1702 719 1873 750 debilitate
1890 722 2055 757 gravetur,
2073 718 2159 758 quod
2175 718 2216 748 ad
2231 718 2284 749 sui

1274 773 1506 811 prosecutione
1524 773 1623 802 officii
1637 773 1705 812 jam
1722 773 1886 811 impotens
1902 772 1945 802 sit
1961 772 2110 806 effectus,
2128 780 2180 807 ne,
2198 771 2286 811 quod

1275 825 1376 860 absit,
1397 825 1458 855 sub
1474 825 1580 864 ipsius
1596 825 1713 855 umbra
1733 826 1801 865 jam
1822 825 1947 855 dictum
1967 824 2207 854 monasterium
2227 832 2286 863 pa-

1272 878 1378 907 tiatur
1397 878 1431 907 in
1451 878 1683 916 spiritualibus
1711 882 1742 908 et
1772 877 2008 916 temporalibus
2030 877 2283 911 detrimentum,

1275 933 1346 973 ejus
1363 933 1622 971 resignationem
1640 933 1743 971 recipi
1762 937 1793 963 et
1811 932 1978 971 provideri
1997 932 2102 962 cidem
2119 935 2287 962 monaste-

1274 986 1324 1015 rio
1343 986 1382 1016 de
1399 986 1516 1016 abbate
1533 995 1570 1016 ac
1586 986 1657 1016 ficri
1675 986 1739 1015 sibi
1756 986 1794 1016 de
1814 985 1909 1015 bonis
1926 985 2075 1025 ejusdem
2091 984 2286 1015 monasterii

1275 1039 1500 1078 provisionem
1521 1048 1700 1077 congruam
1717 1039 1961 1069 mandaremus.
1978 1039 2047 1068 Nos
2060 1038 2174 1076 igitur,
2197 1038 2287 1077 ejus-

1276 1092 1349 1123 dem
1367 1092 1496 1122 abbatis
1510 1092 1664 1130 precibus
1680 1092 1845 1126 inclinati,
1863 1091 2067 1121 fraternitati
2083 1095 2148 1125 tue,
2164 1091 2203 1121 de
2221 1099 2287 1130 qua

1276 1145 1408 1184 plenam
1425 1145 1459 1174 in
1475 1145 1616 1174 Domino
1639 1145 1794 1175 fiduciam
1810 1145 2014 1179 obtinemus,
2033 1153 2090 1182 per
2106 1143 2287 1182 apostolica

1276 1197 1399 1235 scripta
1414 1197 1623 1231 mandamus,
1642 1197 1812 1236 quatinus,
1831 1197 1859 1227 si
1877 1201 1925 1227 est
1942 1197 1998 1232 ita,
2017 1197 2123 1235 ipsius
2139 1196 2286 1234 resigna·

1276 1251 1365 1280 tione
1382 1250 1452 1280 vice
1472 1253 1583 1279 nostra
1606 1254 1753 1288 recepta,
1779 1250 1935 1289 injungas
1958 1249 2136 1280 conventui
2153 1257 2287 1279 monas-

1267 1303 1352 1334 ·tcrii
1370 1303 1562 1341 supradicti,
1577 1306 1613 1331 ut
1630 1302 1694 1332 sibi
1706 1302 1744 1333 de
1761 1303 1878 1333 abbate
1894 1303 2035 1342 ydoneo,
2053 1303 2088 1332 in
2102 1301 2288 1340 spirituali-

1276 1356 1338 1386 bus
1371 1360 1401 1385 et
1436 1355 1674 1393 temporalibus
1709 1355 1959 1394 circumspecto,
2002 1355 2061 1394 qui
2094 1354 2287 1394 hujusmodi

1277 1414 1437 1447 congruat
1460 1409 1554 1439 oneri
1571 1413 1601 1438 et
1616 1408 1753 1444 honori,
1779 1409 1867 1439 infra
1890 1409 2070 1438 terminum
2089 1409 2124 1438 in
2138 1407 2287 1446 generali

1277 1462 1418 1493 concilio
1435 1462 1614 1491 diffinitum
1629 1470 1688 1500 per
1706 1461 1901 1492 electionem
1923 1461 2115 1491 canonicam
2133 1460 2288 1491 studeant

1275 1515 1460 1554 providere.
1484 1532 1522 1536 --
1544 1514 1676 1544 Prefato
1693 1523 1770 1544 vero
1793 1514 1904 1544 abbati
1927 1518 1958 1544 et
1979 1514 2050 1553 ejus
2070 1513 2197 1544 familie
2216 1513 2288 1552 ejus

1277 1567 1448 1606 obsequiis
1478 1566 1666 1596 necessarie
1698 1566 1736 1596 de
1768 1566 1865 1596 bonis
1900 1566 2095 1596 monasterii
2129 1564 2288 1604 sepedicti

1273 1621 1367 1660 juxta
1388 1619 1623 1649 sufficientiam
1646 1619 1842 1649 facultatum
1870 1619 1976 1658 ipsius
2005 1619 2109 1649 facias
2129 1617 2289 1656 provisio-

1277 1683 1352 1704 nem
1378 1673 1607 1703 honorabilem
1633 1678 1663 1703 et
1688 1682 1868 1711 congruam
1893 1672 2076 1711 assignar13
2104 1672 2150 1702 ita
2177 1676 2288 1702 tamen

1278 1727 1365 1765 quod
1394 1726 1455 1756 sub
1480 1726 1586 1755 futuri
1618 1726 1747 1755 abbatis
1770 1726 1959 1756 obedientia
1982 1728 2182 1764 perseveret.
2213 1725 2287 1754 Dat.

1277 1779 1441 1817 Anagnie,
1459 1780 1522 1809 VII
1538 1778 1697 1808 kalendas
1714 1779 1923 1817 septembris,
1942 1787 2028 1808 anno
2046 1778 2164 1816 primo.
2186 1789 2199 1804 n

1351 1966 1438 1994 230

1316 2027 1406 2054 Priori
1423 2028 1456 2053 dc
1473 2027 1600 2058 Orbaco,
1619 2027 1842 2053 Sunssionensis
1856 2025 1998 2055 diocesis,
2017 2028 2111 2050 narrat
2125 2023 2290 2058 quaerimo-

1279 2078 1354 2104 nizuu
1378 2077 1490 2103 abbatis
1514 2075 1605 2102 Vallis
1629 2076 1763 2102 secretae
1786 2079 1884 2102 contra
1906 2073 2046 2100 Jacobum
2072 2078 2101 2100 et
2124 2072 2288 2100 Johannem

1277 2126 1392 2155 Turn-in.
1411 2126 1596 2160 presbyteros
1612 2133 1636 2152 s.
1654 2124 1778 2159 Crispini
1793 2125 1828 2150 dc
1844 2124 1944 2150 Castro
1959 2122 2140 2155 Theoderici,
2153 2122 2290 2149 Suessio-

1278 2175 1377 2201 nensis
1392 2174 1528 2205 diocesis,
1545 2179 1572 2199 et
1590 2174 1616 2199 ei
1634 2174 1757 2207 mandat,
1774 2177 1803 2199 ut
1819 2173 1853 2199 de
1866 2173 1984 2198 veritate
1997 2171 2133 2206 inquirat.
2145 2170 2230 2204 (Rho.
2243 2171 2289 2204 ¹2¹4,

1277 2232 1303 2251 c.
1322 2224 1381 2254 583,
1400 2223 1419 2251 f.
1436 2224 1503 2254 38¹¹.)

1860 1963 1984 1997 Anagni,
2004 1963 2033 1988 17
2051 1963 2119 1988 aotit
2135 1962 2214 1988 1255.

1320 2338 1332 2351 «
1354 2348 1385 2360 ..‚
1401 2326 1504 2362 priori
1521 2325 1555 2354 de
1572 2325 1693 2359 Orbaco,
1711 2324 1935 2353 Suessionensis
1951 2323 2086 2352 diocesis.
2106 2321 2172 2352 Sua
2192 2320 2290 2351 nobis

1278 2377 1390 2407 dilecti
1412 2377 1472 2406 filii
1494 2400 1527 2413 ..,
1552 2377 1653 2406 abbas
1673 2381 1703 2406 et
1720 2380 1902 2406 conventus
1916 2375 2022 2405 Vallis
2040 2375 2188 2410 Secrete,
2209 2375 2290 2404 Pre-

1278 2430 1533 2460 monstratensis
1563 2429 1704 2465 ordinis,
1736 2428 1974 2467 conquestione
2002 2430 2287 2462 monstraverunt,

1278 2484 1375 2523 quod,
1394 2493 1467 2513 cum
1484 2483 1574 2522 prior
1594 2483 1700 2512 sancti
1718 2482 1872 2519 Quintini
1889 2482 1923 2511 in
1947 2481 2061 2511 Insula
2077 2484 2290 2510 conservator

1278 2537 1326 2566 eis
1343 2546 1361 2565 a
1377 2536 1460 2566 Sede
1478 2535 1657 2574 apostolica
1674 2535 1861 2573 deputatus,
1879 2534 1914 2563 in
1930 2533 2092 2564 ,Iacobum
2110 2536 2141 2563 et
2161 2532 2289 2564 Johan-

1277 2598 1353 2619 nem
1380 2588 1514 2623 Turrin,
1540 2588 1753 2626 presbyteros
1776 2586 1915 2617 ecclesie
1943 2585 2050 2616 sancti
2074 2584 2221 2623 Crispini
2248 2584 2288 2614 de

1277 2641 1393 2672 Castro
1409 2641 1615 2676 Theoderici,
1634 2639 1889 2670 Suessionensis
1903 2638 2058 2673 diocesis,
2077 2642 2288 2676 propterma-

1278 2694 1418 2724 nifestas
1451 2693 1594 2732 injurias
1624 2697 1655 2723 et
1686 2693 1830 2722 offensas
1867 2700 1950 2731 quas
1987 2691 2067 2720 dicti
2099 2689 2288 2729 presbyteri

1278 2746 1390 2777 abbati
1420 2750 1451 2777 et
1480 2746 1658 2776 conventui
1690 2745 1848 2784 predictis
1876 2744 2074 2778 intulerant,
2105 2742 2288 2773 monitione

1277 2799 1440 2838 premissa
1490 2798 1843 2829 excommunicationis
1892 2796 2092 2827 sententiam
2136 2795 2288 2833 exigente

1273 2852 1406 2892 justitia
1441 2851 1699 2890 promulgasset,
1736 2851 1869 2881 tandem
1904 2849 1969 2888 ipsi
2002 2847 2206 2888 presbyteri,
2246 2846 2287 2877 ab

1278 2905 1391 2935 eodem
1413 2908 1643 2935 conservatore
1664 2903 1843 2934 sufficienti
1865 2902 2003 2933 conficto
2028 2900 2231 2940 gravamine,
2247 2898 2289 2929 ad
