2498 3325
231 223 293 254 310

237 300 251 316 1)

237 353 252 368 1)

234 405 250 420 7)

235 457 251 472 ’2

234 510 250 525 75

234 563 252 842 θδὲδδὸ

235 880 250 895 ἳ)

237 933 252 947 7>

236 985 251 1000 ³)

235 1037 250 1051 3)

237 1090 252 1104 5)

237 1142 251 1156 i>

234 1195 250 1209 Ἰ)

235 1300 250 1314 2)

235 1353 249 1367 Ἰ)

237 1406 251 1420 2)

234 1458 249 1473 n

235 1511 250 1526 5)

234 1564 249 1578 J)

233 2039 247 2053 ³
233 1986 246 2000 S
234 1933 248 1947 Β
232 1881 247 1895 δ
234 1827 248 1842 Ε
233 1774 248 1789 S
234 1722 249 1737 S
235 1669 250 1683 δ
236 1617 250 1631 ἕ

232 2196 245 2210 ε
231 2144 245 2158 :⁵
231 2091 245 2105 δ

231 2249 244 2262 3

230 2407 244 2421 δ
229 2354 244 2368 8
230 2302 244 2316 δ

229 2459 243 2474 5)

229 2513 243 2528 1)

228 2566 243 2580 Ὶ)

227 2619 242 2634 Ὶ)

275 288 385 318 hiberi
413 298 453 319 ne
482 289 628 328 predicta
652 300 711 320 seu
734 292 922 322 consimilia
949 293 1057 323 facere
1088 293 1243 330 deinceps

277 345 521 380 attemptarent,
540 346 570 372 et
593 343 631 372 de
651 347 739 374 tanto
756 353 891 374 excessu
914 354 969 375 eos
985 345 1113 384 puniri,
1138 349 1168 375 et
1185 353 1243 383 pro

274 392 427 431 dampnis
444 397 475 423 et
489 394 641 432 expensis
658 395 743 425 datis
760 400 790 426 et
806 396 924 427 dandis
941 401 972 427 et
986 397 1160 433 interesse,
1179 406 1243 436 que

275 446 355 475 facit
371 450 503 476 centum
523 456 651 477 marcas
668 449 811 486 argenti,
831 459 886 480 eos
904 450 1149 480 sententialiter
1164 459 1243 480 con-

275 498 462 537 dempnari,
485 503 516 530 ct
541 500 627 530 dieta
648 501 803 531 mandata
823 511 1027 533 summorum
1049 503 1242 541 pontificum

275 551 481 590 compellatis
506 552 746 584 inviolabiliter
769 554 957 591 observari,
985 560 1016 585 ct
1045 565 1144 594 super
1170 556 1243 594 ipsa

275 603 359 634 Silva
378 603 550 634 silentium
572 610 767 643 perpetuum
788 606 931 645 imponi,
949 616 1023 637 cum
1045 607 1174 637 nullum
1186 608 1242 647 jus

274 656 419 686 habeant
438 657 473 686 in
489 658 621 693 cadem;
639 658 678 688 de
695 659 816 697 quibus
831 660 985 690 omnibus
1002 660 1081 699 petit
1099 670 1156 699 per
1171 670 1240 697 VOS,

275 710 462 740 venerande
481 714 583 748 pater,
607 720 661 740 eos
688 712 934 742 sententialiter
955 714 1191 751 condempnari
1211 718 1242 744 et

275 762 316 792 ad
351 763 612 793 satisfactionem
645 765 808 803 compelli.
842 767 1048 796 Protestatur
1081 776 1242 806 expensas

276 815 379 845 saetas
404 820 433 845 et
458 816 638 846 faciendas.
662 818 779 847 Latera
799 818 881 848 silve
905 823 981 848 sunt
1005 819 1091 849 ista:
1113 830 1131 849 a
1151 825 1242 859 parte

274 868 375 898 castri
392 868 482 904 Vici,
503 873 549 898 est
569 869 661 899 rivus
680 880 858 909 aquarum,
877 872 917 901 ab
933 871 998 902 alio
1013 872 1115 903 latere
1133 873 1243 903 ssuini-

277 920 397 955 cellus,
421 930 438 950 a
461 921 556 951 tertio
576 922 706 960 pesclus
730 923 816 953 altus
835 924 929 962 juxta
950 925 1206 961 Ilotlionariam,
1225 936 1243 956 a

277 978 394 1012 quarto
410 974 503 1003 collis
520 975 577 1012 qui
600 975 721 1004 dicitur
736 977 912 1014 Aspretus,
935 977 969 1006 in
990 978 1071 1016 pede
1089 978 1242 1009 vicenda-

275 1034 348 1054 rum
372 1026 477 1055 sancti
495 1026 731 1062 Bartholomei,
751 1036 768 1056 a
785 1028 900 1066 quinto
917 1029 1014 1059 Petra
1032 1029 1128 1059 Mala.
1146 1032 1242 1061 Anno

271 1078 405 1108 Domini
420 1078 609 1114 MCCLHF,
624 1080 967 1117 pontificatusdomini
980 1083 1243 1114 InnocentiiIIH

276 1140 358 1168 pape
379 1140 464 1160 anno
479 1131 551 1166 XF,
571 1140 684 1162 mense
702 1132 880 1169 februarii,
899 1134 950 1163 die
968 1135 1011 1164 Χο
1030 1135 1191 1171 intrante,
1213 1141 1243 1165 et

274 1183 456 1213 indictione
474 1184 563 1214 XHa.

279 1247 292 1261 »
311 1236 416 1273 Super
430 1245 494 1274 quo
508 1236 620 1266 libello
633 1237 667 1266 in
681 1237 808 1276 judicio
818 1237 875 1268 lite
888 1239 1034 1275 legitime
1047 1244 1240 1277 contestata,

276 1288 408 1325 negavit
428 1294 620 1326 procurator
637 1299 695 1319 seu
712 1291 872 1329 syndicus
892 1292 1037 1330 predicte
1058 1295 1242 1323 communi-

277 1341 353 1370 tatis
372 1342 446 1371 Υἱοὶ
467 1346 601 1372 narrata
616 1346 713 1380 prout
732 1348 911 1373 narrantur
927 1345 961 1374 in
981 1345 1094 1375 libello
1110 1355 1242 1376 monas-

277 1394 350 1424 terii
377 1404 448 1424 esse
472 1404 548 1423 vera
572 1399 602 1424 et
627 1395 708 1424 dixit
734 1396 772 1425 ad
797 1397 898 1434 petita
923 1397 997 1427 idco
1025 1407 1089 1427 non
1117 1400 1240 1434 teneri,

274 1446 376 1476 salvis
388 1448 541 1477 omnibus
559 1448 806 1486 exceptionibus
821 1451 1084 1488 competentibus
1100 1461 1242 1482 commu-

274 1500 372 1529 nitati
386 1500 542 1537 predicte.
559 1501 680 1530 Eodem
697 1501 883 1537 die,cora1n
896 1503 1008 1532 eodem
1025 1504 1158 1533 domino
1175 1515 1242 1535 car-

274 1552 378 1582 dinali
393 1552 527 1582 libellus
541 1562 598 1591 pro
609 1558 700 1591 parte
716 1555 964 1585 communitatis
979 1557 1040 1586 suit
1055 1558 1242 1595 propositus

276 1605 311 1634 in
332 1605 420 1634 hunc
439 1606 583 1635 modum.
603 1606 721 1636 Coram
740 1607 848 1643 vobis,
872 1610 1050 1639 reverende
1076 1615 1167 1648 pater
1185 1611 1242 1641 do-

274 1657 375 1692 mine,
395 1658 427 1687 S.
446 1658 534 1687 tituli
552 1663 663 1689 sam-te
680 1660 783 1689 Marie
799 1661 1039 1691 Transtiberim
1059 1663 1241 1701 presbitero

273 1711 435 1740 cardinali
452 1720 468 1740 a
485 1711 617 1741 domino
633 1722 715 1750 papa
736 1713 885 1751 partibus
904 1714 1054 1745 auditore
1072 1725 1239 1753 concesso,

271 1762 352 1792 dicit
379 1767 408 1793 et
438 1764 590 1802 proponit
618 1765 792 1801 Nicolaus,
825 1767 984 1804 syndicus
1011 1768 1241 1799 universitatis

273 1816 372 1846 castri
386 1816 471 1851 Vici,
493 1821 605 1847 contra
623 1841 656 1853 ..,
673 1819 828 1856 priorem,
845 1823 874 1848 ct
894 1825 1090 1850 conventum
1108 1831 1241 1851 monas-

272 1869 348 1898 terii
366 1870 471 1898 sancti
492 1870 715 1899 Bai-tholomei
732 1871 769 1900 de
788 1871 952 1907 Trisulto,
977 1873 1103 1903 ordinis
1122 1874 1241 1904 Cartu—

273 1921 411 1957 siensis,
441 1932 498 1951 scu
526 1932 639 1951 eorum
662 1923 847 1959 legitimum
874 1924 1097 1960 defensorem,
1126 1927 1240 1957 dicens

275 1974 372 2012 quod,
390 1984 461 2004 cum
480 1974 550 2012 ipsa
567 1975 768 2006 ui‘iiversitas
780 1976 822 2005 sit
838 1981 867 2005 et
885 1977 983 2007 suerit
1002 1978 1041 2007 ab
1056 1979 1192 2017 antiquo
1205 1980 1239 2009 in

273 2027 482 2065 possessione
497 2027 547 2056 vel
564 2028 658 2065 quasi
674 2028 755 2058 silve
770 2029 808 2058 dc
823 2030 915 2067 Eyci,
933 2030 1071 2067 predicti
1137 2032 1237 2069 prior,

270 2083 302 2109 et
318 2084 500 2109 conventus
521 2089 619 2118 super
639 2080 723 2110 silva
747 2081 818 2119 ipsa
843 2082 1019 2112 molestant
1038 2084 1239 2115 universita-

270 2136 334 2162 tem
347 2132 527 2170 predictam
542 2137 573 2162 et
588 2142 650 2162 non
666 2133 779 2162 sinunt
793 2143 863 2163 eam
878 2135 1012 2172 pacifica
1028 2138 1238 2174 possessione

270 2184 425 2222 gaudere.
443 2185 625 2215 inhibendo
642 2186 671 2215 ei
689 2191 800 2216 utnon
816 2191 928 2217 utatur
947 2198 994 2217 ea.
1015 2190 1109 2219 Unde
1126 2200 1238 2220 recon-

270 2237 434 2266 venien‘do
454 2237 544 2275 petit,
570 2238 703 2268 nomine
722 2239 952 2269 universitatis
971 2242 1126 2278 predicte,
1146 2243 1238 2272 inhi-

267 2290 339 2319 beri
361 2290 409 2319 eis
427 2300 484 2328 per
505 2300 573 2325 vos,
595 2292 781 2321 venerande
801 2297 904 2330 pater,
929 2298 959 2322 et
978 2299 1171 2332 perpetuum
1191 2296 1237 2325 si-

267 2342 408 2372 lentium
426 2343 562 2380 imponi,
579 2344 664 2381 quod
681 2344 719 2373 de
736 2349 844 2373 cetero
856 2354 954 2382 super
972 2347 1138 2377 nominata
1154 2348 1237 2378 silva

268 2395 523 2424 universitatem
549 2396 729 2433 predictam
753 2397 861 2427 taliter
889 2407 953 2427 non
978 2399 1153 2430 molestent
1180 2401 1237 2431 scd

268 2448 379 2478 sinent
397 2458 468 2478 eam
484 2449 621 2486 pacifica
634 2450 843 2487 possessione
861 2451 1014 2487 gaudere,
1033 2457 1063 2482 et
1079 2454 1236 2491 predictis

266 2501 370 2539 priori
388 2505 417 2530 et
435 2502 611 2531 conventui
623 2506 819 2540 perpetuum
835 2503 1007 2534 silentium
1022 2505 1148 2544 imponi
1162 2517 1237 2537 cum

267 2553 397 2583 nullum
419 2553 474 2592 jus
497 2553 641 2583 habeant
670 2555 705 2583 in
731 2555 856 2585 eadem.
880 2557 974 2593 item,
1001 2568 1075 2587 cum
1096 2560 1236 2597 predicti

266 2607 357 2645 prior
375 2611 406 2637 et
421 2611 602 2636 conventus
623 2611 756 2637 teneant
773 2612 803 2638 et
819 2610 1009 2647 possideant
1030 2615 1134 2642 terras
1154 2613 1235 2643 sitas

227 2671 242 2686 r>
261 2659 357 2698 juxta
372 2659 576 2688 nominatam
589 2659 706 2689 silvam
720 2660 760 2689 ad
771 2661 970 2698 sepedictam
983 2664 1235 2695 universitatem

229 2724 242 2738 ))

228 2777 242 2792 ))

228 2830 243 2844 5)

268 2715 456 2750 spectantes
469 2711 543 2750 jure
559 2711 699 2741 dominii
715 2712 766 2742 vel
785 2714 880 2751 quasi
899 2718 929 2743 et
941 2715 1034 2753 juxta
1051 2720 1155 2746 terras
1171 2726 1235 2756 que

267 2768 427 2794 vocantur
441 2764 578 2795 Justitie
595 2774 613 2794 a
628 2768 720 2802 parte
734 2766 839 2795 sancti
857 2767 1083 2798 Bartholomei
1099 2773 1130 2798 et
1142 2769 1236 2808 juxta

268 2826 387 2856 aquam
404 2817 587 2855 Juniperis,
606 2817 687 2855 petit
699 2817 763 2847 sibi
779 2827 837 2856 per
848 2828 916 2854 vos,
929 2821 1116 2851 venerande
1129 2826 1233 2859 pater,

265 2879 321 2900 eos
335 2879 394 2900 seu
411 2878 524 2899 eorum
539 2869 726 2907 legitimum
739 2875 984 2908 procuratorem
999 2873 1235 2912 condempnari

1328 303 1341 318 7)

1328 356 1341 370 ))

1328 408 1340 423 1)

1327 461 1340 475 1)

1327 513 1340 527 ))

1328 566 1340 580 ))

1326 618 1339 633 ²)

1327 672 1340 685 ))

1326 723 1339 738 1)

1327 777 1340 792 5)

1327 829 1340 844 5)

1328 883 1340 897 ἲ)

960 227 1200 258 REGISTRES
1221 226 1527 257 D'ALEXANDRE
1552 228 1607 258 IV.

1366 291 1406 321 ad
1426 292 1672 324 restitutionem
1688 294 1835 332 ipsarum
1852 303 1926 324 cum
1942 294 2107 324 fructibus
2122 295 2285 334 perceptis
2300 299 2334 326 et

1366 344 1599 383 percipiendis,
1618 354 1700 385 quos
1716 346 1795 377 facit
1810 346 1838 376 X
1854 346 1946 376 milia
1962 347 2206 385 quartariorum
2223 347 2331 386 grani,

1365 396 1456 427 mille
1472 398 1641 436 quartaria
1658 398 1697 428 de
1713 398 1822 434 ordeo,
1840 398 1932 429 mille
1947 399 1987 428 de
2003 399 2107 431 milio,
2124 399 2216 430 mille
2229 399 2268 430 de
2283 399 2334 430 ci-

1365 449 1512 485 cer-ibus,
1531 449 1621 480 mille
1638 450 1677 481 de
1695 451 1780 481 sabis
1797 455 1827 481 et
1844 451 2044 490 quingentas
2063 451 2101 482 de
2118 451 2224 487 erbis;
2249 460 2333 491 quos

1365 502 1493 531 fructus
1514 503 1595 540 petit
1618 503 1645 532 si
1667 507 1789 538 extant,
1814 503 1963 542 alioquin
1979 504 2127 542 ipsorum
2145 504 2334 534 extimatio-

1366 562 1452 589 nem,
1466 564 1563 593 quam
1577 555 1655 584 facit
1667 556 1728 585 tria
1741 556 1834 585 milia
1845 556 2005 586 librarum
2019 557 2288 594 proveniensium
2299 561 2333 588 et.

1365 616 1422 645 pro
1437 606 1590 646 dampnis
1608 612 1638 638 et
1655 609 1808 647 expensis
1824 609 1909 639 datis
1925 613 1956 638 et
1973 609 2113 648 dampno
2125 614 2156 640 et
2169 609 2332 640 interesse

1365 668 1427 698 que
1451 660 1530 689 facit
1552 660 1710 690 ducentas
1734 670 1861 691 mareas
1886 662 2032 699 argenti,
2054 662 2135 700 petit
2158 662 2257 692 etiam
2273 670 2333 701 per

1366 721 1438 745 vos,
1459 712 1637 742 reverende
1664 718 1766 751 pater,
1786 714 1875 752 ipsos
1895 714 2140 744 sententialiter
2155 714 2332 753 condemp-

1366 766 1439 794 nari
1462 770 1493 795 et
1513 766 1552 795 ad
1573 766 1835 796 satisfactionem
1856 767 2026 806 compelli;
2053 771 2254 805 protestatur
2276 775 2334 798 ex-

1365 826 1485 856 pensas
1495 818 1598 848 factas
1608 823 1639 848 et
1649 819 1828 849 faciendas,
1843 820 1939 849 Anno
1952 820 2086 849 Domini
2097 819 2331 855 31⁰CC0L11110,

1366 871 1577 909 pontificatus
1593 871 1719 901 domini
1746 872 1931 901 innocentii
1955 881 2037 910 pape
2062 873 2130 902 IIII
2153 880 2240 902 anno
2262 872 2331 907 XI,

1363 932 1478 953 mense
1494 923 1666 958 februarii,
1686 924 1738 953 die
1755 925 1784 954 X
1797 924 1941 954 intrante
1959 928 1989 954 et
2006 924 2187 954 indictione
2200 924 2292 954 ΧΠ·-

1368 989 1380 1003 »
1402 977 1507 1015 Super
1525 986 1589 1015 quo
1606 976 1717 1006 libello
1734 976 1802 1007 litis
1819 977 2216 1015 contestationelegitime
2233 977 2331 1008 facta.

1366 1033 1507 1067 negante
1532 1029 1638 1067 ipsius
1663 1030 1858 1059 monasterii
1880 1033 2091 1068 procuratore
2111 1039 2171 1060 seu
2194 1029 2334 1068 syndico

1366 1086 1499 1111 narrata
1526 1082 1559 1110 iu
1587 1081 1698 1111 libello
1729 1082 1987 1117 communitatis,
2015 1086 2112 1120 prout
2141 1085 2331 1117 narrantur,

1366 1144 1438 1164 csse
1454 1144 1532 1164 vera
1549 1138 1578 1164 et
1595 1134 1724 1164 dicente
1744 1134 1846 1172 petita
1866 1134 1938 1164 fieri
1954 1143 2020 1164 non
2040 1134 2176 1170 debere,
2194 1134 2334 1172 prestito

1365 1186 1405 1216 ab
1423 1191 1562 1225 utraque
1586 1191 1676 1224 parte
1700 1190 1906 1216 sacramento
1927 1187 1965 1216 de
1985 1186 2174 1225 calumpnia
2197 1190 2228 1216 et
2243 1186 2334 1225 posi-

1366 1239 1512 1268 tionibus
1529 1239 1569 1268 ab
1583 1243 1722 1278 utraque
1734 1244 1836 1277 parte,
1853 1240 1949 1269 factis
1961 1244 1991 1270 et
2005 1239 2278 1278 responsionibus
2292 1239 2333 1269 ad

1365 1300 1420 1321 eas
1437 1292 1476 1321 ab
1494 1295 1634 1330 utraque
1656 1297 1747 1329 parte
1770 1292 1920 1322 securius
1941 1292 1981 1321 ad
1999 1292 2203 1322 fundandam
2221 1292 2334 1322 inten-

1366 1345 1489 1375 tionem
1516 1354 1609 1374 suam
1636 1344 1748 1382 plures
1771 1349 1871 1375 testes
1894 1349 2034 1384 utraque
2060 1353 2137 1384 pars
2163 1345 2331 1384 produxit,

1365 1397 1505 1436 quedam
1523 1397 1621 1427 etiam
1637 1397 1812 1436 privilegia
1829 1406 2034 1428 summorum
2049 1398 2241 1436 pontificum
2257 1407 2334 1437 pro-

1364 1450 1456 1480 duxit
1472 1460 1547 1488 pars
1564 1451 1770 1485 monasterii,
1791 1450 1945 1480 videlicet
1962 1450 2072 1480 felicis
2093 1450 2334 1481 recordationis

1364 1503 1553 1533 Innocentii
1572 1504 1633 1538 III,
1652 1503 1809 1539 IIonorii,
1832 1503 1985 1541 Gregorii
2003 1504 2103 1534 VIIII
2120 1507 2151 1533 et
2169 1503 2334 1534 Innocen-

1367 1555 1403 1586 tii
1420 1556 1505 1591 IIII,
1524 1556 1558 1585 in
1578 1565 1718 1594 quorum
1740 1556 1909 1594 aliquibus
1930 1560 2026 1586 tenor
2041 1556 2230 1586 donationis
2246 1556 2334 1586 facte

1366 1608 1472 1639 eidem
1500 1609 1702 1638 monasterio
1727 1618 1745 1638 a
1770 1609 1916 1647 predicta
1938 1609 2175 1639 communitate
2197 1608 2273 1639 Vici
2293 1607 2333 1638 de

1365 1661 1437 1700 ipsa
1450 1661 1533 1691 silva
1543 1670 1606 1700 que
1620 1661 1794 1700 injudicio
1808 1665 1856 1691 est
1868 1661 2018 1696 deducta,
2031 1661 2121 1691 salva
2133 1661 2335 1700 qua(m)dam

1366 1714 1568 1744 correctione
1586 1714 1756 1753 cujusdam
1773 1714 1950 1744 latinitatis
1970 1723 2033 1752 que
2055 1714 2164 1744 suerat
2179 1713 2214 1743 in
2230 1713 2333 1752 origi-

1365 1767 1444 1802 nali,
1472 1767 1613 1797 fideliter
1638 1767 1785 1798 insertus
1813 1771 1882 1797 crat
1909 1772 1940 1797 et
1969 1767 2116 1806 eJusdem
2142 1767 2332 1797 donationis

1363 1820 1448 1850 facte
1461 1830 1518 1858 per
1532 1830 1696 1850 summum
1712 1820 1899 1858 pontificem
1914 1820 2121 1850 confirmatio
2134 1819 2330 1850 habebatur.

1363 1873 1492 1909 Quibus
1506 1873 1646 1902 testibus
1661 1873 1700 1902 ab
1714 1874 1854 1910 utraque
1870 1876 1961 1910 parte
1975 1871 2143 1910 productis
2154 1871 2333 1909 diligenter

1364 1926 1561 1956 examinatis
1576 1930 1606 1955 et
1620 1934 1732 1955 eorum
1747 1925 1844 1954 dictis
1856 1925 2027 1964 injudicio
2041 1924 2230 1962 publicatis,
2246 1923 2331 1954 bone

1364 1979 1522 2008 memorie
1539 1978 1672 2008 domino
1689 1978 1721 2008 S.
1741 1978 1828 2007 viam
1850 1977 2005 2007 universe
2027 1977 2137 2006 carnis
2156 1977 2309 2014 ingresso
2322 1999 2329 2011 ‚

1362 2031 1429 2060 dati
1447 2040 1506 2060 nos
1524 2031 1648 2060 suimus
1663 2030 1812 2068 partibus
1829 2030 2008 2060 auditores.
2023 2029 2142 2060 Coram
2155 2029 2251 2059 nobis
2266 2029 2332 2067 igi-

1364 2088 1415 2113 tur
1430 2084 1465 2113 in
1481 2083 1607 2123 judicio
1623 2084 1708 2113 sacta
1725 2083 1818 2120 copia
1834 2083 1967 2120 utrique
1983 2082 2069 2120 parti
2087 2085 2152 2111 tam
2167 2081 2331 2111 dictorum

1362 2137 1495 2167 testium
1516 2146 1614 2175 quam
1637 2136 1933 2166 instrumentorum
1950 2144 2009 2164 seu
2024 2133 2276 2172 privilegiorum
2293 2133 2330 2163 in

1323 2201 1336 2215 ³>
1357 2189 1484 2228 judicio
1500 2188 1732 2227 productorum
1747 2192 1776 2217 et
1794 2188 1879 2216 saeta
1897 2186 2120 2225 disputatione
2136 2186 2176 2216 ab
2189 2190 2330 2225 utraque

1361 2246 1452 2280 parte
1469 2246 1533 2271 tam
1551 2250 1649 2279 super
1665 2240 1811 2278 probatis
1825 2248 1924 2278 quam
1941 2248 2039 2277 super
2055 2239 2200 2269 efficacia
2215 2238 2329 2277 proba-

1363 2300 1486 2328 torum,
1509 2294 1549 2323 ab
1568 2298 1707 2331 utraque
1725 2297 1816 2331 parte.
1838 2292 2065 2322 renuntiatum
2081 2291 2188 2322 extitit
2205 2290 2330 2330 allega-

1361 2348 1509 2378 tionibus
1532 2351 1563 2377 et
1585 2346 1789 2376 conclusum.
1815 2346 1882 2374 Nos
1904 2345 2018 2382 igitur,
2045 2343 2195 2383 partibus
2218 2352 2329 2383 coram

1361 2401 1456 2431 nobis
1473 2401 1507 2429 in
1523 2400 1649 2439 judicio
1665 2399 1856 2428 constitutis
1873 2403 1903 2428 et
1924 2407 1999 2428 cum
2017 2397 2178 2427 instantia
2193 2401 2328 2427 senten-

1360 2454 1440 2483 tiam
1456 2453 1537 2483 ferri
1554 2452 1781 2491 poscentibus,
1801 2450 1998 2481 examinatis
2014 2449 2168 2480 omnibus
2184 2449 2328 2488 diligen-

1361 2510 1408 2536 ter
1424 2516 1487 2545 que
1505 2505 1545 2535 ab
1566 2509 1705 2543 utraque
1722 2508 1812 2542 parte
1833 2503 1920 2533 dicta
1938 2504 2071 2532 fuerant
2089 2506 2120 2532 et
2140 2501 2277 2540 probata
2295 2505 2327 2532 et

1359 2557 1616 2596 allegationibus
1632 2566 1690 2586 scu
1703 2556 1888 2586 rationibus
1899 2555 2024 2584 habitis
2043 2563 2142 2592 super
2159 2553 2219 2590 eis,
2236 2554 2326 2584 inve-

1360 2611 1470 2641 nimus
1487 2610 1573 2649 quod
1588 2619 1664 2648 pars
1676 2608 1870 2639 monasterii
1886 2607 1982 2646 plene
1998 2606 2194 2646 probaverat
2206 2605 2326 2636 silvam

1359 2664 1398 2694 de
1415 2664 1497 2702 Exci
1518 2663 1557 2693 ad
1573 2663 1682 2701 ipsum
1699 2661 1937 2691 monasterium
1955 2660 2122 2699 pertinere
2139 2663 2170 2690 et
2186 2659 2222 2688 in
2235 2659 2327 2698 ejus—

1359 2717 1432 2747 dem
1449 2716 1532 2746 silve
1550 2715 1759 2754 possessione
1776 2714 1871 2752 plene
1888 2713 1993 2743 fuisse
2009 2722 2028 2742 a
2042 2713 2151 2750 longis
2168 2711 2326 2750 tempori-

1358 2769 1419 2799 bus
1437 2768 1610 2798 retroactis
1631 2767 1813 2797 secundum
1831 2766 1987 2796 terminos
2006 2765 2131 2803 positos
2147 2765 2182 2794 in
2197 2763 2322 2794 libello.

1358 2822 1441 2851 Item
1456 2820 1552 2859 plene
1565 2820 1716 2858 probavit
1732 2819 1819 2858 quod
1835 2818 1942 2848 selicis
1962 2817 2202 2848 recordationis
2217 2816 2324 2846 domi-

1358 2882 1421 2904 nus
1433 2874 1459 2903 1.
1476 2882 1559 2912 papa
1576 2874 1642 2903 IIII
1660 2872 1828 2902 mandavit
1843 2880 1901 2910 per
1915 2894 1948 2906 ..,
1963 2870 2115 2900 comitem
2129 2868 2323 2908 Campanie,
