<?xml version="1.0" encoding="UTF-8"?>
<!DOCTYPE html PUBLIC "-//W3C//DTD XHTML 1.0 Transitional//EN"
    "http://www.w3.org/TR/xhtml1/DTD/xhtml1-transitional.dtd">
<html xmlns="http://www.w3.org/1999/xhtml" xml:lang="en" lang="en">
 <head>
  <title>
</title>
<meta http-equiv="Content-Type" content="text/html;charset=utf-8" />
  <meta name='ocr-system' content='tesseract 3.04.00' />
  <meta name='ocr-capabilities' content='ocr_page ocr_carea ocr_par ocr_line ocrx_word'/>
</head>
<body>
  <div class='ocr_page' id='page_1' title='image "./lesregistresdale01cathuoft_0473.png"; bbox 0 0 2498 3325; ppageno 0'>
   <div class='ocr_carea' id='block_1_1' title="bbox 0 2638 10 2822">
    <p class='ocr_par' dir='ltr' id='par_1_1' title="bbox 0 2638 10 2822">
     <span class='ocr_line' id='line_1_1' title="bbox 0 2638 10 2822; textangle 90"><span class='ocrx_word' id='word_1_1' title='bbox 0 2786 6 2822; x_wconf 63' lang='grc'>..-</span> <span class='ocrx_word' id='word_1_2' title='bbox 0 2638 10 2777; x_wconf 26' lang='grc' dir='ltr'>-Ὴ--ι-Ἴ</span> 
     </span>
    </p>
   </div>
   <div class='ocr_carea' id='block_1_2' title="bbox 0 2827 9 2927">
    <p class='ocr_par' dir='ltr' id='par_1_2' title="bbox 0 2827 9 2927">
     <span class='ocr_line' id='line_1_2' title="bbox 0 2827 9 2927; textangle 90"><span class='ocrx_word' id='word_1_3' title='bbox 0 2903 9 2927; x_wconf 75' lang='lat' dir='ltr'>-sv</span> <span class='ocrx_word' id='word_1_4' title='bbox 0 2877 7 2891; x_wconf 73' lang='lat' dir='ltr'><strong>u</strong></span> <span class='ocrx_word' id='word_1_5' title='bbox 0 2827 9 2868; x_wconf 61' lang='lat' dir='ltr'>v-x</span> 
     </span>
    </p>
   </div>
   <div class='ocr_carea' id='block_1_3' title="bbox 1013 194 2264 232">
    <p class='ocr_par' dir='ltr' id='par_1_3' title="bbox 1013 194 2264 232">
     <span class='ocr_line' id='line_1_3' title="bbox 1013 194 2264 232; baseline -0.002 0"><span class='ocrx_word' id='word_1_6' title='bbox 1013 195 1242 232; x_wconf 78' lang='lat' dir='ltr'><strong>DEUXIEME</strong></span> <span class='ocrx_word' id='word_1_7' title='bbox 1264 194 1424 231; x_wconf 79' lang='lat' dir='ltr'>ANNEE.</span> <span class='ocrx_word' id='word_1_8' title='bbox 2209 201 2264 231; x_wconf 71' lang='lat'>459</span> 
     </span>
    </p>
   </div>
   <div class='ocr_carea' id='block_1_4' title="bbox 172 269 1183 1097">
    <p class='ocr_par' dir='ltr' id='par_1_4' title="bbox 172 269 1183 1097">
     <span class='ocr_line' id='line_1_4' title="bbox 175 269 1176 310; baseline -0.006 -9"><span class='ocrx_word' id='word_1_9' title='bbox 175 271 352 310; x_wconf 84' lang='lat' dir='ltr'>apostolice</span> <span class='ocrx_word' id='word_1_10' title='bbox 376 270 582 300; x_wconf 84' lang='lat' dir='ltr'>auctoritate.</span> <span class='ocrx_word' id='word_1_11' title='bbox 605 269 639 299; x_wconf 86' lang='lat' dir='ltr'>Si</span> <span class='ocrx_word' id='word_1_12' title='bbox 661 269 736 308; x_wconf 86' lang='lat' dir='ltr'>quis</span> <span class='ocrx_word' id='word_1_13' title='bbox 758 269 860 306; x_wconf 68' lang='lat' dir='ltr'>igitur</span> <span class='ocrx_word' id='word_1_14' title='bbox 880 269 915 297; x_wconf 92' lang='lat' dir='ltr'>in</span> <span class='ocrx_word' id='word_1_15' title='bbox 938 269 1085 297; x_wconf 81' lang='lat' dir='ltr'>futurum</span> <span class='ocrx_word' id='word_1_16' title='bbox 1109 276 1176 301; x_wconf 78' lang='lat' dir='ltr'>rex,</span> 
     </span>
     <span class='ocr_line' id='line_1_5' title="bbox 174 321 1178 361; baseline -0.005 -8"><span class='ocrx_word' id='word_1_17' title='bbox 174 324 252 359; x_wconf 81' lang='lat' dir='ltr'>dux,</span> <span class='ocrx_word' id='word_1_18' title='bbox 271 324 440 361; x_wconf 88' lang='lat' dir='ltr'>princeps,</span> <span class='ocrx_word' id='word_1_19' title='bbox 460 332 568 352; x_wconf 86' lang='lat' dir='ltr'>comes</span> <span class='ocrx_word' id='word_1_20' title='bbox 585 322 636 352; x_wconf 85' lang='lat' dir='ltr'>vel</span> <span class='ocrx_word' id='word_1_21' title='bbox 653 322 834 351; x_wconf 73' lang='lat' dir='ltr'>vicecomes</span> <span class='ocrx_word' id='word_1_22' title='bbox 852 331 909 351; x_wconf 82' lang='lat' dir='ltr'>seu</span> <span class='ocrx_word' id='word_1_23' title='bbox 929 321 1040 359; x_wconf 84' lang='lat' dir='ltr'>aliqua</span> <span class='ocrx_word' id='word_1_24' title='bbox 1058 329 1178 357; x_wconf 71' lang='lat' dir='ltr'>magna</span> 
     </span>
     <span class='ocr_line' id='line_1_6' title="bbox 172 373 1178 415; baseline -0.003 -10"><span class='ocrx_word' id='word_1_25' title='bbox 172 385 337 415; x_wconf 78' lang='lat' dir='ltr'>parvaque</span> <span class='ocrx_word' id='word_1_26' title='bbox 374 384 532 413; x_wconf 86' lang='lat' dir='ltr'>persona,</span> <span class='ocrx_word' id='word_1_27' title='bbox 565 375 802 413; x_wconf 85' lang='lat' dir='ltr'>cujuscumque</span> <span class='ocrx_word' id='word_1_28' title='bbox 837 374 963 403; x_wconf 75' lang='lat' dir='ltr'>ordinis</span> <span class='ocrx_word' id='word_1_29' title='bbox 994 373 1044 403; x_wconf 83' lang='lat' dir='ltr'>vel</span> <span class='ocrx_word' id='word_1_30' title='bbox 1081 382 1178 403; x_wconf 78' lang='lat' dir='ltr'>sexus</span> 
     </span>
     <span class='ocr_line' id='line_1_7' title="bbox 174 427 1179 466; baseline -0.004 -7"><span class='ocrx_word' id='word_1_31' title='bbox 174 429 225 459; x_wconf 89' lang='lat' dir='ltr'>vel</span> <span class='ocrx_word' id='word_1_32' title='bbox 251 429 439 466; x_wconf 71' lang='lat' dir='ltr'>dignitatis,</span> <span class='ocrx_word' id='word_1_33' title='bbox 469 432 583 458; x_wconf 89' lang='lat' dir='ltr'>contra</span> <span class='ocrx_word' id='word_1_34' title='bbox 614 427 700 457; x_wconf 84' lang='lat' dir='ltr'>hanc</span> <span class='ocrx_word' id='word_1_35' title='bbox 731 427 835 457; x_wconf 90' lang='lat' dir='ltr'>nostri</span> <span class='ocrx_word' id='word_1_36' title='bbox 866 427 989 457; x_wconf 82' lang='lat' dir='ltr'>decreti</span> <span class='ocrx_word' id='word_1_37' title='bbox 1017 427 1179 456; x_wconf 86' lang='lat' dir='ltr'>constitu-</span> 
     </span>
     <span class='ocr_line' id='line_1_8' title="bbox 174 479 1179 518; baseline -0.002 -8"><span class='ocrx_word' id='word_1_38' title='bbox 174 481 297 511; x_wconf 87' lang='lat' dir='ltr'>tionem</span> <span class='ocrx_word' id='word_1_39' title='bbox 321 490 417 518; x_wconf 79' lang='lat' dir='ltr'>agere</span> <span class='ocrx_word' id='word_1_40' title='bbox 442 480 692 518; x_wconf 67' lang='lat' dir='ltr'>presumpserit,</span> <span class='ocrx_word' id='word_1_41' title='bbox 710 484 884 518; x_wconf 80' lang='lat' dir='ltr'>postquam</span> <span class='ocrx_word' id='word_1_42' title='bbox 910 479 960 508; x_wconf 89' lang='lat' dir='ltr'>bis</span> <span class='ocrx_word' id='word_1_43' title='bbox 984 483 1039 508; x_wconf 89' lang='lat' dir='ltr'>aut</span> <span class='ocrx_word' id='word_1_44' title='bbox 1062 483 1109 508; x_wconf 87' lang='lat' dir='ltr'>ter</span> <span class='ocrx_word' id='word_1_45' title='bbox 1130 488 1179 508; x_wconf 86' lang='lat' dir='ltr'>ca-</span> 
     </span>
     <span class='ocr_line' id='line_1_9' title="bbox 175 532 1178 571; baseline -0.003 -8"><span class='ocrx_word' id='word_1_46' title='bbox 175 534 293 563; x_wconf 79' lang='lat' dir='ltr'>nonice</span> <span class='ocrx_word' id='word_1_47' title='bbox 319 533 534 571; x_wconf 70' lang='lat' dir='ltr'>compellatus</span> <span class='ocrx_word' id='word_1_48' title='bbox 554 533 665 567; x_wconf 83' lang='lat' dir='ltr'>suerit,</span> <span class='ocrx_word' id='word_1_49' title='bbox 685 533 751 561; x_wconf 91' lang='lat' dir='ltr'>nisi</span> <span class='ocrx_word' id='word_1_50' title='bbox 770 533 957 570; x_wconf 73' lang='lat' dir='ltr'>resipuerit.</span> <span class='ocrx_word' id='word_1_51' title='bbox 980 532 1037 561; x_wconf 84' lang='lat' dir='ltr'>sed</span> <span class='ocrx_word' id='word_1_52' title='bbox 1054 532 1088 560; x_wconf 93' lang='lat' dir='ltr'>in</span> <span class='ocrx_word' id='word_1_53' title='bbox 1107 540 1178 561; x_wconf 84' lang='lat' dir='ltr'>sua.</span> 
     </span>
     <span class='ocr_line' id='line_1_10' title="bbox 176 583 1181 624; baseline -0.002 -9"><span class='ocrx_word' id='word_1_54' title='bbox 176 586 262 624; x_wconf 88' lang='lat' dir='ltr'>quod</span> <span class='ocrx_word' id='word_1_55' title='bbox 279 585 376 620; x_wconf 85' lang='lat' dir='ltr'>absit,</span> <span class='ocrx_word' id='word_1_56' title='bbox 395 585 523 615; x_wconf 83' lang='lat' dir='ltr'>malitia</span> <span class='ocrx_word' id='word_1_57' title='bbox 539 585 731 623; x_wconf 78' lang='lat' dir='ltr'>perstiterit,</span> <span class='ocrx_word' id='word_1_58' title='bbox 750 585 856 622; x_wconf 89' lang='lat' dir='ltr'>primo</span> <span class='ocrx_word' id='word_1_59' title='bbox 871 585 1004 623; x_wconf 76' lang='lat' dir='ltr'>quidem</span> <span class='ocrx_word' id='word_1_60' title='bbox 1022 593 1037 613; x_wconf 90' lang='lat' dir='ltr'>a</span> <span class='ocrx_word' id='word_1_61' title='bbox 1055 583 1181 614; x_wconf 77' lang='lat' dir='ltr'>Christi</span> 
     </span>
     <span class='ocr_line' id='line_1_11' title="bbox 175 637 1181 676; baseline -0.001 -8"><span class='ocrx_word' id='word_1_62' title='bbox 175 638 320 676; x_wconf 86' lang='lat' dir='ltr'>corporis</span> <span class='ocrx_word' id='word_1_63' title='bbox 338 643 368 668; x_wconf 91' lang='lat' dir='ltr'>et</span> <span class='ocrx_word' id='word_1_64' title='bbox 385 638 560 676; x_wconf 78' lang='lat' dir='ltr'>sanguinis</span> <span class='ocrx_word' id='word_1_65' title='bbox 579 637 810 668; x_wconf 85' lang='lat' dir='ltr'>communione</span> <span class='ocrx_word' id='word_1_66' title='bbox 831 646 1034 675; x_wconf 78' lang='lat' dir='ltr'>separamus.</span> <span class='ocrx_word' id='word_1_67' title='bbox 1054 637 1181 667; x_wconf 86' lang='lat' dir='ltr'>Deinde</span> 
     </span>
     <span class='ocr_line' id='line_1_12' title="bbox 175 690 1181 730; baseline -0.001 -10"><span class='ocrx_word' id='word_1_68' title='bbox 175 700 252 720; x_wconf 85' lang='lat' dir='ltr'>vero</span> <span class='ocrx_word' id='word_1_69' title='bbox 278 691 306 720; x_wconf 87' lang='lat' dir='ltr'>si</span> <span class='ocrx_word' id='word_1_70' title='bbox 327 700 434 730; x_wconf 87' lang='lat' dir='ltr'>neque</span> <span class='ocrx_word' id='word_1_71' title='bbox 454 691 553 721; x_wconf 88' lang='lat' dir='ltr'>etiam</span> <span class='ocrx_word' id='word_1_72' title='bbox 578 690 624 720; x_wconf 89' lang='lat' dir='ltr'>sic</span> <span class='ocrx_word' id='word_1_73' title='bbox 645 690 685 720; x_wconf 84' lang='lat' dir='ltr'>ab</span> <span class='ocrx_word' id='word_1_74' title='bbox 707 690 886 729; x_wconf 73' lang='lat' dir='ltr'>iniquitate</span> <span class='ocrx_word' id='word_1_75' title='bbox 911 690 1102 724; x_wconf 68' lang='lat' dir='ltr'>cessaverit,</span> <span class='ocrx_word' id='word_1_76' title='bbox 1123 699 1181 719; x_wconf 89' lang='lat' dir='ltr'>seu</span> 
     </span>
     <span class='ocr_line' id='line_1_13' title="bbox 175 743 1182 781; baseline -0.001 -9"><span class='ocrx_word' id='word_1_77' title='bbox 175 743 330 773; x_wconf 84' lang='lat' dir='ltr'>indurato</span> <span class='ocrx_word' id='word_1_78' title='bbox 354 743 450 773; x_wconf 88' lang='lat' dir='ltr'>corde</span> <span class='ocrx_word' id='word_1_79' title='bbox 468 743 503 772; x_wconf 93' lang='lat' dir='ltr'>in</span> <span class='ocrx_word' id='word_1_80' title='bbox 523 743 636 773; x_wconf 88' lang='lat' dir='ltr'>eodem</span> <span class='ocrx_word' id='word_1_81' title='bbox 659 743 931 781; x_wconf 80' lang='lat' dir='ltr'>perseveraverit,</span> <span class='ocrx_word' id='word_1_82' title='bbox 957 752 1032 772; x_wconf 89' lang='lat' dir='ltr'>eum</span> <span class='ocrx_word' id='word_1_83' title='bbox 1053 751 1182 771; x_wconf 79' lang='lat' dir='ltr'>excom-</span> 
     </span>
     <span class='ocr_line' id='line_1_14' title="bbox 176 795 1181 833; baseline -0.003 -8"><span class='ocrx_word' id='word_1_84' title='bbox 176 796 381 825; x_wconf 84' lang='lat' dir='ltr'>municatum</span> <span class='ocrx_word' id='word_1_85' title='bbox 419 800 450 825; x_wconf 92' lang='lat' dir='ltr'>et</span> <span class='ocrx_word' id='word_1_86' title='bbox 487 796 700 833; x_wconf 85' lang='lat' dir='ltr'>dampnatum</span> <span class='ocrx_word' id='word_1_87' title='bbox 737 804 810 825; x_wconf 89' lang='lat' dir='ltr'>esse</span> <span class='ocrx_word' id='word_1_88' title='bbox 846 803 1032 824; x_wconf 80' lang='lat' dir='ltr'>censemus.</span> <span class='ocrx_word' id='word_1_89' title='bbox 1063 795 1181 824; x_wconf 81' lang='lat' dir='ltr'>Amen.</span> 
     </span>
     <span class='ocr_line' id='line_1_15' title="bbox 175 847 1183 886; baseline -0.003 -8"><span class='ocrx_word' id='word_1_90' title='bbox 175 849 292 878; x_wconf 88' lang='lat' dir='ltr'>Amen.</span> <span class='ocrx_word' id='word_1_91' title='bbox 308 849 427 878; x_wconf 87' lang='lat' dir='ltr'>Datum</span> <span class='ocrx_word' id='word_1_92' title='bbox 441 848 591 886; x_wconf 88' lang='lat' dir='ltr'>Neapoli,</span> <span class='ocrx_word' id='word_1_93' title='bbox 603 858 660 886; x_wconf 87' lang='lat' dir='ltr'>per</span> <span class='ocrx_word' id='word_1_94' title='bbox 674 857 807 877; x_wconf 89' lang='lat' dir='ltr'>manum</span> <span class='ocrx_word' id='word_1_95' title='bbox 822 847 1005 881; x_wconf 88' lang='lat' dir='ltr'>Guillelmi,</span> <span class='ocrx_word' id='word_1_96' title='bbox 1019 847 1183 884; x_wconf 81' lang='lat' dir='ltr'>magistri-</span> 
     </span>
     <span class='ocr_line' id='line_1_16' title="bbox 176 900 1183 936; baseline -0.002 -6"><span class='ocrx_word' id='word_1_97' title='bbox 176 901 341 931; x_wconf 84' lang='lat' dir='ltr'>scolarum</span> <span class='ocrx_word' id='word_1_98' title='bbox 367 901 575 936; x_wconf 79' lang='lat' dir='ltr'>Parmensis,</span> <span class='ocrx_word' id='word_1_99' title='bbox 606 905 718 931; x_wconf 90' lang='lat' dir='ltr'>sancte</span> <span class='ocrx_word' id='word_1_100' title='bbox 744 902 891 931; x_wconf 82' lang='lat' dir='ltr'>Romane</span> <span class='ocrx_word' id='word_1_101' title='bbox 918 900 1064 930; x_wconf 85' lang='lat' dir='ltr'>Ecclesie</span> <span class='ocrx_word' id='word_1_102' title='bbox 1095 900 1183 929; x_wconf 88' lang='lat' dir='ltr'>vice—</span> 
     </span>
     <span class='ocr_line' id='line_1_17' title="bbox 176 952 1183 992; baseline -0.002 -9"><span class='ocrx_word' id='word_1_103' title='bbox 176 953 382 988; x_wconf 83' lang='lat' dir='ltr'>cancellarii,</span> <span class='ocrx_word' id='word_1_104' title='bbox 402 955 434 983; x_wconf 94' lang='lat' dir='ltr'>II</span> <span class='ocrx_word' id='word_1_105' title='bbox 449 953 608 983; x_wconf 80' lang='lat' dir='ltr'>kalendas</span> <span class='ocrx_word' id='word_1_106' title='bbox 621 953 725 992; x_wconf 87' lang='lat' dir='ltr'>junii,</span> <span class='ocrx_word' id='word_1_107' title='bbox 750 953 932 982; x_wconf 83' lang='lat' dir='ltr'>indictione</span> <span class='ocrx_word' id='word_1_108' title='bbox 955 953 1054 987; x_wconf 81' lang='lat' dir='ltr'><strong>XIII,</strong></span> <span class='ocrx_word' id='word_1_109' title='bbox 1073 952 1183 981; x_wconf 86' lang='lat' dir='ltr'>incar-</span> 
     </span>
     <span class='ocr_line' id='line_1_18' title="bbox 176 1006 1183 1044; baseline -0.001 -9"><span class='ocrx_word' id='word_1_110' title='bbox 176 1006 321 1036; x_wconf 78' lang='lat' dir='ltr'>nationis</span> <span class='ocrx_word' id='word_1_111' title='bbox 349 1007 513 1036; x_wconf 88' lang='lat' dir='ltr'>dominice</span> <span class='ocrx_word' id='word_1_112' title='bbox 543 1015 629 1035; x_wconf 86' lang='lat' dir='ltr'>anno</span> <span class='ocrx_word' id='word_1_113' title='bbox 656 1006 835 1041; x_wconf 76' lang='lat' dir='ltr'>M0CC0LV,</span> <span class='ocrx_word' id='word_1_114' title='bbox 864 1006 1076 1044; x_wconf 82' lang='lat' dir='ltr'>pontificatus</span> <span class='ocrx_word' id='word_1_115' title='bbox 1106 1014 1183 1035; x_wconf 86' lang='lat' dir='ltr'>vero</span> 
     </span>
     <span class='ocr_line' id='line_1_19' title="bbox 178 1059 954 1097; baseline -0.003 -9"><span class='ocrx_word' id='word_1_116' title='bbox 178 1059 303 1089; x_wconf 89' lang='lat' dir='ltr'>domini</span> <span class='ocrx_word' id='word_1_117' title='bbox 319 1059 499 1089; x_wconf 79' lang='lat' dir='ltr'>Alexandri</span> <span class='ocrx_word' id='word_1_118' title='bbox 516 1068 597 1097; x_wconf 88' lang='lat' dir='ltr'>pape</span> <span class='ocrx_word' id='word_1_119' title='bbox 614 1060 681 1089; x_wconf 93' lang='lat' dir='ltr'><strong>IIII</strong></span> <span class='ocrx_word' id='word_1_120' title='bbox 701 1068 787 1088; x_wconf 84' lang='lat' dir='ltr'>anno</span> <span class='ocrx_word' id='word_1_121' title='bbox 803 1059 919 1097; x_wconf 87' lang='lat' dir='ltr'>primo.</span> <span class='ocrx_word' id='word_1_122' title='bbox 942 1071 954 1085; x_wconf 68' lang='grc' dir='ltr'><strong>η</strong></span> 
     </span>
    </p>
   </div>
   <div class='ocr_carea' id='block_1_5' title="bbox 251 1290 1113 1324">
    <p class='ocr_par' dir='ltr' id='par_1_5' title="bbox 251 1290 1113 1324">
     <span class='ocr_line' id='line_1_20' title="bbox 251 1290 1113 1324; baseline -0.001 -6"><span class='ocrx_word' id='word_1_123' title='bbox 251 1291 366 1319; x_wconf 72' lang='grc'>1465</span> <span class='ocrx_word' id='word_1_124' title='bbox 673 1290 802 1324; x_wconf 78' lang='lat' dir='ltr'>Anagni,</span> <span class='ocrx_word' id='word_1_125' title='bbox 821 1290 836 1316; x_wconf 73' lang='lat'>(3</span> <span class='ocrx_word' id='word_1_126' title='bbox 853 1290 1017 1324; x_wconf 76' lang='lat' dir='ltr'>septembre</span> <span class='ocrx_word' id='word_1_127' title='bbox 1037 1290 1113 1317; x_wconf 58' lang='lat'>1256.</span> 
     </span>
    </p>
   </div>
   <div class='ocr_carea' id='block_1_6' title="bbox 179 1357 1190 1732">
    <p class='ocr_par' dir='ltr' id='par_1_6' title="bbox 179 1357 1190 1732">
     <span class='ocr_line' id='line_1_21' title="bbox 215 1357 1186 1393; baseline 0.001 -9"><span class='ocrx_word' id='word_1_128' title='bbox 215 1359 354 1393; x_wconf 73' lang='lat' dir='ltr'>Magistro</span> <span class='ocrx_word' id='word_1_129' title='bbox 377 1358 525 1384; x_wconf 75' lang='lat' dir='ltr'>wilielmo</span> <span class='ocrx_word' id='word_1_130' title='bbox 549 1359 584 1385; x_wconf 86' lang='lat' dir='ltr'>de</span> <span class='ocrx_word' id='word_1_131' title='bbox 604 1358 726 1391; x_wconf 78' lang='lat' dir='ltr'>Cornet,</span> <span class='ocrx_word' id='word_1_132' title='bbox 744 1359 883 1383; x_wconf 85' lang='lat' dir='ltr'>canonico</span> <span class='ocrx_word' id='word_1_133' title='bbox 900 1357 929 1384; x_wconf 81' lang='lat' dir='ltr'>S.</span> <span class='ocrx_word' id='word_1_134' title='bbox 949 1357 1064 1384; x_wconf 74' lang='lat' dir='ltr'>Patricii</span> <span class='ocrx_word' id='word_1_135' title='bbox 1087 1358 1186 1385; x_wconf 85' lang='lat' dir='ltr'>Dubii-</span> 
     </span>
     <span class='ocr_line' id='line_1_22' title="bbox 179 1406 1186 1441; baseline 0 -8"><span class='ocrx_word' id='word_1_136' title='bbox 179 1408 287 1438; x_wconf 51' lang='lat' dir='ltr'>nens-is,</span> <span class='ocrx_word' id='word_1_137' title='bbox 300 1408 357 1439; x_wconf 90' lang='lat' dir='ltr'>cui,</span> <span class='ocrx_word' id='word_1_138' title='bbox 370 1407 405 1433; x_wconf 83' lang='lat' dir='ltr'>de</span> <span class='ocrx_word' id='word_1_139' title='bbox 422 1407 544 1441; x_wconf 87' lang='lat' dir='ltr'>simplici</span> <span class='ocrx_word' id='word_1_140' title='bbox 563 1407 668 1433; x_wconf 83' lang='lat' dir='ltr'>clerieo</span> <span class='ocrx_word' id='word_1_141' title='bbox 684 1406 778 1432; x_wconf 88' lang='lat' dir='ltr'>soluto</span> <span class='ocrx_word' id='word_1_142' title='bbox 791 1410 818 1432; x_wconf 87' lang='lat' dir='ltr'>et</span> <span class='ocrx_word' id='word_1_143' title='bbox 830 1407 924 1432; x_wconf 80' lang='lat' dir='ltr'>soluta</span> <span class='ocrx_word' id='word_1_144' title='bbox 937 1407 1044 1440; x_wconf 76' lang='lat' dir='ltr'>genitu,</span> <span class='ocrx_word' id='word_1_145' title='bbox 1055 1406 1102 1440; x_wconf 88' lang='lat' dir='ltr'>O.‚</span> <span class='ocrx_word' id='word_1_146' title='bbox 1117 1406 1186 1433; x_wconf 78' lang='lat' dir='ltr'>Por-</span> 
     </span>
     <span class='ocr_line' id='line_1_23' title="bbox 179 1454 1187 1491; baseline -0.002 -8"><span class='ocrx_word' id='word_1_147' title='bbox 179 1457 291 1484; x_wconf 82' lang='lat' dir='ltr'>tuensis</span> <span class='ocrx_word' id='word_1_148' title='bbox 305 1457 470 1491; x_wconf 83' lang='lat' dir='ltr'>episcopus,</span> <span class='ocrx_word' id='word_1_149' title='bbox 484 1460 553 1482; x_wconf 89' lang='lat' dir='ltr'>tnnc</span> <span class='ocrx_word' id='word_1_150' title='bbox 565 1455 595 1482; x_wconf 86' lang='lat' dir='ltr'>S.</span> <span class='ocrx_word' id='word_1_151' title='bbox 608 1455 718 1481; x_wconf 82' lang='lat' dir='ltr'>Nicolai</span> <span class='ocrx_word' id='word_1_152' title='bbox 732 1454 758 1480; x_wconf 92' lang='lat' dir='ltr'>in</span> <span class='ocrx_word' id='word_1_153' title='bbox 772 1454 891 1481; x_wconf 87' lang='lat' dir='ltr'>Carcere</span> <span class='ocrx_word' id='word_1_154' title='bbox 903 1455 1033 1481; x_wconf 82' lang='lat' dir='ltr'>Tulliano</span> <span class='ocrx_word' id='word_1_155' title='bbox 1048 1455 1187 1481; x_wconf 78' lang='lat' dir='ltr'>diaconus</span> 
     </span>
     <span class='ocr_line' id='line_1_24' title="bbox 179 1504 1187 1538; baseline -0.002 -7"><span class='ocrx_word' id='word_1_156' title='bbox 179 1505 348 1537; x_wconf 80' lang='lat' dir='ltr'>cardinalis,</span> <span class='ocrx_word' id='word_1_157' title='bbox 373 1509 400 1531; x_wconf 87' lang='lat' dir='ltr'>ct</span> <span class='ocrx_word' id='word_1_158' title='bbox 417 1505 443 1530; x_wconf 90' lang='lat' dir='ltr'>in</span> <span class='ocrx_word' id='word_1_159' title='bbox 460 1504 518 1530; x_wconf 86' lang='lat' dir='ltr'>iilis</span> <span class='ocrx_word' id='word_1_160' title='bbox 535 1505 664 1538; x_wconf 82' lang='lat' dir='ltr'>partibus</span> <span class='ocrx_word' id='word_1_161' title='bbox 680 1504 853 1538; x_wconf 83' lang='lat' dir='ltr'>apostolicae</span> <span class='ocrx_word' id='word_1_162' title='bbox 872 1504 956 1530; x_wconf 81' lang='lat' dir='ltr'>Sedis</span> <span class='ocrx_word' id='word_1_163' title='bbox 977 1504 1106 1537; x_wconf 67' lang='lat' dir='ltr'>legatus⁷</span> <span class='ocrx_word' id='word_1_164' title='bbox 1127 1504 1187 1529; x_wconf 85' lang='lat' dir='ltr'>dis-</span> 
     </span>
     <span class='ocr_line' id='line_1_25' title="bbox 179 1553 1187 1590; baseline 0 -11"><span class='ocrx_word' id='word_1_165' title='bbox 179 1555 320 1590; x_wconf 84' lang='lat' dir='ltr'>pensavit,</span> <span class='ocrx_word' id='word_1_166' title='bbox 335 1558 365 1580; x_wconf 88' lang='lat' dir='ltr'>ut</span> <span class='ocrx_word' id='word_1_167' title='bbox 379 1558 477 1588; x_wconf 85' lang='lat' dir='ltr'>posset</span> <span class='ocrx_word' id='word_1_168' title='bbox 493 1553 526 1580; x_wconf 89' lang='lat' dir='ltr'>ad</span> <span class='ocrx_word' id='word_1_169' title='bbox 544 1561 645 1579; x_wconf 87' lang='lat' dir='ltr'>omnes</span> <span class='ocrx_word' id='word_1_170' title='bbox 661 1553 777 1580; x_wconf 85' lang='lat' dir='ltr'>ordines</span> <span class='ocrx_word' id='word_1_171' title='bbox 794 1553 953 1587; x_wconf 79' lang='lat' dir='ltr'>promoveri</span> <span class='ocrx_word' id='word_1_172' title='bbox 970 1557 997 1578; x_wconf 84' lang='lat' dir='ltr'>et</span> <span class='ocrx_word' id='word_1_173' title='bbox 1015 1553 1187 1579; x_wconf 85' lang='lat' dir='ltr'>beneficium</span> 
     </span>
     <span class='ocr_line' id='line_1_26' title="bbox 180 1601 1190 1635; baseline -0.001 -7"><span class='ocrx_word' id='word_1_174' title='bbox 180 1603 410 1629; x_wconf 82' lang='lat' dir='ltr'>ecclesiasticum</span> <span class='ocrx_word' id='word_1_175' title='bbox 432 1603 578 1632; x_wconf 79' lang='lat' dir='ltr'>obtinere,</span> <span class='ocrx_word' id='word_1_176' title='bbox 595 1601 739 1633; x_wconf 86' lang='lat' dir='ltr'>concedit,</span> <span class='ocrx_word' id='word_1_177' title='bbox 759 1605 788 1627; x_wconf 90' lang='lat' dir='ltr'>ut</span> <span class='ocrx_word' id='word_1_178' title='bbox 804 1602 959 1635; x_wconf 76' lang='lat' dir='ltr'>dignitates</span> <span class='ocrx_word' id='word_1_179' title='bbox 975 1601 1190 1628; x_wconf 78' lang='lat' dir='ltr'>ecclesiasticas</span> 
     </span>
     <span class='ocr_line' id='line_1_27' title="bbox 180 1650 1187 1686; baseline -0.003 -8"><span class='ocrx_word' id='word_1_180' title='bbox 180 1653 265 1678; x_wconf 85' lang='lat' dir='ltr'>etiam</span> <span class='ocrx_word' id='word_1_181' title='bbox 287 1651 480 1686; x_wconf 84' lang='lat' dir='ltr'>episcopalem</span> <span class='ocrx_word' id='word_1_182' title='bbox 504 1651 630 1685; x_wconf 80' lang='lat' dir='ltr'>recipere</span> <span class='ocrx_word' id='word_1_183' title='bbox 656 1651 758 1677; x_wconf 83' lang='lat' dir='ltr'>valeat.</span> <span class='ocrx_word' id='word_1_184' title='bbox 786 1650 866 1682; x_wconf 64' lang='grc'>[1110.</span> <span class='ocrx_word' id='word_1_185' title='bbox 889 1651 931 1681; x_wconf 69' lang='lat' dir='ltr'>Qli,</span> <span class='ocrx_word' id='word_1_186' title='bbox 951 1650 969 1676; x_wconf 78' lang='lat' dir='ltr'>t.</span> <span class='ocrx_word' id='word_1_187' title='bbox 992 1651 1049 1683; x_wconf 73' lang='lat'>¹98,</span> <span class='ocrx_word' id='word_1_188' title='bbox 1066 1659 1133 1677; x_wconf 86' lang='lat' dir='ltr'>ann.</span> <span class='ocrx_word' id='word_1_189' title='bbox 1150 1650 1187 1684; x_wconf 89' lang='grc'>11,</span> 
     </span>
     <span class='ocr_line' id='line_1_28' title="bbox 179 1700 294 1732; baseline -0.017 -4"><span class='ocrx_word' id='word_1_190' title='bbox 179 1709 205 1728; x_wconf 83' lang='grc'>0.</span> <span class='ocrx_word' id='word_1_191' title='bbox 221 1700 294 1732; x_wconf 86' lang='grc'>381,)</span> 
     </span>
    </p>
   </div>
   <div class='ocr_carea' id='block_1_7' title="bbox 181 1827 1192 2016">
    <p class='ocr_par' dir='ltr' id='par_1_7' title="bbox 181 1827 1192 2016">
     <span class='ocr_line' id='line_1_29' title="bbox 223 1827 1192 1866; baseline 0.001 -11"><span class='ocrx_word' id='word_1_192' title='bbox 223 1841 235 1855; x_wconf 87' lang='lat'>«</span> <span class='ocrx_word' id='word_1_193' title='bbox 255 1829 400 1866; x_wconf 43' lang='lat' dir='ltr'>illa-(sisne</span> <span class='ocrx_word' id='word_1_194' title='bbox 421 1828 570 1857; x_wconf 76' lang='lat' dir='ltr'>Ii&#39;illclmo</span> <span class='ocrx_word' id='word_1_195' title='bbox 591 1827 624 1856; x_wconf 84' lang='lat' dir='ltr'>de</span> <span class='ocrx_word' id='word_1_196' title='bbox 647 1827 772 1862; x_wconf 67' lang='lat' dir='ltr'>Comei,</span> <span class='ocrx_word' id='word_1_197' title='bbox 796 1828 952 1864; x_wconf 76' lang='lat' dir='ltr'>capellano</span> <span class='ocrx_word' id='word_1_198' title='bbox 970 1833 1080 1863; x_wconf 76' lang='lat' dir='ltr'>nostro,</span> <span class='ocrx_word' id='word_1_199' title='bbox 1099 1836 1192 1856; x_wconf 74' lang='lat' dir='ltr'>cario-</span> 
     </span>
     <span class='ocr_line' id='line_1_30' title="bbox 181 1879 1190 1918; baseline -0.001 -8"><span class='ocrx_word' id='word_1_200' title='bbox 181 1883 251 1911; x_wconf 81' lang='lat' dir='ltr'>nico</span> <span class='ocrx_word' id='word_1_201' title='bbox 270 1882 378 1910; x_wconf 75' lang='lat' dir='ltr'>Sancti</span> <span class='ocrx_word' id='word_1_202' title='bbox 394 1881 526 1909; x_wconf 81' lang='lat' dir='ltr'>Patricii</span> <span class='ocrx_word' id='word_1_203' title='bbox 542 1881 747 1909; x_wconf 80' lang='lat' dir='ltr'>Dublinensis.</span> <span class='ocrx_word' id='word_1_204' title='bbox 768 1879 945 1917; x_wconf 77' lang='lat' dir='ltr'>Illegitime</span> <span class='ocrx_word' id='word_1_205' title='bbox 962 1880 1091 1917; x_wconf 75' lang='lat' dir='ltr'>genitos</span> <span class='ocrx_word' id='word_1_206' title='bbox 1108 1888 1190 1918; x_wconf 87' lang='lat' dir='ltr'>qnos</span> 
     </span>
     <span class='ocr_line' id='line_1_31' title="bbox 181 1932 1192 1971; baseline -0.001 -8"><span class='ocrx_word' id='word_1_207' title='bbox 181 1951 229 1963; x_wconf 87' lang='lat'>-.</span> <span class='ocrx_word' id='word_1_208' title='bbox 260 1935 333 1963; x_wconf 86' lang='lat' dir='ltr'>Dat.</span> <span class='ocrx_word' id='word_1_209' title='bbox 363 1933 535 1971; x_wconf 80' lang='lat' dir='ltr'>Anagnie,</span> <span class='ocrx_word' id='word_1_210' title='bbox 565 1933 647 1962; x_wconf 83' lang='lat' dir='ltr'><strong>VIII</strong></span> <span class='ocrx_word' id='word_1_211' title='bbox 672 1932 747 1962; x_wconf 89' lang='lat' dir='ltr'>idus</span> <span class='ocrx_word' id='word_1_212' title='bbox 776 1932 990 1969; x_wconf 78' lang='lat' dir='ltr'>septembris,</span> <span class='ocrx_word' id='word_1_213' title='bbox 1021 1941 1108 1962; x_wconf 79' lang='lat' dir='ltr'>anno</span> <span class='ocrx_word' id='word_1_214' title='bbox 1139 1941 1192 1962; x_wconf 87' lang='lat' dir='ltr'>se-</span> 
     </span>
     <span class='ocr_line' id='line_1_32' title="bbox 183 1987 339 2016; baseline -0.006 0"><span class='ocrx_word' id='word_1_215' title='bbox 183 1987 300 2016; x_wconf 90' lang='lat' dir='ltr'>cundo.</span> <span class='ocrx_word' id='word_1_216' title='bbox 328 1999 339 2012; x_wconf 74' lang='lat' dir='ltr'>n</span> 
     </span>
    </p>
   </div>
   <div class='ocr_carea' id='block_1_8' title="bbox 259 2209 1120 2244">
    <p class='ocr_par' dir='ltr' id='par_1_8' title="bbox 259 2209 1120 2244">
     <span class='ocr_line' id='line_1_33' title="bbox 259 2209 1120 2244; baseline -0.001 -6"><span class='ocrx_word' id='word_1_217' title='bbox 259 2210 374 2238; x_wconf 72' lang='lat' dir='ltr'>¹48ss</span> <span class='ocrx_word' id='word_1_218' title='bbox 668 2209 794 2243; x_wconf 79' lang='lat' dir='ltr'>Anagni,</span> <span class='ocrx_word' id='word_1_219' title='bbox 816 2210 842 2235; x_wconf 91' lang='grc'>11</span> <span class='ocrx_word' id='word_1_220' title='bbox 861 2209 1025 2244; x_wconf 76' lang='lat' dir='ltr'>septembre</span> <span class='ocrx_word' id='word_1_221' title='bbox 1045 2209 1120 2237; x_wconf 69' lang='lat'><strong>1256.</strong></span> 
     </span>
    </p>
   </div>
   <div class='ocr_carea' id='block_1_9' title="bbox 184 2277 1196 2653">
    <p class='ocr_par' dir='ltr' id='par_1_9' title="bbox 184 2277 1196 2653">
     <span class='ocr_line' id='line_1_34' title="bbox 219 2277 1192 2311; baseline -0.001 -6"><span class='ocrx_word' id='word_1_222' title='bbox 219 2279 324 2305; x_wconf 81' lang='lat' dir='ltr'>Abbati</span> <span class='ocrx_word' id='word_1_223' title='bbox 337 2278 436 2305; x_wconf 81' lang='lat' dir='ltr'>Sancti</span> <span class='ocrx_word' id='word_1_224' title='bbox 451 2278 580 2304; x_wconf 84' lang='lat' dir='ltr'>Memmii</span> <span class='ocrx_word' id='word_1_225' title='bbox 594 2277 834 2304; x_wconf 82' lang='lat' dir='ltr'>Cathalaunensis</span> <span class='ocrx_word' id='word_1_226' title='bbox 847 2277 969 2306; x_wconf 85' lang='lat' dir='ltr'>mandat,</span> <span class='ocrx_word' id='word_1_227' title='bbox 984 2277 1120 2311; x_wconf 81' lang='lat' dir='ltr'>quatinus</span> <span class='ocrx_word' id='word_1_228' title='bbox 1133 2277 1192 2304; x_wconf 79' lang='lat' dir='ltr'>Ra-</span> 
     </span>
     <span class='ocr_line' id='line_1_35' title="bbox 184 2326 1193 2361; baseline -0.001 -7"><span class='ocrx_word' id='word_1_229' title='bbox 184 2327 261 2354; x_wconf 80' lang='lat' dir='ltr'>dulfo</span> <span class='ocrx_word' id='word_1_230' title='bbox 273 2327 349 2354; x_wconf 84' lang='lat' dir='ltr'>dicto</span> <span class='ocrx_word' id='word_1_231' title='bbox 362 2327 396 2353; x_wconf 87' lang='lat' dir='ltr'>de</span> <span class='ocrx_word' id='word_1_232' title='bbox 411 2327 517 2354; x_wconf 81' lang='lat' dir='ltr'>Sancto</span> <span class='ocrx_word' id='word_1_233' title='bbox 530 2326 676 2359; x_wconf 85' lang='lat' dir='ltr'>Memmio,</span> <span class='ocrx_word' id='word_1_234' title='bbox 694 2326 873 2360; x_wconf 85' lang='lat' dir='ltr'>presbyteio,</span> <span class='ocrx_word' id='word_1_235' title='bbox 886 2327 1032 2361; x_wconf 83' lang='lat' dir='ltr'>capellano</span> <span class='ocrx_word' id='word_1_236' title='bbox 1047 2326 1081 2353; x_wconf 69' lang='lat' dir='ltr'>tt.</span> <span class='ocrx_word' id='word_1_237' title='bbox 1095 2326 1193 2353; x_wconf 84' lang='lat' dir='ltr'>Sancti</span> 
     </span>
     <span class='ocr_line' id='line_1_36' title="bbox 185 2374 1195 2410; baseline -0.003 -7"><span class='ocrx_word' id='word_1_238' title='bbox 185 2376 291 2410; x_wconf 80' lang='lat' dir='ltr'>Angeli</span> <span class='ocrx_word' id='word_1_239' title='bbox 312 2375 425 2402; x_wconf 84' lang='lat' dir='ltr'>diaconi</span> <span class='ocrx_word' id='word_1_240' title='bbox 449 2374 603 2401; x_wconf 81' lang='lat' dir='ltr'>cardinalis</span> <span class='ocrx_word' id='word_1_241' title='bbox 625 2374 826 2401; x_wconf 81' lang='lat' dir='ltr'>canonicatum</span> <span class='ocrx_word' id='word_1_242' title='bbox 849 2375 989 2401; x_wconf 80' lang='lat' dir='ltr'>ecclesiae</span> <span class='ocrx_word' id='word_1_243' title='bbox 1005 2374 1110 2401; x_wconf 84' lang='lat' dir='ltr'>Beatae</span> <span class='ocrx_word' id='word_1_244' title='bbox 1134 2375 1195 2401; x_wconf 82' lang='lat' dir='ltr'>Ma-</span> 
     </span>
     <span class='ocr_line' id='line_1_37' title="bbox 185 2417 1195 2458; baseline -0.001 -6"><span class='ocrx_word' id='word_1_245' title='bbox 185 2425 244 2452; x_wconf 84' lang='lat' dir='ltr'>riae</span> <span class='ocrx_word' id='word_1_246' title='bbox 263 2425 290 2451; x_wconf 93' lang='lat' dir='ltr'>in</span> <span class='ocrx_word' id='word_1_247' title='bbox 313 2417 444 2451; x_wconf 82' lang='lat' dir='ltr'>Vallibus</span> <span class='ocrx_word' id='word_1_248' title='bbox 460 2423 716 2458; x_wconf 76' lang='lat' dir='ltr'>cathalaunensis,</span> <span class='ocrx_word' id='word_1_249' title='bbox 733 2425 904 2450; x_wconf 85' lang='lat' dir='ltr'>auctoritate</span> <span class='ocrx_word' id='word_1_250' title='bbox 927 2424 1086 2451; x_wconf 86' lang='lat' dir='ltr'>litterarum</span> <span class='ocrx_word' id='word_1_251' title='bbox 1108 2424 1195 2451; x_wconf 89' lang='lat' dir='ltr'>Inno-</span> 
     </span>
     <span class='ocr_line' id='line_1_38' title="bbox 185 2472 1195 2508; baseline -0.001 -8"><span class='ocrx_word' id='word_1_252' title='bbox 185 2473 272 2501; x_wconf 81' lang='lat' dir='ltr'>centii</span> <span class='ocrx_word' id='word_1_253' title='bbox 286 2481 374 2508; x_wconf 83' lang='lat' dir='ltr'>papae</span> <span class='ocrx_word' id='word_1_254' title='bbox 386 2472 438 2506; x_wconf 85' lang='lat' dir='ltr'>IV,</span> <span class='ocrx_word' id='word_1_255' title='bbox 453 2476 611 2507; x_wconf 82' lang='lat' dir='ltr'>receptum,</span> <span class='ocrx_word' id='word_1_256' title='bbox 628 2475 777 2507; x_wconf 81' lang='lat' dir='ltr'>praetextu</span> <span class='ocrx_word' id='word_1_257' title='bbox 790 2475 884 2498; x_wconf 81' lang='lat' dir='ltr'>antem</span> <span class='ocrx_word' id='word_1_258' title='bbox 898 2472 1114 2499; x_wconf 77' lang='lat' dir='ltr'>constitutionis</span> <span class='ocrx_word' id='word_1_259' title='bbox 1125 2481 1195 2499; x_wconf 84' lang='lat' dir='ltr'>suae</span> 
     </span>
     <span class='ocr_line' id='line_1_39' title="bbox 184 2520 1195 2556; baseline -0.001 -7"><span class='ocrx_word' id='word_1_260' title='bbox 184 2523 220 2550; x_wconf 87' lang='lat' dir='ltr'>de</span> <span class='ocrx_word' id='word_1_261' title='bbox 236 2526 359 2556; x_wconf 82' lang='lat' dir='ltr'>quatuor</span> <span class='ocrx_word' id='word_1_262' title='bbox 375 2521 523 2548; x_wconf 87' lang='lat' dir='ltr'>canonicis</span> <span class='ocrx_word' id='word_1_263' title='bbox 538 2520 737 2547; x_wconf 85' lang='lat' dir='ltr'>tantummodo</span> <span class='ocrx_word' id='word_1_264' title='bbox 751 2521 874 2555; x_wconf 82' lang='lat' dir='ltr'>receptis</span> <span class='ocrx_word' id='word_1_265' title='bbox 886 2525 1028 2555; x_wconf 85' lang='lat' dir='ltr'>ereptum,</span> <span class='ocrx_word' id='word_1_266' title='bbox 1047 2521 1195 2555; x_wconf 86' lang='lat' dir='ltr'>providere</span> 
     </span>
     <span class='ocr_line' id='line_1_40' title="bbox 186 2569 1196 2607; baseline -0.001 -10"><span class='ocrx_word' id='word_1_267' title='bbox 186 2575 331 2607; x_wconf 84' lang='lat' dir='ltr'>procuret,</span> <span class='ocrx_word' id='word_1_268' title='bbox 355 2574 506 2605; x_wconf 87' lang='lat' dir='ltr'>postquam</span> <span class='ocrx_word' id='word_1_269' title='bbox 533 2569 608 2596; x_wconf 88' lang='lat' dir='ltr'>idem</span> <span class='ocrx_word' id='word_1_270' title='bbox 635 2569 777 2595; x_wconf 75' lang='lat' dir='ltr'>nadulfus</span> <span class='ocrx_word' id='word_1_271' title='bbox 803 2569 993 2604; x_wconf 78' lang='lat' dir='ltr'>praebendam</span> <span class='ocrx_word' id='word_1_272' title='bbox 1020 2569 1047 2595; x_wconf 91' lang='lat' dir='ltr'>in</span> <span class='ocrx_word' id='word_1_273' title='bbox 1072 2570 1196 2597; x_wconf 82' lang='lat' dir='ltr'>ecclesia</span> 
     </span>
     <span class='ocr_line' id='line_1_41' title="bbox 185 2617 1195 2653; baseline -0.001 -7"><span class='ocrx_word' id='word_1_274' title='bbox 185 2619 409 2647; x_wconf 81' lang='lat' dir='ltr'>cathalaunensi</span> <span class='ocrx_word' id='word_1_275' title='bbox 427 2618 625 2653; x_wconf 78' lang='lat' dir='ltr'>resignaverit.</span> <span class='ocrx_word' id='word_1_276' title='bbox 643 2617 727 2650; x_wconf 71' lang='lat' dir='ltr'>(Rea.</span> <span class='ocrx_word' id='word_1_277' title='bbox 742 2617 794 2650; x_wconf 74' lang='lat'>24,</span> <span class='ocrx_word' id='word_1_278' title='bbox 811 2618 830 2644; x_wconf 77' lang='lat' dir='ltr'>f.</span> <span class='ocrx_word' id='word_1_279' title='bbox 850 2618 914 2652; x_wconf 79' lang='lat'>198,</span> <span class='ocrx_word' id='word_1_280' title='bbox 931 2627 998 2645; x_wconf 85' lang='lat' dir='ltr'>ann.</span> <span class='ocrx_word' id='word_1_281' title='bbox 1015 2617 1061 2651; x_wconf 86' lang='lat' dir='ltr'>It,</span> <span class='ocrx_word' id='word_1_282' title='bbox 1079 2627 1104 2644; x_wconf 90' lang='lat' dir='ltr'>c.</span> <span class='ocrx_word' id='word_1_283' title='bbox 1122 2618 1195 2651; x_wconf 72' lang='lat'>382.)</span> 
     </span>
    </p>
   </div>
   <div class='ocr_carea' id='block_1_10' title="bbox 188 2746 1195 2884">
    <p class='ocr_par' dir='ltr' id='par_1_10' title="bbox 188 2746 1195 2884">
     <span class='ocr_line' id='line_1_42' title="bbox 230 2746 1195 2776; baseline 0.001 -2"><span class='ocrx_word' id='word_1_284' title='bbox 230 2760 241 2774; x_wconf 72' lang='grc' dir='ltr'>ι(</span> <span class='ocrx_word' id='word_1_285' title='bbox 272 2748 378 2776; x_wconf 78' lang='lat' dir='ltr'>Abbati</span> <span class='ocrx_word' id='word_1_286' title='bbox 404 2747 511 2776; x_wconf 74' lang='lat' dir='ltr'>Sancti</span> <span class='ocrx_word' id='word_1_287' title='bbox 540 2747 676 2776; x_wconf 76' lang='lat' dir='ltr'>Memmii</span> <span class='ocrx_word' id='word_1_288' title='bbox 706 2746 972 2775; x_wconf 75' lang='lat' dir='ltr'>Catlwlawzensis.</span> <span class='ocrx_word' id='word_1_289' title='bbox 1006 2747 1073 2776; x_wconf 81' lang='lat' dir='ltr'>Sua</span> <span class='ocrx_word' id='word_1_290' title='bbox 1100 2747 1195 2776; x_wconf 80' lang='lat' dir='ltr'>nobis</span> 
     </span>
     <span class='ocr_line' id='line_1_43' title="bbox 188 2799 1195 2838; baseline -0.001 -7"><span class='ocrx_word' id='word_1_291' title='bbox 188 2801 328 2831; x_wconf 87' lang='lat' dir='ltr'>dilectus</span> <span class='ocrx_word' id='word_1_292' title='bbox 345 2819 391 2829; x_wconf 95' lang='lat'>—.</span> <span class='ocrx_word' id='word_1_293' title='bbox 414 2801 488 2830; x_wconf 84' lang='lat' dir='ltr'>Dat.</span> <span class='ocrx_word' id='word_1_294' title='bbox 508 2800 675 2838; x_wconf 70' lang='lat' dir='ltr'>Anagnie,</span> <span class='ocrx_word' id='word_1_295' title='bbox 701 2800 751 2829; x_wconf 87' lang='lat'>111</span> <span class='ocrx_word' id='word_1_296' title='bbox 774 2799 848 2828; x_wconf 89' lang='lat' dir='ltr'>idus</span> <span class='ocrx_word' id='word_1_297' title='bbox 873 2799 1088 2837; x_wconf 70' lang='lat' dir='ltr'>septembris,</span> <span class='ocrx_word' id='word_1_298' title='bbox 1109 2809 1195 2830; x_wconf 87' lang='lat' dir='ltr'>anno</span> 
     </span>
     <span class='ocr_line' id='line_1_44' title="bbox 189 2854 377 2884; baseline -0.021 0"><span class='ocrx_word' id='word_1_299' title='bbox 189 2854 342 2884; x_wconf 88' lang='lat' dir='ltr'>secundo.</span> <span class='ocrx_word' id='word_1_300' title='bbox 365 2866 377 2880; x_wconf 76' lang='lat' dir='ltr'>n</span> 
     </span>
    </p>
   </div>
   <div class='ocr_carea' id='block_1_11' title="bbox 1228 1644 1236 2344">
    <p class='ocr_par' dir='ltr' id='par_1_11' title="bbox 1228 1644 1236 2344">
     <span class='ocr_line' id='line_1_45' title="bbox 1228 1644 1236 2344; baseline 0 0"><span class='ocrx_word' id='word_1_301' title='bbox 1228 1644 1236 2344; x_wconf 95' lang='lat' dir='ltr'> </span> 
     </span>
    </p>
   </div>
   <div class='ocr_carea' id='block_1_12' title="bbox 1228 1644 1237 2504">
    <p class='ocr_par' dir='ltr' id='par_1_12' title="bbox 1228 1644 1237 2504">
     <span class='ocr_line' id='line_1_46' title="bbox 1228 1644 1237 2504; baseline 0 0"><span class='ocrx_word' id='word_1_302' title='bbox 1228 1644 1237 2504; x_wconf 95' lang='lat' dir='ltr'> </span> 
     </span>
    </p>
   </div>
   <div class='ocr_carea' id='block_1_13' title="bbox 1334 266 2194 299">
    <p class='ocr_par' dir='ltr' id='par_1_13' title="bbox 1334 266 2194 299">
     <span class='ocr_line' id='line_1_47' title="bbox 1334 266 2194 299; baseline 0 -6"><span class='ocrx_word' id='word_1_303' title='bbox 1334 266 1445 293; x_wconf 65' lang='lat'>1467</span> <span class='ocrx_word' id='word_1_304' title='bbox 1858 266 1985 299; x_wconf 76' lang='lat' dir='ltr'>Anagni,</span> <span class='ocrx_word' id='word_1_305' title='bbox 2003 266 2015 292; x_wconf 75' lang='lat'><em>4</em></span> <span class='ocrx_word' id='word_1_306' title='bbox 2033 268 2098 292; x_wconf 76' lang='lat' dir='ltr'>aeut</span> <span class='ocrx_word' id='word_1_307' title='bbox 2118 267 2194 293; x_wconf 65' lang='lat'>1256.</span> 
     </span>
    </p>
   </div>
   <div class='ocr_carea' id='block_1_14' title="bbox 1260 326 2265 408">
    <p class='ocr_par' dir='ltr' id='par_1_14' title="bbox 1260 326 2265 408">
     <span class='ocr_line' id='line_1_48' title="bbox 1295 326 2265 359; baseline 0 -6"><span class='ocrx_word' id='word_1_308' title='bbox 1295 328 1408 353; x_wconf 74' lang='lat' dir='ltr'>statuta</span> <span class='ocrx_word' id='word_1_309' title='bbox 1426 328 1590 353; x_wconf 78' lang='lat' dir='ltr'>monasterii</span> <span class='ocrx_word' id='word_1_310' title='bbox 1609 328 1638 354; x_wconf 78' lang='lat' dir='ltr'>S.</span> <span class='ocrx_word' id='word_1_311' title='bbox 1656 326 1812 359; x_wconf 77' lang='lat' dir='ltr'>Edumndi,</span> <span class='ocrx_word' id='word_1_312' title='bbox 1830 326 2027 353; x_wconf 84' lang='lat' dir='ltr'>Norwicensis</span> <span class='ocrx_word' id='word_1_313' title='bbox 2043 327 2177 359; x_wconf 76' lang='lat' dir='ltr'>diocesis,</span> <span class='ocrx_word' id='word_1_314' title='bbox 2195 336 2265 353; x_wconf 90' lang='lat' dir='ltr'>con-</span> 
     </span>
     <span class='ocr_line' id='line_1_49' title="bbox 1260 374 1931 408; baseline -0.001 -7"><span class='ocrx_word' id='word_1_315' title='bbox 1260 376 1362 401; x_wconf 83' lang='lat' dir='ltr'>firmat.</span> <span class='ocrx_word' id='word_1_316' title='bbox 1382 375 1465 408; x_wconf 65' lang='lat' dir='ltr'>(Ittzo.</span> <span class='ocrx_word' id='word_1_317' title='bbox 1483 376 1532 407; x_wconf 61' lang='grc' dir='ltr'>Ἡ,</span> <span class='ocrx_word' id='word_1_318' title='bbox 1551 376 1568 401; x_wconf 86' lang='lat' dir='ltr'>s.</span> <span class='ocrx_word' id='word_1_319' title='bbox 1591 376 1654 408; x_wconf 60' lang='lat'>¹98,</span> <span class='ocrx_word' id='word_1_320' title='bbox 1671 384 1737 401; x_wconf 85' lang='lat' dir='ltr'>ann.</span> <span class='ocrx_word' id='word_1_321' title='bbox 1756 374 1799 406; x_wconf 84' lang='lat'>11,</span> <span class='ocrx_word' id='word_1_322' title='bbox 1816 383 1841 402; x_wconf 84' lang='grc'>0.</span> <span class='ocrx_word' id='word_1_323' title='bbox 1859 374 1931 407; x_wconf 76' lang='lat'>383.)</span> 
     </span>
    </p>
   </div>
   <div class='ocr_carea' id='block_1_15' title="bbox 1261 476 2287 2892">
    <p class='ocr_par' dir='ltr' id='par_1_15' title="bbox 1261 476 2271 935">
     <span class='ocr_line' id='line_1_50' title="bbox 1303 476 2265 511; baseline 0.003 -9"><span class='ocrx_word' id='word_1_324' title='bbox 1303 489 1314 502; x_wconf 71' lang='grc' dir='ltr'>α</span> <span class='ocrx_word' id='word_1_325' title='bbox 1336 499 1368 510; x_wconf 89' lang='grc'>..,</span> <span class='ocrx_word' id='word_1_326' title='bbox 1393 477 1493 504; x_wconf 68' lang='grc' dir='ltr'>(ιὶιίιαιί</span> <span class='ocrx_word' id='word_1_327' title='bbox 1516 481 1541 504; x_wconf 77' lang='lat' dir='ltr'>el</span> <span class='ocrx_word' id='word_1_328' title='bbox 1563 477 1727 505; x_wconf 66' lang='lat' dir='ltr'>conventui?</span> <span class='ocrx_word' id='word_1_329' title='bbox 1751 477 1930 504; x_wconf 75' lang='lat' dir='ltr'>monasterii</span> <span class='ocrx_word' id='word_1_330' title='bbox 1950 476 2057 505; x_wconf 81' lang='lat' dir='ltr'>Sancti</span> <span class='ocrx_word' id='word_1_331' title='bbox 2078 477 2265 511; x_wconf 76' lang='lat' dir='ltr'>Eadmumli,</span> 
     </span>
     <span class='ocr_line' id='line_1_51' title="bbox 1261 529 2268 565; baseline 0 -8"><span class='ocrx_word' id='word_1_332' title='bbox 1261 530 1300 558; x_wconf 77' lang='lat' dir='ltr'>ad</span> <span class='ocrx_word' id='word_1_333' title='bbox 1325 530 1490 557; x_wconf 76' lang='lat' dir='ltr'>Romanam</span> <span class='ocrx_word' id='word_1_334' title='bbox 1517 530 1679 558; x_wconf 76' lang='lat' dir='ltr'>Ecclesiam</span> <span class='ocrx_word' id='word_1_335' title='bbox 1703 530 1789 557; x_wconf 75' lang='lat' dir='ltr'>nullo</span> <span class='ocrx_word' id='word_1_336' title='bbox 1814 529 1909 557; x_wconf 80' lang='lat' dir='ltr'>medio</span> <span class='ocrx_word' id='word_1_337' title='bbox 1928 529 2121 565; x_wconf 73' lang='lat' dir='ltr'>pertinentis,</span> <span class='ocrx_word' id='word_1_338' title='bbox 2149 529 2268 557; x_wconf 73' lang='lat' dir='ltr'>ordinis</span> 
     </span>
     <span class='ocr_line' id='line_1_52' title="bbox 1261 581 2269 611; baseline 0.001 -1"><span class='ocrx_word' id='word_1_339' title='bbox 1261 583 1362 611; x_wconf 77' lang='lat' dir='ltr'>sancti</span> <span class='ocrx_word' id='word_1_340' title='bbox 1378 582 1541 610; x_wconf 72' lang='lat' dir='ltr'>Brnczlicci.</span> <span class='ocrx_word' id='word_1_341' title='bbox 1562 582 1763 610; x_wconf 66' lang='lat' dir='ltr'>Nora-irensis</span> <span class='ocrx_word' id='word_1_342' title='bbox 1779 582 1914 610; x_wconf 76' lang='lat' dir='ltr'>diocesis.</span> <span class='ocrx_word' id='word_1_343' title='bbox 1933 581 2020 611; x_wconf 80' lang='lat' dir='ltr'>Solet</span> <span class='ocrx_word' id='word_1_344' title='bbox 2042 590 2188 610; x_wconf 84' lang='lat' dir='ltr'>annuere</span> <span class='ocrx_word' id='word_1_345' title='bbox 2210 582 2269 611; x_wconf 80' lang='lat' dir='ltr'>Se-</span> 
     </span>
     <span class='ocr_line' id='line_1_53' title="bbox 1263 633 2268 673; baseline -0.002 -9"><span class='ocrx_word' id='word_1_346' title='bbox 1263 635 1319 664; x_wconf 86' lang='lat' dir='ltr'>des</span> <span class='ocrx_word' id='word_1_347' title='bbox 1337 634 1515 672; x_wconf 84' lang='lat' dir='ltr'>apostolica</span> <span class='ocrx_word' id='word_1_348' title='bbox 1530 634 1615 673; x_wconf 65' lang='lat' dir='ltr'>[ete]</span> <span class='ocrx_word' id='word_1_349' title='bbox 1632 643 1736 672; x_wconf 81' lang='lat' dir='ltr'>usque</span> <span class='ocrx_word' id='word_1_350' title='bbox 1753 644 1758 662; x_wconf 74' lang='grc' dir='ltr'><em>τ</em></span> <span class='ocrx_word' id='word_1_351' title='bbox 1778 634 1952 671; x_wconf 85' lang='lat' dir='ltr'>impertiri.</span> <span class='ocrx_word' id='word_1_352' title='bbox 1968 633 2122 672; x_wconf 80' lang='lat' dir='ltr'>Exposita</span> <span class='ocrx_word' id='word_1_353' title='bbox 2136 634 2268 672; x_wconf 71' lang='lat' dir='ltr'>quidem</span> 
     </span>
     <span class='ocr_line' id='line_1_54' title="bbox 1264 686 2266 725; baseline -0.001 -8"><span class='ocrx_word' id='word_1_354' title='bbox 1264 688 1359 717; x_wconf 88' lang='lat' dir='ltr'>nobis</span> <span class='ocrx_word' id='word_1_355' title='bbox 1376 692 1486 716; x_wconf 76' lang='lat' dir='ltr'>vestra</span> <span class='ocrx_word' id='word_1_356' title='bbox 1500 687 1614 725; x_wconf 87' lang='lat' dir='ltr'>petitio</span> <span class='ocrx_word' id='word_1_357' title='bbox 1631 686 1832 721; x_wconf 83' lang='lat' dir='ltr'>continebat,</span> <span class='ocrx_word' id='word_1_358' title='bbox 1850 686 1935 724; x_wconf 81' lang='lat' dir='ltr'>quod</span> <span class='ocrx_word' id='word_1_359' title='bbox 1951 686 2102 715; x_wconf 85' lang='lat' dir='ltr'>nonnulli</span> <span class='ocrx_word' id='word_1_360' title='bbox 2120 686 2266 721; x_wconf 83' lang='lat' dir='ltr'>abbates,</span> 
     </span>
     <span class='ocr_line' id='line_1_55' title="bbox 1264 739 2270 778; baseline -0.001 -9"><span class='ocrx_word' id='word_1_361' title='bbox 1264 740 1321 778; x_wconf 85' lang='lat' dir='ltr'>qui</span> <span class='ocrx_word' id='word_1_362' title='bbox 1339 744 1446 769; x_wconf 83' lang='lat' dir='ltr'>vestro</span> <span class='ocrx_word' id='word_1_363' title='bbox 1466 739 1666 769; x_wconf 85' lang='lat' dir='ltr'>monasterio</span> <span class='ocrx_word' id='word_1_364' title='bbox 1684 748 1740 776; x_wconf 89' lang='lat' dir='ltr'>pro</span> <span class='ocrx_word' id='word_1_365' title='bbox 1759 744 1902 776; x_wconf 83' lang='lat' dir='ltr'>tempore</span> <span class='ocrx_word' id='word_1_366' title='bbox 1917 739 2120 776; x_wconf 72' lang='lat' dir='ltr'>prefuerunt,</span> <span class='ocrx_word' id='word_1_367' title='bbox 2139 748 2270 769; x_wconf 88' lang='lat' dir='ltr'>succes-</span> 
     </span>
     <span class='ocr_line' id='line_1_56' title="bbox 1264 791 2266 830; baseline -0.001 -9"><span class='ocrx_word' id='word_1_368' title='bbox 1264 793 1333 822; x_wconf 85' lang='lat' dir='ltr'>sive</span> <span class='ocrx_word' id='word_1_369' title='bbox 1349 791 1675 830; x_wconf 84' lang='lat' dir='ltr'>statutahujusmodi</span> <span class='ocrx_word' id='word_1_370' title='bbox 1693 792 1726 820; x_wconf 90' lang='lat' dir='ltr'>in</span> <span class='ocrx_word' id='word_1_371' title='bbox 1745 791 1856 820; x_wconf 86' lang='lat' dir='ltr'>eodem</span> <span class='ocrx_word' id='word_1_372' title='bbox 1871 791 2071 820; x_wconf 86' lang='lat' dir='ltr'>monasterio</span> <span class='ocrx_word' id='word_1_373' title='bbox 2083 791 2266 827; x_wconf 83' lang='lat' dir='ltr'>ediderunt,</span> 
     </span>
     <span class='ocr_line' id='line_1_57' title="bbox 1264 843 2271 883; baseline -0.003 -9"><span class='ocrx_word' id='word_1_374' title='bbox 1264 845 1431 883; x_wconf 85' lang='lat' dir='ltr'>perpetuis</span> <span class='ocrx_word' id='word_1_375' title='bbox 1456 844 1658 882; x_wconf 73' lang='lat' dir='ltr'>temporibus</span> <span class='ocrx_word' id='word_1_376' title='bbox 1680 843 1902 877; x_wconf 80' lang='lat' dir='ltr'>observanda,</span> <span class='ocrx_word' id='word_1_377' title='bbox 1927 852 1989 881; x_wconf 83' lang='lat' dir='ltr'>que</span> <span class='ocrx_word' id='word_1_378' title='bbox 2012 843 2045 872; x_wconf 88' lang='lat' dir='ltr'>in</span> <span class='ocrx_word' id='word_1_379' title='bbox 2069 843 2271 872; x_wconf 85' lang='lat' dir='ltr'>monasterio</span> 
     </span>
     <span class='ocr_line' id='line_1_58' title="bbox 1267 895 2101 935; baseline -0.004 -9"><span class='ocrx_word' id='word_1_380' title='bbox 1267 902 1373 927; x_wconf 88' lang='lat' dir='ltr'>vestro</span> <span class='ocrx_word' id='word_1_381' title='bbox 1390 897 1429 926; x_wconf 86' lang='lat' dir='ltr'>ab</span> <span class='ocrx_word' id='word_1_382' title='bbox 1449 897 1596 935; x_wconf 76' lang='lat' dir='ltr'>antiquis</span> <span class='ocrx_word' id='word_1_383' title='bbox 1614 901 1690 925; x_wconf 87' lang='lat' dir='ltr'>sunt</span> <span class='ocrx_word' id='word_1_384' title='bbox 1708 896 1911 933; x_wconf 83' lang='lat' dir='ltr'>temporibus</span> <span class='ocrx_word' id='word_1_385' title='bbox 1927 895 2101 925; x_wconf 83' lang='lat' dir='ltr'>custodita.</span> 
     </span>
    </p>

    <p class='ocr_par' dir='ltr' id='par_1_16' title="bbox 1265 948 2277 1410">
     <span class='ocr_line' id='line_1_59' title="bbox 1307 948 2273 988; baseline -0.002 -9"><span class='ocrx_word' id='word_1_386' title='bbox 1307 962 1319 976; x_wconf 72' lang='lat'>1)</span> <span class='ocrx_word' id='word_1_387' title='bbox 1339 950 1450 980; x_wconf 88' lang='lat' dir='ltr'>Primo</span> <span class='ocrx_word' id='word_1_388' title='bbox 1470 949 1633 984; x_wconf 87' lang='lat' dir='ltr'>videlicet,</span> <span class='ocrx_word' id='word_1_389' title='bbox 1652 949 1740 988; x_wconf 85' lang='lat' dir='ltr'>qnod</span> <span class='ocrx_word' id='word_1_390' title='bbox 1756 948 1908 978; x_wconf 88' lang='lat' dir='ltr'>monachi</span> <span class='ocrx_word' id='word_1_391' title='bbox 1926 948 1960 977; x_wconf 89' lang='lat' dir='ltr'>in</span> <span class='ocrx_word' id='word_1_392' title='bbox 1977 948 2123 986; x_wconf 83' lang='lat' dir='ltr'>predicto</span> <span class='ocrx_word' id='word_1_393' title='bbox 2141 958 2273 978; x_wconf 90' lang='lat' dir='ltr'>monas-</span> 
     </span>
     <span class='ocr_line' id='line_1_60' title="bbox 1265 1001 2274 1038; baseline -0.001 -6"><span class='ocrx_word' id='word_1_394' title='bbox 1265 1003 1365 1038; x_wconf 83' lang='lat' dir='ltr'>terio,</span> <span class='ocrx_word' id='word_1_395' title='bbox 1390 1003 1476 1032; x_wconf 84' lang='lat' dir='ltr'>sicut</span> <span class='ocrx_word' id='word_1_396' title='bbox 1496 1002 1606 1037; x_wconf 89' lang='lat' dir='ltr'>decet,</span> <span class='ocrx_word' id='word_1_397' title='bbox 1630 1002 1850 1031; x_wconf 84' lang='lat' dir='ltr'>communiter</span> <span class='ocrx_word' id='word_1_398' title='bbox 1873 1001 1986 1030; x_wconf 79' lang='lat' dir='ltr'>vivant</span> <span class='ocrx_word' id='word_1_399' title='bbox 2006 1001 2040 1030; x_wconf 91' lang='lat' dir='ltr'>in</span> <span class='ocrx_word' id='word_1_400' title='bbox 2064 1010 2141 1036; x_wconf 89' lang='lat' dir='ltr'>uno,</span> <span class='ocrx_word' id='word_1_401' title='bbox 2165 1010 2274 1031; x_wconf 85' lang='lat' dir='ltr'>come-</span> 
     </span>
     <span class='ocr_line' id='line_1_61' title="bbox 1266 1054 2274 1086; baseline -0.002 -1"><span class='ocrx_word' id='word_1_402' title='bbox 1266 1056 1371 1086; x_wconf 88' lang='lat' dir='ltr'>dendo</span> <span class='ocrx_word' id='word_1_403' title='bbox 1389 1060 1419 1085; x_wconf 87' lang='lat' dir='ltr'>et</span> <span class='ocrx_word' id='word_1_404' title='bbox 1435 1055 1578 1085; x_wconf 90' lang='lat' dir='ltr'>bibendo</span> <span class='ocrx_word' id='word_1_405' title='bbox 1594 1055 1769 1085; x_wconf 78' lang='lat' dir='ltr'>refectorio</span> <span class='ocrx_word' id='word_1_406' title='bbox 1794 1059 1824 1084; x_wconf 87' lang='lat' dir='ltr'>et</span> <span class='ocrx_word' id='word_1_407' title='bbox 1844 1054 1879 1083; x_wconf 91' lang='lat' dir='ltr'>in</span> <span class='ocrx_word' id='word_1_408' title='bbox 1901 1063 1968 1083; x_wconf 90' lang='lat' dir='ltr'>uno</span> <span class='ocrx_word' id='word_1_409' title='bbox 1989 1054 2180 1084; x_wconf 89' lang='lat' dir='ltr'>dormitorio</span> <span class='ocrx_word' id='word_1_410' title='bbox 2200 1054 2274 1084; x_wconf 90' lang='lat' dir='ltr'>dor-</span> 
     </span>
     <span class='ocr_line' id='line_1_62' title="bbox 1265 1106 2276 1144; baseline -0.002 -7"><span class='ocrx_word' id='word_1_411' title='bbox 1265 1108 1409 1143; x_wconf 89' lang='lat' dir='ltr'>miendo,</span> <span class='ocrx_word' id='word_1_412' title='bbox 1428 1107 1495 1137; x_wconf 91' lang='lat' dir='ltr'>nisi</span> <span class='ocrx_word' id='word_1_413' title='bbox 1512 1107 1572 1137; x_wconf 88' lang='grc'>1100</span> <span class='ocrx_word' id='word_1_414' title='bbox 1588 1107 1767 1136; x_wconf 85' lang='lat' dir='ltr'>infirmitas</span> <span class='ocrx_word' id='word_1_415' title='bbox 1784 1106 1836 1136; x_wconf 89' lang='lat' dir='ltr'>vel</span> <span class='ocrx_word' id='word_1_416' title='bbox 1852 1106 2006 1136; x_wconf 81' lang='lat' dir='ltr'>debilitas</span> <span class='ocrx_word' id='word_1_417' title='bbox 2024 1106 2225 1144; x_wconf 88' lang='lat' dir='ltr'>prohiberet,</span> <span class='ocrx_word' id='word_1_418' title='bbox 2244 1111 2276 1136; x_wconf 89' lang='lat' dir='ltr'>et</span> 
     </span>
     <span class='ocr_line' id='line_1_63' title="bbox 1266 1159 2274 1200; baseline -0.002 -10"><span class='ocrx_word' id='word_1_419' title='bbox 1266 1165 1408 1200; x_wconf 85' lang='lat' dir='ltr'>quatuor</span> <span class='ocrx_word' id='word_1_420' title='bbox 1431 1160 1597 1198; x_wconf 84' lang='lat' dir='ltr'>personis,</span> <span class='ocrx_word' id='word_1_421' title='bbox 1623 1160 1751 1189; x_wconf 85' lang='lat' dir='ltr'>duabus</span> <span class='ocrx_word' id='word_1_422' title='bbox 1772 1159 1925 1189; x_wconf 86' lang='lat' dir='ltr'>videlicet</span> <span class='ocrx_word' id='word_1_423' title='bbox 1946 1168 2063 1197; x_wconf 87' lang='lat' dir='ltr'>corpus</span> <span class='ocrx_word' id='word_1_424' title='bbox 2081 1159 2169 1189; x_wconf 89' lang='lat' dir='ltr'>beati</span> <span class='ocrx_word' id='word_1_425' title='bbox 2189 1159 2274 1189; x_wconf 88' lang='lat' dir='ltr'>Ead-</span> 
     </span>
     <span class='ocr_line' id='line_1_64' title="bbox 1266 1211 2275 1251; baseline -0.001 -9"><span class='ocrx_word' id='word_1_426' title='bbox 1266 1213 1382 1243; x_wconf 89' lang='lat' dir='ltr'>mundi</span> <span class='ocrx_word' id='word_1_427' title='bbox 1407 1212 1575 1251; x_wconf 63' lang='lat' dir='ltr'>martyris,</span> <span class='ocrx_word' id='word_1_428' title='bbox 1594 1216 1726 1250; x_wconf 87' lang='lat' dir='ltr'>propter</span> <span class='ocrx_word' id='word_1_429' title='bbox 1744 1211 1855 1250; x_wconf 90' lang='lat' dir='ltr'>populi</span> <span class='ocrx_word' id='word_1_430' title='bbox 1873 1221 1972 1241; x_wconf 85' lang='lat' dir='ltr'>causa</span> <span class='ocrx_word' id='word_1_431' title='bbox 1995 1212 2275 1250; x_wconf 80' lang='lat' dir='ltr'>peregrinationis</span> 
     </span>
     <span class='ocr_line' id='line_1_65' title="bbox 1267 1264 2274 1303; baseline -0.002 -7"><span class='ocrx_word' id='word_1_432' title='bbox 1267 1266 1521 1300; x_wconf 81' lang='lat' dir='ltr'>confluentiam,</span> <span class='ocrx_word' id='word_1_433' title='bbox 1561 1265 1703 1303; x_wconf 77' lang='lat' dir='ltr'>aliisque</span> <span class='ocrx_word' id='word_1_434' title='bbox 1736 1265 1863 1294; x_wconf 88' lang='lat' dir='ltr'>duabus</span> <span class='ocrx_word' id='word_1_435' title='bbox 1898 1264 2092 1294; x_wconf 86' lang='lat' dir='ltr'>thesaurum</span> <span class='ocrx_word' id='word_1_436' title='bbox 2125 1264 2274 1299; x_wconf 79' lang='lat' dir='ltr'>ecclesie,</span> 
     </span>
     <span class='ocr_line' id='line_1_66' title="bbox 1268 1316 2277 1357; baseline -0.003 -9"><span class='ocrx_word' id='word_1_437' title='bbox 1268 1323 1400 1357; x_wconf 88' lang='lat' dir='ltr'>propter</span> <span class='ocrx_word' id='word_1_438' title='bbox 1428 1318 1656 1347; x_wconf 88' lang='lat' dir='ltr'>incursionem</span> <span class='ocrx_word' id='word_1_439' title='bbox 1684 1317 1862 1352; x_wconf 82' lang='lat' dir='ltr'>latronum,</span> <span class='ocrx_word' id='word_1_440' title='bbox 1893 1321 1923 1346; x_wconf 89' lang='lat' dir='ltr'>et</span> <span class='ocrx_word' id='word_1_441' title='bbox 1948 1316 2156 1354; x_wconf 70' lang='lat' dir='ltr'>horologium</span> <span class='ocrx_word' id='word_1_442' title='bbox 2183 1321 2277 1346; x_wconf 86' lang='lat' dir='ltr'>nocte</span> 
     </span>
     <span class='ocr_line' id='line_1_67' title="bbox 1269 1370 1846 1410; baseline -0.005 -9"><span class='ocrx_word' id='word_1_443' title='bbox 1269 1372 1388 1410; x_wconf 82' lang='lat' dir='ltr'>dieque</span> <span class='ocrx_word' id='word_1_444' title='bbox 1405 1370 1670 1400; x_wconf 83' lang='lat' dir='ltr'>custodientibus</span> <span class='ocrx_word' id='word_1_445' title='bbox 1691 1370 1846 1408; x_wconf 83' lang='lat' dir='ltr'>exceptis.</span> 
     </span>
    </p>

    <p class='ocr_par' dir='ltr' id='par_1_17' title="bbox 1270 1423 2280 1774">
     <span class='ocr_line' id='line_1_68' title="bbox 1312 1423 2276 1462; baseline -0.001 -8"><span class='ocrx_word' id='word_1_446' title='bbox 1312 1438 1323 1451; x_wconf 76' lang='lat' dir='ltr'>n</span> <span class='ocrx_word' id='word_1_447' title='bbox 1344 1425 1505 1459; x_wconf 73' lang='lat' dir='ltr'>Secundo,</span> <span class='ocrx_word' id='word_1_448' title='bbox 1522 1424 1607 1462; x_wconf 79' lang='lat' dir='ltr'>quod</span> <span class='ocrx_word' id='word_1_449' title='bbox 1623 1423 1707 1453; x_wconf 91' lang='grc'>1111111</span> <span class='ocrx_word' id='word_1_450' title='bbox 1719 1423 1880 1453; x_wconf 86' lang='lat' dir='ltr'>monacho</span> <span class='ocrx_word' id='word_1_451' title='bbox 1894 1423 2127 1461; x_wconf 85' lang='lat' dir='ltr'>proprietatem</span> <span class='ocrx_word' id='word_1_452' title='bbox 2143 1423 2276 1458; x_wconf 85' lang='lat' dir='ltr'>habere,</span> 
     </span>
     <span class='ocr_line' id='line_1_69' title="bbox 1270 1475 2278 1514; baseline -0.003 -7"><span class='ocrx_word' id='word_1_453' title='bbox 1270 1477 1486 1508; x_wconf 86' lang='lat' dir='ltr'>mercimonia</span> <span class='ocrx_word' id='word_1_454' title='bbox 1505 1481 1560 1505; x_wconf 89' lang='lat' dir='ltr'>aut</span> <span class='ocrx_word' id='word_1_455' title='bbox 1581 1476 1824 1514; x_wconf 71' lang='lat' dir='ltr'>negotiationes</span> <span class='ocrx_word' id='word_1_456' title='bbox 1847 1485 1999 1505; x_wconf 78' lang='lat' dir='ltr'>exercere</span> <span class='ocrx_word' id='word_1_457' title='bbox 2021 1476 2055 1504; x_wconf 89' lang='lat' dir='ltr'>in</span> <span class='ocrx_word' id='word_1_458' title='bbox 2075 1475 2187 1505; x_wconf 88' lang='lat' dir='ltr'>eodem</span> <span class='ocrx_word' id='word_1_459' title='bbox 2205 1485 2278 1513; x_wconf 86' lang='lat' dir='ltr'>per-</span> 
     </span>
     <span class='ocr_line' id='line_1_70' title="bbox 1270 1528 2276 1567; baseline -0.002 -8"><span class='ocrx_word' id='word_1_460' title='bbox 1270 1531 1414 1560; x_wconf 87' lang='lat' dir='ltr'>mittitur</span> <span class='ocrx_word' id='word_1_461' title='bbox 1430 1529 1642 1564; x_wconf 82' lang='lat' dir='ltr'>monasterio,</span> <span class='ocrx_word' id='word_1_462' title='bbox 1662 1533 1771 1567; x_wconf 84' lang='lat' dir='ltr'>preter</span> <span class='ocrx_word' id='word_1_463' title='bbox 1793 1538 1908 1567; x_wconf 84' lang='lat' dir='ltr'>quam,</span> <span class='ocrx_word' id='word_1_464' title='bbox 1927 1529 2014 1567; x_wconf 82' lang='lat' dir='ltr'>quod</span> <span class='ocrx_word' id='word_1_465' title='bbox 2030 1528 2276 1564; x_wconf 70' lang='lat' dir='ltr'>obedientiarii,</span> 
     </span>
     <span class='ocr_line' id='line_1_71' title="bbox 1271 1581 2277 1621; baseline -0.004 -7"><span class='ocrx_word' id='word_1_466' title='bbox 1271 1593 1309 1614; x_wconf 77' lang='lat' dir='ltr'>ex</span> <span class='ocrx_word' id='word_1_467' title='bbox 1328 1583 1474 1621; x_wconf 72' lang='lat' dir='ltr'>generali</span> <span class='ocrx_word' id='word_1_468' title='bbox 1500 1582 1789 1612; x_wconf 87' lang='lat' dir='ltr'>administratione</span> <span class='ocrx_word' id='word_1_469' title='bbox 1812 1582 1876 1611; x_wconf 86' lang='lat' dir='ltr'>sibi</span> <span class='ocrx_word' id='word_1_470' title='bbox 1902 1581 1941 1611; x_wconf 85' lang='lat' dir='ltr'>ab</span> <span class='ocrx_word' id='word_1_471' title='bbox 1963 1581 2080 1611; x_wconf 82' lang='lat' dir='ltr'>abbate</span> <span class='ocrx_word' id='word_1_472' title='bbox 2104 1581 2277 1619; x_wconf 82' lang='lat' dir='ltr'>permissa,</span> 
     </span>
     <span class='ocr_line' id='line_1_72' title="bbox 1272 1635 2280 1676; baseline -0.003 -10"><span class='ocrx_word' id='word_1_473' title='bbox 1272 1646 1334 1676; x_wconf 80' lang='lat' dir='ltr'>que</span> <span class='ocrx_word' id='word_1_474' title='bbox 1347 1636 1535 1666; x_wconf 83' lang='lat' dir='ltr'>necessaria</span> <span class='ocrx_word' id='word_1_475' title='bbox 1553 1640 1583 1665; x_wconf 91' lang='lat' dir='ltr'>et</span> <span class='ocrx_word' id='word_1_476' title='bbox 1599 1635 1695 1665; x_wconf 82' lang='lat' dir='ltr'>utilia</span> <span class='ocrx_word' id='word_1_477' title='bbox 1712 1635 1912 1665; x_wconf 85' lang='lat' dir='ltr'>obedientiis</span> <span class='ocrx_word' id='word_1_478' title='bbox 1931 1635 1995 1664; x_wconf 85' lang='lat' dir='ltr'>sibi</span> <span class='ocrx_word' id='word_1_479' title='bbox 2011 1635 2197 1664; x_wconf 84' lang='lat' dir='ltr'>commissis</span> <span class='ocrx_word' id='word_1_480' title='bbox 2210 1635 2280 1664; x_wconf 81' lang='lat' dir='ltr'>sore</span> 
     </span>
     <span class='ocr_line' id='line_1_73' title="bbox 1271 1687 2280 1729; baseline -0.002 -9"><span class='ocrx_word' id='word_1_481' title='bbox 1271 1689 1513 1729; x_wconf 78' lang='lat' dir='ltr'>perspexerint,</span> <span class='ocrx_word' id='word_1_482' title='bbox 1544 1692 1681 1727; x_wconf 87' lang='lat' dir='ltr'>possunt</span> <span class='ocrx_word' id='word_1_483' title='bbox 1707 1689 1806 1717; x_wconf 87' lang='lat' dir='ltr'>etiam</span> <span class='ocrx_word' id='word_1_484' title='bbox 1833 1697 1890 1726; x_wconf 86' lang='lat' dir='ltr'>per</span> <span class='ocrx_word' id='word_1_485' title='bbox 1915 1687 2081 1718; x_wconf 83' lang='lat' dir='ltr'>seculares</span> <span class='ocrx_word' id='word_1_486' title='bbox 2105 1688 2280 1726; x_wconf 83' lang='lat' dir='ltr'>disponere</span> 
     </span>
     <span class='ocr_line' id='line_1_74' title="bbox 1273 1744 1467 1774; baseline -0.01 0"><span class='ocrx_word' id='word_1_487' title='bbox 1273 1744 1467 1774; x_wconf 85' lang='lat' dir='ltr'>servientes.</span> 
     </span>
    </p>

    <p class='ocr_par' dir='ltr' id='par_1_18' title="bbox 1274 1793 2285 2302">
     <span class='ocr_line' id='line_1_75' title="bbox 1316 1793 2279 1834; baseline -0.004 -8"><span class='ocrx_word' id='word_1_488' title='bbox 1316 1809 1327 1822; x_wconf 84' lang='lat'>»</span> <span class='ocrx_word' id='word_1_489' title='bbox 1346 1796 1467 1830; x_wconf 87' lang='lat' dir='ltr'>Tertio,</span> <span class='ocrx_word' id='word_1_490' title='bbox 1488 1795 1574 1834; x_wconf 78' lang='lat' dir='ltr'>quod</span> <span class='ocrx_word' id='word_1_491' title='bbox 1591 1795 1842 1830; x_wconf 80' lang='lat' dir='ltr'>obedientiarii,</span> <span class='ocrx_word' id='word_1_492' title='bbox 1861 1803 1935 1824; x_wconf 90' lang='lat' dir='ltr'>cum</span> <span class='ocrx_word' id='word_1_493' title='bbox 1952 1794 2125 1823; x_wconf 81' lang='lat' dir='ltr'>amovendi</span> <span class='ocrx_word' id='word_1_494' title='bbox 2143 1793 2279 1828; x_wconf 86' lang='lat' dir='ltr'>fuerint,</span> 
     </span>
     <span class='ocr_line' id='line_1_76' title="bbox 1274 1846 2282 1888; baseline -0.004 -9"><span class='ocrx_word' id='word_1_495' title='bbox 1274 1858 1414 1888; x_wconf 83' lang='lat' dir='ltr'>quorum</span> <span class='ocrx_word' id='word_1_496' title='bbox 1437 1848 1558 1878; x_wconf 88' lang='lat' dir='ltr'>amotio</span> <span class='ocrx_word' id='word_1_497' title='bbox 1581 1853 1611 1878; x_wconf 89' lang='lat' dir='ltr'>et</span> <span class='ocrx_word' id='word_1_498' title='bbox 1632 1847 1800 1877; x_wconf 88' lang='lat' dir='ltr'>institutio</span> <span class='ocrx_word' id='word_1_499' title='bbox 1823 1847 1879 1876; x_wconf 87' lang='lat' dir='ltr'>fiat</span> <span class='ocrx_word' id='word_1_500' title='bbox 1899 1847 1937 1876; x_wconf 87' lang='lat' dir='ltr'>de</span> <span class='ocrx_word' id='word_1_501' title='bbox 1958 1846 2124 1876; x_wconf 88' lang='lat' dir='ltr'>communi</span> <span class='ocrx_word' id='word_1_502' title='bbox 2142 1855 2282 1875; x_wconf 86' lang='lat' dir='ltr'>assensu</span> 
     </span>
     <span class='ocr_line' id='line_1_77' title="bbox 1275 1899 2283 1939; baseline -0.004 -8"><span class='ocrx_word' id='word_1_503' title='bbox 1275 1902 1404 1931; x_wconf 79' lang='lat' dir='ltr'>abbatis</span> <span class='ocrx_word' id='word_1_504' title='bbox 1418 1905 1449 1931; x_wconf 91' lang='lat' dir='ltr'>et</span> <span class='ocrx_word' id='word_1_505' title='bbox 1468 1901 1628 1939; x_wconf 87' lang='lat' dir='ltr'>majorum</span> <span class='ocrx_word' id='word_1_506' title='bbox 1642 1909 1678 1929; x_wconf 86' lang='lat' dir='ltr'>ac</span> <span class='ocrx_word' id='word_1_507' title='bbox 1695 1900 1865 1929; x_wconf 85' lang='lat' dir='ltr'>saniorum</span> <span class='ocrx_word' id='word_1_508' title='bbox 1881 1899 1919 1929; x_wconf 87' lang='lat' dir='ltr'>de</span> <span class='ocrx_word' id='word_1_509' title='bbox 1936 1903 2110 1933; x_wconf 81' lang='lat' dir='ltr'>conventu,</span> <span class='ocrx_word' id='word_1_510' title='bbox 2124 1899 2283 1928; x_wconf 88' lang='lat' dir='ltr'>universa</span> 
     </span>
     <span class='ocr_line' id='line_1_78' title="bbox 1274 1951 2284 1994; baseline -0.004 -10"><span class='ocrx_word' id='word_1_511' title='bbox 1274 1964 1355 1994; x_wconf 84' lang='lat' dir='ltr'>que,</span> <span class='ocrx_word' id='word_1_512' title='bbox 1387 1954 1536 1984; x_wconf 83' lang='lat' dir='ltr'>deductis</span> <span class='ocrx_word' id='word_1_513' title='bbox 1563 1953 1716 1991; x_wconf 76' lang='lat' dir='ltr'>expensis</span> <span class='ocrx_word' id='word_1_514' title='bbox 1743 1952 1942 1981; x_wconf 82' lang='lat' dir='ltr'>necessariis</span> <span class='ocrx_word' id='word_1_515' title='bbox 1972 1956 2002 1981; x_wconf 93' lang='lat' dir='ltr'>et</span> <span class='ocrx_word' id='word_1_516' title='bbox 2027 1951 2167 1981; x_wconf 88' lang='lat' dir='ltr'>utilibus</span> <span class='ocrx_word' id='word_1_517' title='bbox 2195 1951 2284 1980; x_wconf 85' lang='lat' dir='ltr'>circa</span> 
     </span>
     <span class='ocr_line' id='line_1_79' title="bbox 1274 2003 2284 2043; baseline -0.006 -5"><span class='ocrx_word' id='word_1_518' title='bbox 1274 2007 1481 2038; x_wconf 85' lang='lat' dir='ltr'>obedientias</span> <span class='ocrx_word' id='word_1_519' title='bbox 1499 2010 1660 2043; x_wconf 72' lang='lat' dir='ltr'>erogatas,</span> <span class='ocrx_word' id='word_1_520' title='bbox 1681 2005 1815 2035; x_wconf 77' lang='lat' dir='ltr'>residua</span> <span class='ocrx_word' id='word_1_521' title='bbox 1834 2005 1959 2034; x_wconf 86' lang='lat' dir='ltr'>fuerint</span> <span class='ocrx_word' id='word_1_522' title='bbox 1976 2004 2010 2033; x_wconf 93' lang='lat' dir='ltr'>in</span> <span class='ocrx_word' id='word_1_523' title='bbox 2033 2004 2103 2033; x_wconf 90' lang='lat' dir='ltr'>suis</span> <span class='ocrx_word' id='word_1_524' title='bbox 2126 2003 2284 2033; x_wconf 79' lang='lat' dir='ltr'>obedien-</span> 
     </span>
     <span class='ocr_line' id='line_1_80' title="bbox 1276 2057 2283 2098; baseline -0.005 -7"><span class='ocrx_word' id='word_1_525' title='bbox 1276 2062 1343 2096; x_wconf 90' lang='lat' dir='ltr'>tiis,</span> <span class='ocrx_word' id='word_1_526' title='bbox 1359 2060 1603 2098; x_wconf 82' lang='lat' dir='ltr'>derelinquant,</span> <span class='ocrx_word' id='word_1_527' title='bbox 1618 2058 1721 2087; x_wconf 77' lang='lat' dir='ltr'>nichil</span> <span class='ocrx_word' id='word_1_528' title='bbox 1739 2058 1803 2087; x_wconf 90' lang='lat' dir='ltr'>sibi</span> <span class='ocrx_word' id='word_1_529' title='bbox 1821 2058 1952 2096; x_wconf 86' lang='lat' dir='ltr'>penitus</span> <span class='ocrx_word' id='word_1_530' title='bbox 1972 2057 2154 2087; x_wconf 85' lang='lat' dir='ltr'>retinentes</span> <span class='ocrx_word' id='word_1_531' title='bbox 2170 2061 2225 2086; x_wconf 91' lang='lat' dir='ltr'>aut</span> <span class='ocrx_word' id='word_1_532' title='bbox 2242 2057 2283 2086; x_wconf 86' lang='lat' dir='ltr'>ad</span> 
     </span>
     <span class='ocr_line' id='line_1_81' title="bbox 1276 2110 2283 2148; baseline -0.005 -4"><span class='ocrx_word' id='word_1_533' title='bbox 1276 2114 1358 2144; x_wconf 85' lang='lat' dir='ltr'>alias</span> <span class='ocrx_word' id='word_1_534' title='bbox 1376 2113 1582 2143; x_wconf 85' lang='lat' dir='ltr'>obedientias</span> <span class='ocrx_word' id='word_1_535' title='bbox 1606 2112 1856 2146; x_wconf 77' lang='lat' dir='ltr'>transferentes,</span> <span class='ocrx_word' id='word_1_536' title='bbox 1878 2110 1918 2140; x_wconf 87' lang='lat' dir='ltr'>ab</span> <span class='ocrx_word' id='word_1_537' title='bbox 1940 2110 2056 2140; x_wconf 85' lang='lat' dir='ltr'>abbate</span> <span class='ocrx_word' id='word_1_538' title='bbox 2079 2114 2110 2139; x_wconf 89' lang='lat' dir='ltr'>et</span> <span class='ocrx_word' id='word_1_539' title='bbox 2131 2110 2283 2148; x_wconf 88' lang='lat' dir='ltr'>personis</span> 
     </span>
     <span class='ocr_line' id='line_1_82' title="bbox 1276 2163 2284 2206; baseline -0.004 -10"><span class='ocrx_word' id='word_1_540' title='bbox 1276 2167 1417 2206; x_wconf 56' lang='lat' dir='ltr'>ydoneis</span> <span class='ocrx_word' id='word_1_541' title='bbox 1433 2166 1471 2195; x_wconf 88' lang='lat' dir='ltr'>de</span> <span class='ocrx_word' id='word_1_542' title='bbox 1489 2170 1653 2195; x_wconf 73' lang='lat' dir='ltr'>conventu</span> <span class='ocrx_word' id='word_1_543' title='bbox 1670 2165 1709 2194; x_wconf 87' lang='lat' dir='ltr'>ab</span> <span class='ocrx_word' id='word_1_544' title='bbox 1729 2165 1800 2202; x_wconf 85' lang='lat' dir='ltr'>ipso</span> <span class='ocrx_word' id='word_1_545' title='bbox 1818 2163 1935 2193; x_wconf 85' lang='lat' dir='ltr'>abbate</span> <span class='ocrx_word' id='word_1_546' title='bbox 1947 2167 1978 2193; x_wconf 87' lang='lat' dir='ltr'>et</span> <span class='ocrx_word' id='word_1_547' title='bbox 1995 2167 2158 2193; x_wconf 79' lang='lat' dir='ltr'>conventu</span> <span class='ocrx_word' id='word_1_548' title='bbox 2172 2163 2212 2192; x_wconf 87' lang='lat' dir='ltr'>ad</span> <span class='ocrx_word' id='word_1_549' title='bbox 2223 2163 2284 2192; x_wconf 86' lang='lat' dir='ltr'>hoc</span> 
     </span>
     <span class='ocr_line' id='line_1_83' title="bbox 1276 2215 2285 2258; baseline -0.006 -8"><span class='ocrx_word' id='word_1_550' title='bbox 1276 2219 1453 2258; x_wconf 87' lang='lat' dir='ltr'>deputatis,</span> <span class='ocrx_word' id='word_1_551' title='bbox 1472 2218 1512 2248; x_wconf 88' lang='lat' dir='ltr'>ad</span> <span class='ocrx_word' id='word_1_552' title='bbox 1531 2217 1642 2247; x_wconf 78' lang='lat' dir='ltr'>minus</span> <span class='ocrx_word' id='word_1_553' title='bbox 1658 2217 1760 2247; x_wconf 87' lang='lat' dir='ltr'>semel</span> <span class='ocrx_word' id='word_1_554' title='bbox 1782 2217 1817 2246; x_wconf 91' lang='lat' dir='ltr'>in</span> <span class='ocrx_word' id='word_1_555' title='bbox 1834 2225 1939 2252; x_wconf 87' lang='lat' dir='ltr'>anno,</span> <span class='ocrx_word' id='word_1_556' title='bbox 1957 2216 2105 2254; x_wconf 88' lang='lat' dir='ltr'>ipsorum</span> <span class='ocrx_word' id='word_1_557' title='bbox 2127 2215 2285 2246; x_wconf 86' lang='lat' dir='ltr'>obedien-</span> 
     </span>
     <span class='ocr_line' id='line_1_84' title="bbox 1276 2269 1864 2302; baseline -0.007 0"><span class='ocrx_word' id='word_1_558' title='bbox 1276 2272 1451 2302; x_wconf 87' lang='lat' dir='ltr'>tiariorum</span> <span class='ocrx_word' id='word_1_559' title='bbox 1467 2270 1653 2300; x_wconf 83' lang='lat' dir='ltr'>ratiociniis</span> <span class='ocrx_word' id='word_1_560' title='bbox 1672 2269 1864 2300; x_wconf 87' lang='lat' dir='ltr'>intellectis.</span> 
     </span>
    </p>

    <p class='ocr_par' dir='ltr' id='par_1_19' title="bbox 1276 2322 2286 2469">
     <span class='ocr_line' id='line_1_85' title="bbox 1319 2322 2285 2362; baseline -0.002 -10"><span class='ocrx_word' id='word_1_561' title='bbox 1319 2338 1331 2352; x_wconf 82' lang='lat'>»</span> <span class='ocrx_word' id='word_1_562' title='bbox 1351 2326 1483 2361; x_wconf 83' lang='lat' dir='ltr'>Quarto,</span> <span class='ocrx_word' id='word_1_563' title='bbox 1506 2324 1593 2362; x_wconf 84' lang='lat' dir='ltr'>quod</span> <span class='ocrx_word' id='word_1_564' title='bbox 1609 2323 1693 2353; x_wconf 89' lang='lat' dir='ltr'>nulli</span> <span class='ocrx_word' id='word_1_565' title='bbox 1710 2323 1750 2352; x_wconf 87' lang='lat' dir='ltr'>ad</span> <span class='ocrx_word' id='word_1_566' title='bbox 1768 2323 1868 2352; x_wconf 85' lang='lat' dir='ltr'>vitam</span> <span class='ocrx_word' id='word_1_567' title='bbox 1884 2322 1936 2352; x_wconf 88' lang='lat' dir='ltr'>vel</span> <span class='ocrx_word' id='word_1_568' title='bbox 1955 2322 1995 2352; x_wconf 85' lang='lat' dir='ltr'>ad</span> <span class='ocrx_word' id='word_1_569' title='bbox 2013 2325 2140 2352; x_wconf 88' lang='lat' dir='ltr'>certum</span> <span class='ocrx_word' id='word_1_570' title='bbox 2156 2325 2285 2360; x_wconf 90' lang='lat' dir='ltr'>tempus</span> 
     </span>
     <span class='ocr_line' id='line_1_86' title="bbox 1276 2374 2286 2413; baseline -0.005 -5"><span class='ocrx_word' id='word_1_571' title='bbox 1276 2378 1466 2409; x_wconf 84' lang='lat' dir='ltr'>obedientia</span> <span class='ocrx_word' id='word_1_572' title='bbox 1490 2376 1726 2411; x_wconf 85' lang='lat' dir='ltr'>committatur,</span> <span class='ocrx_word' id='word_1_573' title='bbox 1749 2384 1808 2405; x_wconf 87' lang='lat' dir='ltr'>seu</span> <span class='ocrx_word' id='word_1_574' title='bbox 1829 2375 1903 2404; x_wconf 84' lang='lat' dir='ltr'>dato</span> <span class='ocrx_word' id='word_1_575' title='bbox 1925 2374 2062 2413; x_wconf 83' lang='lat' dir='ltr'>speciali</span> <span class='ocrx_word' id='word_1_576' title='bbox 2080 2383 2218 2404; x_wconf 87' lang='lat' dir='ltr'>munere</span> <span class='ocrx_word' id='word_1_577' title='bbox 2234 2374 2286 2404; x_wconf 92' lang='lat' dir='ltr'>vel</span> 
     </span>
     <span class='ocr_line' id='line_1_87' title="bbox 1276 2435 1418 2469; baseline -0.021 -7"><span class='ocrx_word' id='word_1_578' title='bbox 1276 2435 1418 2469; x_wconf 88' lang='lat' dir='ltr'>recepto.</span> 
     </span>
    </p>

    <p class='ocr_par' dir='ltr' id='par_1_20' title="bbox 1277 2479 2287 2892">
     <span class='ocr_line' id='line_1_88' title="bbox 1320 2479 2287 2521; baseline -0.003 -11"><span class='ocrx_word' id='word_1_579' title='bbox 1320 2496 1331 2510; x_wconf 84' lang='lat'>»</span> <span class='ocrx_word' id='word_1_580' title='bbox 1351 2483 1484 2520; x_wconf 86' lang='lat' dir='ltr'>Quinto,</span> <span class='ocrx_word' id='word_1_581' title='bbox 1504 2482 1590 2521; x_wconf 87' lang='lat' dir='ltr'>quod</span> <span class='ocrx_word' id='word_1_582' title='bbox 1606 2481 1641 2510; x_wconf 90' lang='lat' dir='ltr'>in</span> <span class='ocrx_word' id='word_1_583' title='bbox 1661 2481 1812 2516; x_wconf 83' lang='lat' dir='ltr'>ecclesia,</span> <span class='ocrx_word' id='word_1_584' title='bbox 1832 2479 2023 2515; x_wconf 85' lang='lat' dir='ltr'>refectorio,</span> <span class='ocrx_word' id='word_1_585' title='bbox 2047 2479 2238 2509; x_wconf 85' lang='lat' dir='ltr'>dormitorio</span> <span class='ocrx_word' id='word_1_586' title='bbox 2255 2482 2287 2508; x_wconf 87' lang='lat' dir='ltr'>et</span> 
     </span>
     <span class='ocr_line' id='line_1_89' title="bbox 1277 2532 2286 2569; baseline -0.006 -3"><span class='ocrx_word' id='word_1_587' title='bbox 1277 2537 1311 2566; x_wconf 90' lang='lat' dir='ltr'>in</span> <span class='ocrx_word' id='word_1_588' title='bbox 1342 2536 1486 2566; x_wconf 88' lang='lat' dir='ltr'>claustro</span> <span class='ocrx_word' id='word_1_589' title='bbox 1515 2535 1709 2565; x_wconf 88' lang='lat' dir='ltr'>continuum</span> <span class='ocrx_word' id='word_1_590' title='bbox 1741 2533 1913 2563; x_wconf 88' lang='lat' dir='ltr'>silentium</span> <span class='ocrx_word' id='word_1_591' title='bbox 1943 2532 2147 2566; x_wconf 85' lang='lat' dir='ltr'>observetur,</span> <span class='ocrx_word' id='word_1_592' title='bbox 2176 2536 2286 2569; x_wconf 86' lang='lat' dir='ltr'>preter</span> 
     </span>
     <span class='ocr_line' id='line_1_90' title="bbox 1278 2584 2283 2629; baseline -0.005 -10"><span class='ocrx_word' id='word_1_593' title='bbox 1278 2599 1388 2629; x_wconf 79' lang='lat' dir='ltr'>quam,</span> <span class='ocrx_word' id='word_1_594' title='bbox 1407 2589 1493 2628; x_wconf 81' lang='lat' dir='ltr'>quod</span> <span class='ocrx_word' id='word_1_595' title='bbox 1512 2587 1712 2627; x_wconf 85' lang='lat' dir='ltr'>quibusdam</span> <span class='ocrx_word' id='word_1_596' title='bbox 1728 2586 1845 2617; x_wconf 85' lang='lat' dir='ltr'>diebus</span> <span class='ocrx_word' id='word_1_597' title='bbox 1860 2585 2046 2620; x_wconf 82' lang='lat' dir='ltr'>ferialibus,</span> <span class='ocrx_word' id='word_1_598' title='bbox 2063 2584 2163 2614; x_wconf 88' lang='lat' dir='ltr'>certis</span> <span class='ocrx_word' id='word_1_599' title='bbox 2180 2584 2283 2620; x_wconf 88' lang='lat' dir='ltr'>horis,</span> 
     </span>
     <span class='ocr_line' id='line_1_91' title="bbox 1277 2637 2285 2681; baseline -0.007 -8"><span class='ocrx_word' id='word_1_600' title='bbox 1277 2643 1443 2681; x_wconf 80' lang='lat' dir='ltr'>certisque</span> <span class='ocrx_word' id='word_1_601' title='bbox 1472 2640 1699 2679; x_wconf 59' lang='grc' dir='ltr'>101111101111115,ς</span> <span class='ocrx_word' id='word_1_602' title='bbox 1726 2644 1791 2669; x_wconf 86' lang='lat' dir='ltr'>tam</span> <span class='ocrx_word' id='word_1_603' title='bbox 1823 2642 1895 2677; x_wconf 86' lang='lat' dir='ltr'>post</span> <span class='ocrx_word' id='word_1_604' title='bbox 1921 2637 2153 2667; x_wconf 87' lang='lat' dir='ltr'>dormitionem</span> <span class='ocrx_word' id='word_1_605' title='bbox 2185 2645 2285 2675; x_wconf 82' lang='lat' dir='ltr'>quam</span> 
     </span>
     <span class='ocr_line' id='line_1_92' title="bbox 1278 2689 2286 2734; baseline -0.008 -8"><span class='ocrx_word' id='word_1_606' title='bbox 1278 2701 1353 2726; x_wconf 86' lang='lat' dir='ltr'>ante</span> <span class='ocrx_word' id='word_1_607' title='bbox 1370 2695 1561 2734; x_wconf 84' lang='lat' dir='ltr'>prandium,</span> <span class='ocrx_word' id='word_1_608' title='bbox 1585 2694 1619 2722; x_wconf 92' lang='lat' dir='ltr'>in</span> <span class='ocrx_word' id='word_1_609' title='bbox 1637 2693 1782 2722; x_wconf 83' lang='lat' dir='ltr'>clanstro</span> <span class='ocrx_word' id='word_1_610' title='bbox 1804 2691 2024 2721; x_wconf 88' lang='lat' dir='ltr'>communiter</span> <span class='ocrx_word' id='word_1_611' title='bbox 2040 2690 2202 2719; x_wconf 85' lang='lat' dir='ltr'>habeatur</span> <span class='ocrx_word' id='word_1_612' title='bbox 2218 2689 2286 2719; x_wconf 88' lang='lat' dir='ltr'>eol-</span> 
     </span>
     <span class='ocr_line' id='line_1_93' title="bbox 1277 2742 2285 2787; baseline -0.008 -8"><span class='ocrx_word' id='word_1_613' title='bbox 1277 2748 1424 2787; x_wconf 83' lang='lat' dir='ltr'>loquium</span> <span class='ocrx_word' id='word_1_614' title='bbox 1443 2751 1575 2786; x_wconf 84' lang='lat' dir='ltr'>propter</span> <span class='ocrx_word' id='word_1_615' title='bbox 1587 2745 1829 2775; x_wconf 77' lang='lat' dir='ltr'>edittcationetn</span> <span class='ocrx_word' id='word_1_616' title='bbox 1842 2748 1873 2774; x_wconf 89' lang='lat' dir='ltr'>et</span> <span class='ocrx_word' id='word_1_617' title='bbox 1888 2742 2142 2773; x_wconf 85' lang='lat' dir='ltr'>instructionem</span> <span class='ocrx_word' id='word_1_618' title='bbox 2157 2742 2285 2771; x_wconf 88' lang='lat' dir='ltr'>ordinis</span> 
     </span>
     <span class='ocr_line' id='line_1_94' title="bbox 1278 2795 2286 2835; baseline -0.008 -4"><span class='ocrx_word' id='word_1_619' title='bbox 1278 2806 1309 2832; x_wconf 89' lang='lat' dir='ltr'>et</span> <span class='ocrx_word' id='word_1_620' title='bbox 1326 2801 1466 2831; x_wconf 81' lang='lat' dir='ltr'>maxime</span> <span class='ocrx_word' id='word_1_621' title='bbox 1484 2800 1700 2835; x_wconf 88' lang='lat' dir='ltr'>novitiorum,</span> <span class='ocrx_word' id='word_1_622' title='bbox 1723 2797 1866 2835; x_wconf 72' lang='lat' dir='ltr'>singulis</span> <span class='ocrx_word' id='word_1_623' title='bbox 1883 2795 2033 2834; x_wconf 81' lang='lat' dir='ltr'>singulos</span> <span class='ocrx_word' id='word_1_624' title='bbox 2049 2795 2286 2832; x_wconf 76' lang='lat' dir='ltr'>interroganti-</span> 
     </span>
     <span class='ocr_line' id='line_1_95' title="bbox 1278 2847 2286 2892; baseline -0.007 -9"><span class='ocrx_word' id='word_1_625' title='bbox 1278 2855 1339 2884; x_wconf 79' lang='lat' dir='ltr'>bus</span> <span class='ocrx_word' id='word_1_626' title='bbox 1357 2854 1446 2892; x_wconf 75' lang='lat' dir='ltr'>quid,</span> <span class='ocrx_word' id='word_1_627' title='bbox 1463 2852 1645 2882; x_wconf 20' lang='lat' dir='ltr'>sirctindum</span> <span class='ocrx_word' id='word_1_628' title='bbox 1664 2849 1937 2881; x_wconf 79' lang='lat' dir='ltr'>consuetudinem</span> <span class='ocrx_word' id='word_1_629' title='bbox 1957 2847 2150 2878; x_wconf 83' lang='lat' dir='ltr'>monasterii</span> <span class='ocrx_word' id='word_1_630' title='bbox 2168 2856 2286 2886; x_wconf 87' lang='lat' dir='ltr'>appro-</span> 
     </span>
    </p>
   </div>
  </div>
 </body>
</html>
