2498 3325
177 344 195 358 ὑ)

183 396 195 411 1)

182 449 196 464 1)

182 503 194 516 >j

182 557 195 571 ))

181 609 194 623 ³)

182 663 194 677 ))

182 715 194 729 ))

182 768 194 781 ))

181 822 194 835 1)

181 874 194 888 D

181 928 194 942 1)

179 981 194 995 ))

181 1034 194 1048 l)

181 1087 194 1102 1)

178 1140 194 1155 ³)

181 1193 194 1207 ))

181 1247 194 1261 ))

182 1300 194 1314 11

181 1353 194 1367 ὶ)

182 1407 194 1421 1)

181 1460 194 1474 ὶ)

181 1513 194 1528 ))

182 1566 194 1581 h

181 1619 194 1633 11

181 1673 194 1687 1)

181 1780 194 1793 ))

181 1832 194 1846 ))

178 1991 193 2005 ὶ)

181 2097 194 2111 1)

180 2149 194 2164 ))

182 2256 195 2270 ))

181 2362 196 2377 ))

181 2575 196 2589 ))

183 2680 196 2695 1)

184 2786 196 2801 11

183 2839 197 2853 ))

181 2945 197 2959 D

1020 257 1250 293 DEUXIEME
1272 256 1429 294 ANNEE.

220 331 426 369 providentia
448 330 556 360 felicis
581 331 820 360 recordationis
843 331 968 360 domiui
997 330 1185 360 Innocentii

221 393 301 422 pape
328 384 377 413 III
404 384 489 412 facta
513 383 677 419 mandato,
702 383 970 421 possessionibus
996 383 1183 413 laicalibus.

220 437 351 471 debitis,
372 436 535 466 fructibus
552 436 726 474 perceptis,
747 436 995 470 invasionibus,
1015 436 1185 474 spoliatio-

221 490 330 525 nibus,
347 489 509 527 dampnis.
524 489 724 528 quibusdam
737 489 812 519 aliis
825 489 986 519 articulis.
1002 498 1059 519 nec
1074 498 1138 519 non
1156 493 1187 518 et

219 543 498 581 consurgentibus
515 552 550 572 ex
566 543 690 572 eisdem
706 543 740 571 in
760 543 893 581 Ispanie
911 543 1060 581 partibus
1077 552 1187 572 coram

220 596 419 635 quibusdam
436 596 571 625 arbitris
586 595 636 625 vel
654 604 766 625 eorum
784 595 983 625 subarbitris
1002 605 1036 625 ae
1054 596 1185 625 demum

219 650 254 679 in
272 651 419 679 Romana
437 649 549 683 Curia,
567 649 600 678 in
619 649 787 686 presentia
803 649 1049 687 quamplurium
1070 650 1186 679 Roma-

221 711 338 732 norum
359 702 552 740 pontificum
575 706 603 731 et
627 702 816 732 auditorum
837 702 871 730 in
893 711 930 732 ea
954 710 1187 731 concessorum

220 755 259 784 ab
276 755 369 793 ipsis,
387 764 562 793 coramque
579 754 751 793 judicibus
769 764 785 784 a
804 754 886 785 Sede
904 754 1083 792 apostolica
1102 754 1186 784 dele-

220 809 305 846 gatis
323 818 359 838 ac
376 808 601 846 subdelegatis
621 817 746 838 eorum.
772 808 886 837 multis
912 808 1125 846 temporibus,
1147 808 1186 837 ab

220 861 316 891 etatis
335 861 490 890 moderne
508 861 667 890 memoria
684 861 752 889 fore.
768 869 825 898 pre
838 860 940 889 nimia
961 864 1121 890 vetustate
1140 870 1186 890 re-

219 916 328 949 mous,
350 914 410 944 sub
425 923 638 952 processuum
659 914 865 943 involutione
887 913 1080 943 multimoda
1104 915 1187 943 exti-

220 969 258 998 tit
275 967 443 998 ventilata.
460 967 494 997 Si
510 976 572 1006 que
590 967 740 1005 personis
758 967 1036 1005 prosequentibus
1057 976 1127 996 earn
1148 968 1186 997 «le

219 1021 327 1052 medio
346 1024 529 1059 temporum
545 1024 708 1050 vetustate
723 1020 863 1049 sublatis
881 1019 1076 1050 multifariis
1093 1021 1187 1049 intri-

219 1074 406 1104 cationibus
423 1073 566 1112 implexa
582 1073 753 1109 remansit,
772 1082 808 1103 ac
827 1073 1089 1103 multiformibus
1106 1074 1188 1104 ceci-

220 1127 297 1157 tatis
323 1126 455 1157 nebulis
480 1126 663 1162 obfuscata⁷
686 1135 791 1165 usque
813 1127 893 1156 adeo
916 1127 1013 1165 quod,
1040 1127 1187 1157 diverso-

219 1189 293 1210 rum
329 1188 544 1218 processuum
587 1179 788 1209 exuberante
827 1179 1013 1215 volumine⁷
1051 1190 1187 1218 vergere

217 1234 457 1273 quodammodo
479 1233 652 1263 videbatur
677 1233 717 1263 ad
738 1234 916 1266 infinitatis
942 1234 1101 1263 abissum.
1126 1234 1187 1265 Ce-

220 1291 328 1317 terum
364 1286 572 1317 venerabiles
612 1290 722 1325 patres
757 1287 877 1324 Egeas,
915 1287 1185 1322 Colimbriensis,

220 1345 251 1370 et
281 1340 482 1375 Rodericus,
510 1340 737 1377 Egitaniensis
772 1340 933 1378 episcopi,
969 1344 1000 1369 et.
1029 1340 1188 1377 magister

219 1394 390 1425 ,Iohannes
416 1393 685 1428 Colimbriensis,
710 1397 740 1423 et
765 1394 900 1428 Petrus,
935 1398 1049 1423 cantor
1075 1394 1188 1431 Egita-

221 1447 360 1481 niensis,
384 1446 603 1484 capitulorum
627 1450 868 1484 procuratores,
892 1447 1065 1476 occasione
1089 1456 1188 1485 ques-

220 1501 321 1531 tionis
341 1500 543 1539 hujusmodi,
562 1500 601 1529 ad
617 1500 753 1530 Curiam
771 1503 985 1529 memoratam
1004 1500 1188 1538 personali-

220 1558 269 1584 ter
300 1558 526 1587 accesserunt,
560 1557 590 1582 et
621 1562 730 1582 coram
766 1553 861 1582 nobis
895 1553 959 1582 sibi
991 1562 1049 1591 per
1078 1553 1187 1583 felicis

220 1606 459 1636 recordationis
492 1606 663 1635 dominum
699 1606 931 1636 Innocentium
966 1616 1082 1644 papam
1119 1608 1188 1637 IIII

220 1660 370 1689 auditore
388 1668 555 1694 concesse,
578 1659 749 1689 nonnullis
772 1659 975 1698 temporibus
999 1660 1186 1698 litigarunt.

221 1726 233 1739 »
259 1713 345 1751 Ipsis
364 1712 496 1742 tandem
514 1712 699 1742 animarum
717 1712 875 1750 perieulis
887 1722 1062 1750 precavere
1080 1713 1188 1743 volen-

220 1771 280 1801 tes7
304 1775 367 1804 que
386 1769 520 1804 possent
544 1769 694 1804 pretextu
718 1765 904 1804 questionis
928 1766 1088 1804 premisse
1110 1776 1187 1796 con-

218 1819 357 1857 tingere,
401 1827 565 1856 causeque
608 1817 841 1856 antiquitatem
880 1818 1188 1857 circumspicientes

218 1872 337 1911 ipsius,
349 1881 385 1901 ac
397 1871 682 1901 interminabilem
695 1871 791 1910 quasi
801 1880 1012 1909 progressum
1026 1872 1186 1910 ejusdem,

219 1925 277 1964 qui
293 1925 327 1954 in
345 1929 512 1963 posterum
532 1924 708 1954 succedere
724 1924 898 1962 potuisset,
916 1925 944 1954 si
960 1925 1080 1964 judicii
1099 1935 1188 1956 seve-

217 1978 299 2008 ritas
317 1981 517 2012 servaretur,
535 1977 753 2016 laborumque
772 1977 947 2015 dispendia
964 1986 1001 2008 ac
1019 1978 1189 2017 impendia

220 2034 432 2069 sumptuosa,
463 2030 584 2069 quibus
616 2034 681 2060 tam
711 2030 777 2068 ipsi
807 2039 905 2069 quam
938 2031 1189 2069 predecessores

220 2092 334 2114 eorum
351 2083 455 2113 dictas
474 2082 632 2113 ecclesias
649 2083 828 2113 affecerant
847 2087 877 2113 et
894 2084 1063 2114 afficerent
1078 2085 1113 2114 in
1135 2085 1189 2115 fu-

221 2141 343 2171 turum,
363 2140 460 2174 atque
482 2135 673 2174 hujusmodi
701 2136 830 2173 negocii
852 2136 953 2176 finem
976 2136 1116 2167 celerem
1139 2138 1189 2167 af-

220 2191 397 2225 sectante&
423 2188 612 2227 specialiter
636 2193 667 2219 et
692 2189 892 2227 generaliter
916 2199 1015 2228 super
1034 2191 1190 2221 omnibus

220 2242 420 2281 supradictis
441 2246 471 2272 et
495 2242 616 2276 causis,
639 2242 888 2277 controversiis,
907 2243 1139 2281 questionibus
1160 2249 1191 2274 et

220 2296 336 2326 litibus
354 2295 452 2325 motis
470 2298 499 2324 et
517 2304 580 2333 que
596 2295 721 2325 moveri
737 2299 871 2334 possent
887 2295 921 2325 in
939 2300 1118 2334 posterum,
1138 2306 1190 2328 se-

221 2348 508 2388 questrationibus
524 2347 622 2377 factis
635 2352 665 2378 et
682 2348 781 2378 etiam
798 2348 972 2384 faciendis,
992 2354 1022 2379 et
1038 2350 1190 2388 pluribus

221 2401 372 2432 articulis
395 2401 472 2431 aliis
494 2401 528 2430 in
551 2401 788 2439 compromisso
809 2402 977 2432 distinctis
995 2404 1187 2441 expressim,

221 2455 257 2485 in
273 2464 345 2491 nos,
364 2464 423 2485 suo
440 2459 471 2485 et
484 2454 703 2485 ecclesiarum
720 2464 856 2484 suarum
876 2455 1021 2490 nomine,
1041 2465 1190 2495 compro-

220 2508 385 2539 miserunt
406 2507 550 2537 ultronei
574 2511 744 2546 tamquam
765 2507 800 2537 in
817 2507 992 2544 arbitrum,
1013 2508 1190 2539 arbitrato-

221 2571 291 2592 rem
309 2565 406 2600 atque
423 2561 676 2599 compositorem
697 2560 918 2596 amicabilem,
934 2561 1021 2592 dicto
1038 2561 1188 2599 arbitrio,

221 2614 400 2649 sententie,
414 2618 577 2652 precepto,
592 2613 805 2649 ordinationi,
821 2613 1014 2643 diffinitioni
1026 2614 1189 2645 faciendis

222 2677 280 2707 per
297 2676 367 2703 nos,
382 2666 441 2697 lite
458 2670 641 2696 contestata
659 2670 689 2695 et
702 2674 766 2695 non
784 2670 977 2702 contestata,
996 2667 1189 2706 sollempni-

223 2724 288 2751 tate
310 2720 396 2760 juris
421 2723 551 2749 servata
574 2723 605 2749 et
629 2728 694 2748 non
719 2723 863 2754 servata,
888 2723 953 2749 tam
976 2720 1139 2751 instructa
1160 2726 1191 2751 et

223 2782 288 2803 non
304 2773 478 2809 instructa,
498 2782 533 2802 se
548 2771 692 2802 totaliter
709 2772 946 2808 submittendo,
962 2777 1058 2811 prout
1078 2774 1111 2803 in
1130 2784 1190 2813 pu-

221 2826 308 2856 blico
327 2826 548 2856 instrumento
565 2826 641 2855 inde
659 2826 818 2861 consecto,
839 2825 1025 2864 sigillorum
1042 2827 1190 2866 ipsorum

223 2879 451 2918 episcoporum
464 2878 684 2917 impressione
696 2878 835 2913 munito,
854 2878 914 2909 hec
930 2879 1041 2909 omnia
1058 2880 1189 2919 plenius

223 2936 254 2962 et
270 2932 459 2970 expressius
475 2931 698 2961 continentur

1272 448 1284 461 )1

1273 554 1284 567 ))

1273 712 1285 726 1)

1273 765 1285 779 1)

1272 818 1285 832 1)

1274 871 1285 883 1)

1273 924 1286 938 1)

1273 977 1285 991 1)

1273 1031 1285 1044 )1

1273 1084 1286 1098 D

1274 1191 1286 1204 11

1275 1245 1286 1258 D

1275 1298 1287 1311 ))

1274 1404 1286 1417 1)

1274 1457 1286 1471 1)

1274 1510 1286 1524 1)

1274 1564 1286 1578 ))

1274 1617 1286 1631 1)

1274 1670 1286 1684 1)

1274 1724 1286 1737 1)

1274 1776 1286 1790 1)

1274 1828 1286 1843 11

1274 1936 1287 1949 1)

1275 2042 1287 2056 ))

1276 2096 1287 2109 ))

1276 2148 1288 2161 1)

1277 2255 1288 2268 11

1276 2308 1288 2323 1)

1276 2362 1288 2376 ))

1275 2415 1288 2429 ))

1276 2468 1288 2482 1)

1275 2521 1288 2535 ))

1276 2627 1287 2640 )7

1275 2680 1287 2694 λ)

1276 2733 1288 2746 ))

1276 2786 1287 2800 1)

1276 2840 1288 2853 1)

1276 2892 1288 2906 n

1276 2946 1288 2960 1)

2221 265 2278 295 407

1313 344 1324 355 1>
1343 331 1524 368 Ncgocium
1540 336 1648 361 autem
1662 333 1883 362 contentionis
1897 334 2086 373 hujusmodi
2105 339 2168 364 tam
2186 335 2277 365 varia

1310 392 1523 421 processuum
1536 385 1749 423 perplexitate
1764 386 1927 424 prolixum
1941 388 2110 417 abreviare
2129 388 2276 419 volentes

1311 440 1341 465 et
1359 437 1397 465 ad
1415 446 1472 466 sue
1485 438 1633 468 veritatis
1647 439 1837 476 indaginem
1851 445 2077 470 summotenus
2090 442 2275 479 pta-venire,

1310 488 1439 519 libellos
1460 490 1571 519 ot‘l'erri
1587 491 1817 521 mandavimus
1835 492 1874 521 ab
1892 493 2049 522 alterutra
2067 495 2208 532 partium
2227 504 2275 524 co-

1311 551 1378 571 ram
1398 543 1503 573 nobis.
1525 544 1580 581 qui
1599 545 1730 574 fuerunt
1748 545 1884 574 exhibiti
1904 546 1937 575 in
1958 547 2016 576 bae
2038 549 2141 577 forma
2161 559 2166 576 z

1314 661 1325 673 »
1346 648 1462 678 Corum
1487 649 1590 684 vobis⁷
1616 651 1794 681 reverende
1822 657 1922 688 pater.
1944 653 2076 683 deunino
2101 656 2143 688 J„
2164 656 2276 685 Sancti

1311 701 1440 729 Nicolai
1464 702 1498 730 in
1522 702 1661 732 Carcere
1684 703 1837 733 Tulliano
1861 705 1997 734 diacono
2018 707 2194 743 cardinali,
2220 719 2276 746 pe-

1313 758 1384 782 tunt
1410 755 1600 793 episcopus,
1629 760 1659 785 et
1686 757 1842 794 magister
1871 757 2053 793 Jobauncs7
2086 766 2277 798 procurator

1311 806 1447 844 capituli
1465 807 1730 838 Coliml‘triensis.
1754 819 1790 838 ex
1810 810 1963 839 mandato
1980 811 2104 841 domiui
2127 815 2275 849 Honorii,

1312 859 1376 888 sibi
1406 860 1538 889 restitui
1567 861 1816 896 Coveliianum,
1843 863 2048 897 Celoricum,
2079 866 2216 896 Linares
2247 873 2277 897 et

1312 912 1524 949 Felgosinum
1542 913 1574 942 in
1595 914 1826 951 s1‘›iritualibus
1847 920 1875 945 et
1900 917 2151 954 temporalibus,
2171 921 2278 957 quoad

1307 965 1382 1004 jura
1400 966 1618 1004 episcopalia,
1644 976 1716 996 cum
1743 969 1893 998 terminis
1913 974 1943 999 et
1967 971 2193 1007 pertinentiis,
2215 983 2277 1011 que

1312 1023 1400 1048 tenet
1420 1023 1449 1048 et
1466 1019 1626 1057 possidet,
1646 1019 1695 1049 vel
1719 1021 1830 1058 quasi,
1854 1021 1900 1050 ibi
1927 1022 2066 1053 ecclesia
2085 1025 2279 1062 Egitauien-

1312 1072 1369 1107 sis,
1400 1077 1430 1102 et
1455 1073 1493 1103 de
1518 1073 1621 1109 facto⁷
1648 1083 1721 1103 cum
1747 1075 1911 1105 fructibus
1937 1078 2092 1115 temporis
2116 1080 2276 1117 preteriti,

1312 1135 1394 1164 quos
1412 1126 1539 1156 fructus
1557 1127 1716 1156 extimant
1732 1129 1822 1158 [111⁰··
1835 1129 1924 1159 milia
1939 1139 2123 1160 marearum
2137 1134 2276 1170 argenti,

1312 1179 1363 1208 vel
1386 1183 1500 1217 petunt
1522 1180 1669 1218 predicta
1690 1182 1871 1211 secundum
1896 1184 2135 1221 providentiam
2153 1186 2278 1215 domini

1312 1242 1393 1271 pape
1414 1234 1601 1263 Innocentii
1630 1235 1697 1264 IIII
1721 1237 1943 1274 sequestrari.
1969 1238 1996 1267 si
2025 1239 2106 1269 sorte
2128 1240 2192 1269 sibi
2213 1250 2276 1270 non

1314 1286 1464 1315 videritis
1481 1287 1698 1317 restituenda.

1315 1351 1326 1364 ν
1344 1340 1425 1369 Item
1440 1344 1565 1377 petunt,
1582 1349 1619 1369 ex
1633 1342 1787 1371 mandato
1801 1342 1924 1372 domini
1941 1345 2126 1375 innocentii
2141 1347 2234 1376 tercii
2248 1352 2279 1377 et

1312 1392 1437 1422 domini
1451 1393 1601 1423 IIonorii.
1619 1395 1817 1424 sententisuu
1831 1396 2096 1427 subal-bitrorum
2108 1399 2207 1429 latam
2221 1410 2278 1439 pro

1313 1445 1453 1476 eeclesia
1489 1446 1725 1477 Colimbriensi
1755 1453 1867 1478 contra
1900 1450 2148 1487 Egitaniensem
2180 1463 2279 1492 super

1312 1499 1556 1529 restitutionem
1581 1501 1728 1530 omnium
1752 1502 1989 1540 episcopalium
2012 1505 2154 1543 jurium,
2179 1508 2277 1545 spiri-

1312 1552 1453 1581 tualium
1479 1557 1509 1582 et
1534 1554 1765 1591 temporaliun‘i
1794 1556 1963 1586 fructuum
1991 1559 2092 1587 medii
2120 1561 2277 1598 temporis

1313 1605 1412 1635 totius
1444 1606 1551 1644 Beyre
1580 1612 1610 1636 et
1636 1607 1819 1638 Covclliani
1849 1610 1999 1639 mandari
2031 1613 2217 1643 executioni
2242 1615 2277 1644 in

1312 1658 1435 1693 Gai-da,
1463 1659 1584 1695 Tauro,
1615 1660 1759 1691 Castello
1784 1662 1957 1698 Menendi,
1983 1665 2192 1701 GermeeIOS,
2220 1668 2279 1697 At-

1313 1711 1421 1747 vendi,
1440 1721 1514 1741 eum
1533 1713 1682 1742 terminis
1703 1718 1731 1744 et
1752 1715 1964 1752 pertinentiis
1981 1718 2069 1753 suis;
2088 1729 2187 1757 quam
2204 1730 2278 1751 exe-

1313 1764 1477 1794 cutionem
1495 1769 1609 1802 petunt
1627 1775 1700 1795 cum
1719 1767 1899 1803 fructibus,
1918 1779 2000 1807 quos
2019 1771 2177 1802 extimant
2197 1783 2278 1812 qua-

1313 1820 1386 1846 tuor
1402 1817 1495 1846 milia
1510 1827 1696 1848 marcarum
1713 1821 1852 1857 argenti.

1315 1882 1327 1896 u
1348 1871 1430 1900 Item
1448 1875 1578 1908 petunt,
1598 1880 1634 1901 ex
1652 1872 1948 1911 condempnatione
1966 1876 2091 1907 domini
2115 1880 2279 1910 Innocen-

1313 1923 1352 1952 tii
1370 1924 1476 1959 tercii7
1497 1925 1625 1954 fructus
1642 1925 1837 1962 Covelliani,
1856 1928 2012 1965 Celet-ici⁷
2032 1930 2184 1967 Limnes,
2206 1933 2280 1963 Fel-

1313 1977 1435 2015 gosini,
1464 1977 1610 2007 Gaudele
1631 1981 1662 2008 et
1684 1979 1768 2009 Sene
1791 1980 1893 2010 unius
1919 1983 2009 2017 anni,
2035 1984 2091 2022 qui
2113 1986 2236 2015 essluxit
2262 1997 2280 2016 a

1313 2034 1459 2068 tempore
1470 2030 1682 2060 limitationis
1698 2032 1784 2062 facte
1796 2042 1853 2071 per
1866 2034 2077 2072 Auriensem⁷
2092 2038 2215 2075 primos
2227 2049 2278 2070 us-

1313 2092 1376 2122 que
1389 2083 1428 2113 ad
1441 2087 1569 2121 tempus
1581 2085 1857 2122 sequestrationis
1869 2087 1954 2117 facte
1966 2097 2023 2126 per
2034 2090 2277 2127 Zamorensem,

1314 2145 1396 2175 quos
1413 2136 1572 2166 extimant
1590 2141 1722 2166 eentum
1740 2147 1849 2168 marca
1867 2141 2005 2178 argenti.

1316 2201 1328 2215 »
1349 2191 1431 2219 Item
1448 2194 1574 2228 petunt.
1594 2199 1631 2220 ex
1650 2191 1804 2221 mandato
1821 2192 1947 2223 domini
1966 2196 2154 2226 Innocentii
2176 2199 2277 2234 tertii,

1313 2243 1559 2273 restitutionem
1584 2243 1753 2274 laicalium
1779 2247 2028 2284 possessionum
2050 2259 2280 2288 possessarum

1315 2301 1345 2326 et
1356 2297 1564 2327 detentarum
1576 2306 1633 2335 per
1645 2297 1818 2328 eeclesiam
1831 2300 2091 2338 Egitaniensem‚
2104 2313 2185 2342 quos
2198 2307 2279 2344 epis-

1314 2359 1414 2388 copus
1436 2350 1690 2381 Colimbriensis
1716 2351 1750 2380 in
1772 2352 1978 2389 Covelliano,
2002 2355 2151 2387 Celorico
2173 2362 2204 2388 et
2226 2369 2281 2389 eo-

1313 2412 1387 2432 rum
1406 2403 1558 2433 terminis
1580 2404 1775 2442 acquisivit,
1801 2415 1874 2435 cum
1896 2408 2108 2445 pertinentiis
2126 2412 2280 2443 omnibus

1314 2460 1344 2486 et
1368 2456 1533 2486 fructibus
1557 2457 1714 2495 temporis
1739 2459 1906 2496 preteriti,
1933 2470 2015 2499 quos
2039 2463 2198 2494 extimant
2217 2470 2281 2495 tre-

1313 2514 1425 2539 centas
1439 2518 1566 2539 marcas
1581 2511 1721 2547 argenti.
1934 2514 1942 2518 “

1316 2574 1328 2588 »
1349 2563 1582 2593 Possessiones
1602 2568 1711 2593 autem
1728 2565 1872 2602 predicte
1890 2572 1967 2596 sunt
1984 2568 2046 2597 iste
2061 2569 2114 2598 :in
2132 2570 2280 2602 Celorico

1314 2618 1345 2644 et
1370 2615 1404 2643 in
1422 2615 1531 2644 Furno
1553 2615 1700 2651 Telario,
1725 2621 1756 2646 et
1780 2617 1855 2647 aliis
1875 2619 2025 2649 terminis
2043 2621 2205 2660 ejusdem,
2224 2624 2281 2654 do-

1313 2677 1386 2697 mus
1403 2677 1517 2698 omnes
1537 2673 1567 2698 et
1590 2670 1818 2707 possessiones
1842 2681 1924 2710 quas
1951 2673 1997 2702 ibi
2020 2674 2145 2705 detinet
2168 2677 2280 2714 Egita-

1313 2721 1459 2756 niensis;
1478 2721 1512 2750 in
1530 2722 1740 2759 Covelliano,
1763 2724 1796 2752 in
1814 2724 1968 2760 Castello,
1987 2726 2102 2757 domus
2119 2738 2233 2760 omnes
2250 2735 2281 2761 et

1314 2778 1447 2812 apoteca
1467 2783 1540 2803 cum
1557 2775 1660 2813 cupis,
1684 2776 1762 2806 tinis
1784 2781 1815 2806 et
1837 2776 1912 2807 aliis
1932 2780 2131 2811 necessariis
2148 2791 2210 2820 que
2230 2783 2280 2812 di-

1314 2827 1440 2862 vidunt,
1460 2836 1497 2857 ex
1515 2836 1580 2857 una
1596 2832 1687 2866 parte
1705 2837 1778 2858 cum
1797 2829 1949 2860 domibus
1966 2832 2083 2862 Sancte
2101 2834 2227 2871 Crucis,
2243 2845 2280 2865 ex

1314 2879 1379 2910 alia
1405 2889 1477 2909 cum
1500 2881 1619 2911 Garsia
1644 2882 1809 2911 Feruandi
1835 2883 1956 2918 milite,
1983 2894 2019 2914 ex
2041 2885 2103 2915 alia
2128 2896 2185 2924 per
2207 2897 2280 2918 mu-

1314 2942 1398 2967 rum,
1418 2942 1454 2963 ex
1472 2933 1534 2963 alia
1550 2942 1606 2972 per
1624 2934 1710 2963 viam
1728 2934 1902 2973 publicam.
