2441 3330
976 219 1200 255 PREMIERE
1223 220 1382 257 ΑΝΝΕΕ,
2170 231 2223 261 151

131 292 377 323 constructione
401 291 495 320 vobis
517 290 688 320 licentiam
709 290 918 328 largiremur.
944 291 1011 320 Nos
1036 291 1138 327 igitur

131 345 251 375 vestris
281 343 580 382 supplicationibus
618 342 789 377 inclinati,
821 343 913 372 vobis
944 343 1139 373 auctoritate

131 397 335 435 presentium
353 396 524 425 licentiam
540 393 718 424 tribuimus
734 394 944 433 postulatam.
963 396 1013 425 Ita
1030 400 1139 425 tamen

131 449 219 487 quod
234 449 348 479 eadem
370 448 478 485 legata
498 451 527 477 et
547 447 727 477 elemosine
748 447 783 475 in
800 455 880 476 usus
898 446 980 475 alios
1001 447 1139 476 minime

131 505 374 531 convertantur.
389 501 463 530 Dat.
478 499 629 538 Neapoli,
647 500 748 529 XIIII
764 499 923 529 kalendas
937 499 1036 537 junii,
1053 507 1140 528 anno

130 555 247 592 primo.
270 566 283 579 η

204 719 290 747 51’2

167 780 327 806 Conventui
345 779 379 805 de
397 778 562 813 Plympton,
579 778 752 804 Exoniensis
768 777 908 808 diocesis,
926 778 975 810 qui
991 777 1142 811 hospitali-

132 830 198 855 tatis
213 831 293 854 vacat
309 827 416 855 officio,
434 827 586 853 ecclesiam
604 826 638 852 de
655 825 870 858 Ekeboclande‚
890 825 1063 852 Exoniensis
1078 825 1142 851 dio-

131 877 221 905 cesis.
240 876 341 902 usibus
358 876 481 909 propriis
497 874 695 909 applicandam
712 873 854 900 concedit.
872 874 953 907 (Res.
971 874 1013 904 ⁶24,
1036 882 1061 900 c.
1079 874 1140 904 4⁶25,

131 926 150 952 f.
169 925 238 957 ssOv.)

734 715 851 750 Names,
867 715 900 741 ‘22
916 716 970 741 mai
990 715 1066 742 1255.

174 1038 186 1052 «
256 1027 358 1063 priori
374 1030 399 1054 et
413 1026 576 1054 conventui
592 1025 625 1053 cte
642 1025 812 1061 Pltyntone,
831 1025 949 1053 ordinis
965 1025 1065 1053 sancti
1078 1025 1142 1053 Au-

132 1080 265 1116 gustini,
292 1079 472 1107 Exoniensis
496 1078 630 1107 diocesis.
660 1077 805 1115 Injuncti
831 1077 931 1106 officii
954 1076 1142 1106 sollicitudo

134 1139 193 1161 nos
210 1131 362 1160 admonet
379 1134 412 1159 ut
429 1130 467 1159 de
484 1130 635 1168 personis
652 1129 820 1167 religiosis
841 1129 1030 1168 specialiter
1053 1129 1143 1167 cogi-

134 1188 241 1213 tantes
258 1192 313 1213 eas
330 1182 467 1220 speciali
482 1183 594 1212 favore
615 1191 650 1212 ac
668 1182 774 1219 gratia
792 1191 1042 1220 prosequamur.
1059 1182 1143 1212 Cum

134 1237 263 1274 itaque,
287 1236 373 1265 sicut
395 1244 431 1264 ex
456 1239 548 1273 parte
575 1239 685 1265 vestra
714 1235 778 1264 fuit
806 1235 1011 1272 propositum
1033 1243 1143 1264 coram

134 1289 240 1318 nobis.
259 1288 293 1317 in
310 1288 448 1318 ecclesia
463 1291 572 1317 vestra
586 1287 823 1325 hospitalitatis
837 1292 971 1317 vacetur
986 1287 1093 1317 officio
1107 1296 1143 1317 ac

134 1345 265 1379 propter
280 1341 341 1370 hoc
358 1344 387 1370 et
404 1340 487 1369 alias
509 1340 725 1370 necessitates
741 1339 942 1378 multiplices
961 1340 1066 1369 multa
1086 1348 1142 1369 vos

134 1394 246 1424 subire
263 1397 409 1431 oporteat
425 1402 526 1423 onera
543 1401 772 1431 expensarum,
791 1401 850 1422 nos
867 1392 1013 1422 volentes
1030 1393 1064 1421 in
1081 1392 1143 1422 hac

133 1450 225 1485 parte
242 1446 336 1475 vobis
360 1450 498 1484 paterna.
521 1445 747 1475 sollicitudine
770 1445 954 1483 providere,
971 1449 1007 1474 ut
1025 1445 1143 1484 hujus-

132 1499 220 1528 modi
247 1507 345 1528 onera
378 1497 581 1527 commodius
612 1500 805 1535 supportare
833 1497 988 1535 possitis,
1022 1497 1143 1527 vestris

131 1550 432 1589 supplicationibus
448 1550 617 1585 inclinati,
644 1549 819 1579 ecclesiam
842 1549 880 1579 de
900 1549 1140 1585 Ekeboclande,

132 1603 330 1633 Exoniensis
354 1603 510 1637 diocesis,
538 1603 572 1632 in
598 1612 663 1641 qua
687 1603 742 1641 jus
772 1606 965 1640 patronatus
991 1603 1140 1638 habetis,

131 1665 206 1685 cum
222 1655 307 1686 sicut
328 1655 490 1685 asseritur
510 1655 581 1694 ejus
601 1659 780 1693 proventus
797 1655 979 1685 secundum
996 1664 1143 1685 commu-

132 1717 208 1738 nem
222 1708 470 1737 extimationem
485 1707 591 1746 patrie
613 1708 679 1737 XII
699 1716 885 1737 marcarum
907 1707 1143 1745 sterlingorum

131 1769 295 1790 summam
320 1769 466 1790 annuam
490 1769 555 1790 non
582 1760 757 1795 excedant,
784 1764 941 1798 perpetuo
966 1761 1086 1790 vestris
1112 1764 1143 1790 et

131 1821 360 1842 successorum
381 1817 567 1842 vestrorum
590 1813 707 1842 usibus
726 1813 868 1850 propriis
892 1822 966 1842 cum
988 1813 1143 1842 omnibus
1183 1813 1185 1819 '

132 1865 202 1894 suis
215 1865 348 1903 juribus
365 1869 396 1894 et
415 1865 628 1903 pertinentiis
645 1865 874 1903 applicandam
898 1866 991 1895 vohis
1014 1866 1052 1895 de
1069 1874 1144 1903 gra-

134 1917 179 1946 tia
195 1917 406 1947 concedimus
429 1917 576 1955 speciali,
597 1918 690 1947 vobis
707 1918 946 1948 nichilominus
966 1918 1144 1956 indulgen-

136 1973 193 2004 tes,
209 1974 256 2005 ut,
275 1969 410 1999 cedente
427 1969 479 1999 vel
494 1970 671 1999 decedente
690 1969 808 1999 dilecto
824 1970 892 1999 filio
909 1971 1067 2008 magistro
1083 1970 1144 2000 Ni-

135 2021 225 2051 colao
251 2022 289 2051 de
316 2022 497 2060 Plyntone,
525 2022 728 2052 subdiacono
757 2027 787 2052 et
821 2022 990 2061 capellano
1014 2027 1140 2058 nostro,

135 2084 224 2104 nunc
254 2079 379 2105 rectore
410 2075 516 2113 ipsius
544 2075 697 2109 ecclesie,
729 2076 877 2114 ejusdem
899 2076 1145 2114 possessionem

136 2128 331 2157 auctoritate
348 2132 459 2157 nostra
478 2127 540 2157 loci
558 2128 733 2157 diocesano
749 2128 937 2158 inconsulto
957 2129 1088 2166 ingredi
1103 2128 1145 2157 11-

137 2181 213 2210 bere
235 2180 390 2213 valeatis,
420 2180 589 2217 assignata
619 2180 743 2210 vicario
774 2181 831 2219 qui
856 2190 913 2219 pro
942 2185 1088 2219 tempore
1110 2181 1145 2210 in

136 2232 249 2262 eadem
271 2232 423 2262 servierit
445 2232 485 2262 de
506 2232 613 2270 ipsius
634 2233 848 2270 proventibus
868 2233 1033 2271 portione,
1057 2233 1145 2263 unde

136 2285 242 2315 valeat
258 2294 437 2322 congruam
459 2285 736 2315 sustentationem
758 2285 895 2321 habere,
916 2295 953 2315 ac
976 2286 1145 2324 episcopa-

134 2337 190 2373 lia,
207 2337 489 2367 archidiaconalia
505 2341 536 2367 et
552 2342 660 2368 cetera
678 2338 784 2376 ipsius
801 2338 938 2368 ecclesie
956 2348 1056 2368 onera
1072 2348 1146 2377 sup-

135 2394 280 2428 portare,
313 2390 482 2420 diocesani
512 2390 652 2428 predicti
686 2390 721 2420 in
755 2391 910 2421 omnibus
937 2392 1012 2430 jure
1042 2391 1144 2421 salvo.

134 2442 228 2472 Nulli
244 2447 304 2473 etc.
325 2446 437 2472 nostre
452 2442 679 2473 concessionis
696 2447 756 2472 etc.
777 2444 850 2472 Dat.
866 2443 1017 2481 Neapoli,
1033 2444 1080 2473 XI
1092 2443 1145 2472 ka-

134 2494 249 2525 lendas
262 2495 362 2534 junii,
381 2504 468 2525 anno
481 2495 597 2533 primo.
621 2508 632 2521 »

206 2659 298 2687 518

172 2719 271 2746 Eleeto
286 2719 422 2754 Capuano
437 2719 567 2754 indulget
582 2723 613 2746 ut
630 2720 816 2754 praebendas
835 2720 971 2746 beneficia
988 2723 1016 2747 et
1033 2719 1148 2754 pensio-

139 2776 190 2795 nes
206 2777 258 2795 sua
276 2768 406 2794 retineat.
424 2768 506 2802 (Rae.
525 2768 575 2799 ⁶24,
591 2776 617 2795 c.
634 2768 696 2799 426,
714 2768 733 2795 f.
750 2769 803 2799 61.)

736 2658 855 2693 Naples,
871 2658 905 2685 ‘22
922 2659 978 2685 mai
997 2658 1074 2685 1255.

183 2880 195 2895 u
217 2891 251 2904 ..,
269 2869 356 2898 electo
373 2869 528 2906 Capuam.
546 2869 691 2899 Obtentu
706 2878 787 2906 pure
803 2869 988 2899 devotionis
1002 2886 1050 2898 ——.
1068 2869 1147 2899 Tuis

1220 291 1323 329 igitur
1332 293 1457 323 devotis
1466 294 1620 332 precibus
1628 294 1792 330 inclinati,
1808 299 1844 324 ut
1856 295 2050 333 prebendas,
2064 296 2226 327 beneficia

1222 348 1253 373 et
1279 345 1456 381 pensiones
1479 355 1542 384 que
1566 350 1657 376 tenes
1682 350 1754 385 post
1778 348 2059 378 consecrationem
2082 353 2172 378 tuam
2194 353 2226 380 et

1220 395 1314 433 pallii
1333 398 1577 435 susceptionem
1594 407 1661 428 11113
1684 408 1759 428 cum
1780 400 1919 430 ecclesia
1943 401 2098 439 Capuana
2114 401 2224 433 valeas

1221 448 1377 483 retinere,
1396 450 1590 480 auctoritate
1608 450 1669 480 tibi
1686 452 1890 489 presentium
1908 453 2129 491 indulgemus,
2147 463 2226 484 con-

1223 500 1395 530 stitutione
1415 503 1580 531 contraria
1596 507 1626 532 et
1640 503 1752 542 aliqua
1766 504 1973 542 indulgentia
1985 515 2049 535 non
2062 507 2222 537 obstante,

1222 552 1315 581 Nulli
1332 558 1392 582 etc.
1411 558 1521 584 nostre
1538 555 1762 585 concessionis
1781 560 1841 586 etc.
1859 558 1931 586 Dat.
1950 559 2102 596 Neapoli,
2120 560 2151 590 X
2167 559 2225 589 ka-

1222 604 1337 634 lendas
1349 606 1449 643 junii,
1468 615 1554 636 anno
1572 607 1689 645 primo.
1710 620 1722 633 n

1294 788 1381 815 519
1822 791 1938 826 Naples,
1956 793 1989 819 ‘2⁶2
2005 795 2060 820 mai
2079 795 2155 821 1255.

1259 849 1357 875 Eidem
1380 849 1510 884 indulget
1533 854 1563 876 ut
1584 851 1704 877 retineat
1724 853 1818 878 omnia
1837 862 1909 886 quae
1933 858 1997 881 ante
2019 857 2227 889 promotionem

1223 906 1305 924 suam
1321 899 1356 924 de
1372 900 1462 932 gratia
1479 898 1562 925 Sedis
1579 901 1752 934 apostolicae
1772 902 1919 928 retinebat.
1943 903 2026 935 (Hae.
2043 905 2074 931 ‘24
2086 925 2093 936 ‚
2111 913 2136 931 c.
2154 905 2226 940 426²,

1223 947 1243 973 f.
1261 947 1315 980 61.)

1267 1061 1279 1074 «
1300 1049 1415 1077 Eidem.
1434 1049 1578 1079 Obtentu
1594 1054 1654 1079 etc.
1672 1060 1777 1089 usque
1793 1062 1798 1080 :
1817 1052 1979 1088 inclinati,
1995 1058 2031 1084 ut
2046 1056 2228 1092 prebendas

1225 1105 1256 1131 et
1278 1100 1440 1132 beneficia
1465 1103 1690 1133 ecclesiastica
1714 1113 1751 1134 ac
1775 1105 1951 1142 pensiones
1977 1111 2007 1136 et
2031 1108 2142 1138 omnia
2167 1118 2230 1147 que

1226 1159 1302 1185 ante
1329 1159 1419 1184 tuam
1444 1156 1683 1193 promotionem
1709 1157 1854 1187 habebas
1881 1163 1912 1189 et
1935 1160 1973 1189 de
2001 1161 2107 1198 gratia
2136 1162 2229 1192 Sedis

1225 1208 1413 1246 Apostolice
1433 1209 1556 1239 retines
1580 1214 1651 1248 post
1674 1212 1954 1242 consecrationem
1977 1218 2066 1243 tuam
2087 1219 2117 1244 et
2136 1215 2230 1253 pallii

1226 1261 1470 1299 susceptionem
1493 1271 1559 1291 una
1584 1272 1657 1292 cum
1679 1264 1818 1293 ecelesia
1843 1265 1998 1303 Capuana
2020 1267 2129 1297 valeas
2150 1269 2229 1297 reli<

1226 1322 1320 1348 nere,
1340 1314 1454 1344 eadem
1470 1315 1575 1351 gratia
1592 1319 1711 1346 extunc
1727 1316 1964 1347 nichilominus
1985 1318 2019 1347 in
2041 1328 2098 1348 suo
2114 1319 2229 1349 robore

1223 1371 1433 1402 remanente,
1461 1367 1654 1398 auctoritate
1677 1368 1738 1397 tibi
1767 1370 1972 1406 presentium
1997 1370 2222 1408 indulgemus,

1225 1419 1461 1449 constitutione
1477 1423 1538 1449 etc.
1555 1429 1659 1458 usque
1676 1421 1710 1449 in
1728 1421 1838 1451 finem.
1858 1433 1870 1447 »

1296 1603 1387 1632 520

1261 1664 1405 1698 Episcopo
1417 1663 1618 1697 wigorniensi
1631 1665 1754 1698 mandat,
1769 1669 1799 1691 ut
1810 1666 1935 1699 praefato
1947 1666 2083 1693 M.electo
2094 1666 2227 1702 Capuano

1225 1717 1383 1747 proventus
1405 1713 1614 1746 praedictorum
1637 1713 1857 1745 beneficiorum,
1875 1718 1946 1745 etc„
1963 1715 2045 1742 faciat
2062 1716 2227 1742 ministrari.

1226 1761 1308 1794 (Rae.
1324 1761 1368 1796 24,
1381 1770 1407 1788 c.
1419 1761 1494 1793 426³,
1512 1761 1531 1788 f.
1549 1762 1604 1794 61.)

1824 1604 1938 1639 Naples,
1956 1605 1989 1631 22
2005 1607 2060 1632 mai
2078 1606 2156 1633 1255.

1268 1876 1281 1889 «
1357 1865 1490 1900 episcopo
1511 1864 1722 1900 11'i901·›ziensi.
1741 1863 1885 1893 Obtentu
1900 1873 1980 1902 pure
1996 1865 2180 1895 devotionis
2199 1869 2230 1894 et

1226 1916 1303 1946 fidei
1326 1916 1360 1944 in
1377 1924 1442 1954 qua
1460 1924 1589 1953 semper
1611 1915 1757 1945 Ecclesie
1775 1917 1922 1946 Romane
1944 1916 2038 1954 vigili
2058 1917 2230 1955 diligentia

1226 1968 1366 1998 dilectus
1378 1968 1467 1998 filius
1480 1969 1523 1998 M.
1538 1968 1660 1998 electus
1672 1968 1849 2006 Capuanus
1860 1968 1993 2006 placuit.
2007 1978 2100 1999 suam
2112 1971 2230 2000 affectu

1227 2021 1356 2051 sincero
1373 2025 1433 2051 etc.
1452 2024 1487 2050 ut
1502 2021 1537 2049 in
1554 2030 1653 2058 supra
1671 2030 1776 2059 usque
1791 2030 1797 2049 :
1814 2030 1878 2050 non
1891 2021 2052 2051 obstante.
2070 2023 2229 2058 Quocirca

1226 2074 1422 2103 mandamus
1445 2073 1602 2111 quatinus
1623 2073 1730 2103 eidem
1753 2073 1854 2103 electo
1874 2079 2051 2112 proventus
2067 2075 2230 2112 predicto-

1225 2136 1300 2156 rum
1311 2126 1558 2161 beneficiorum,
1571 2126 1822 2164 prebendarum,
1835 2126 2032 2164 pensionum
2044 2131 2074 2157 et
2088 2127 2227 2157 aliorum

1226 2179 1376 2208 omnium
1403 2188 1465 2217 que
1489 2178 1683 2216 priusquam
1708 2182 1955 2216 promoveretur
1976 2178 2117 2208 habebat
2139 2183 2170 2209 et
2191 2180 2229 2209 de

1227 2231 1333 2269 gratia
1349 2231 1444 2261 Sedis
1462 2230 1649 2268 Apostolice
1672 2230 1852 2263 retinebat,
1870 2230 1973 2260 facias
1996 2231 2068 2261 sine
2085 2231 2230 2260 diminu-

1227 2284 1316 2314 tione
1333 2283 1480 2322 qualibet
1493 2283 1689 2312 ministrari.
1701 2283 1974 2313 Contradictores.
1990 2283 2063 2313 Non
2079 2283 2229 2313 obstante

1227 2336 1256 2366 si
1272 2353 1320 2364 —.
1336 2337 1406 2365 Dat.
1426 2340 1461 2364 ut
1481 2344 1590 2373 supra.
1611 2347 1623 2362 ι)

1299 2514 1381 2541 521
1830 2512 1948 2547 Naples,
1963 2512 1997 2539 ζ23
2013 2513 2069 2539 mai
2083 2513 2159 2541 1255.

1264 2573 1439 2600 Abbatissae
1461 2576 1489 2599 et
1509 2574 1664 2600 conventui
1686 2574 1850 2600 monasterii
1870 2582 1894 2600 s.
1912 2574 2059 2601 Michaelis
2075 2574 2109 2600 de
2125 2574 2232 2609 Vigor-

1229 2623 1304 2657 culo‚
1329 2622 1439 2649 ordinis
1466 2630 1490 2649 s.
1522 2622 1697 2656 Augustini,
1726 2622 1891 2649 Parmensis
1919 2623 2054 2655 diocesis,
2080 2624 2230 2650 ecclesiam

1229 2680 1252 2698 s.
1265 2671 1414 2698 Michaelis
1425 2671 1459 2697 de
1471 2670 1628 2706 Vigorculo
1639 2679 1655 2697 a
1666 2671 1757 2697 bonae
1774 2672 1928 2698 memoriae
1939 2672 1977 2699 M.
1995 2672 2143 2698 Parmensi
2155 2672 2232 2706 epis-

1229 2728 1302 2754 copo
1320 2727 1488 2745 concessam
1509 2722 1537 2745 et
1557 2719 1592 2745 ab
1609 2719 1642 2746 O.
1665 2727 1690 2747 s.
1713 2719 1820 2746 Mariae
1840 2721 1868 2746 in
1885 2719 1939 2746 Via
1961 2721 2015 2746 lata
2035 2720 2153 2747 diacono
2169 2728 2231 2747 car-

1229 2768 1322 2794 dinale
1337 2768 1544 2799 confirmatam,
1563 2768 1721 2795 confirmat.
1744 2768 1825 2800 (Rea.
1843 2768 1887 2800 24,
1903 2777 1928 2795 c.
1947 2768 2006 2800 427,
2023 2769 2042 2795 f.
2060 2770 2116 2802 61.)

1272 2880 1284 2894 α
1301 2891 1332 2903 ..‚
1346 2868 1490 2897 abbatisse
1502 2874 1528 2897 et
1543 2870 1706 2898 conventui
1722 2870 1901 2898 monasterii
1915 2870 2014 2899 sancti
2028 2870 2182 2898 Michaelis
2197 2870 2231 2898 de
