2498 3325
976 232 1199 269 PREMIERE
1222 234 1381 271 ANNEE.
2172 249 2226 280 199

130 315 146 329 n
172 307 241 332 tum
263 302 336 332 sine
358 303 449 340 gravi
472 303 598 333 offensa
619 304 699 333 dicti
724 303 949 333 Bartholomei
971 303 1138 341 potuimus

132 367 146 382 2>
170 356 313 393 benigne
331 356 506 394 procedere
520 360 634 386 contra
645 356 765 394 ipsum,
783 360 814 386 et
830 356 964 386 nomine
981 356 1140 393 dampno-

133 421 146 435 »
171 418 244 438 rum
263 418 325 448 que
342 409 449 439 dictus
472 410 509 439 B.
530 410 688 445 incurrit,
707 414 738 439 et
753 413 981 447 preceptorum
998 409 1036 438 de
1053 409 1140 438 dicta

132 473 146 487 »
171 461 415 496 senescalchia,
434 471 562 491 necnon
583 467 613 492 et
629 471 847 500 expensarum
862 465 935 500 post
950 461 1043 491 litem
1061 470 1140 491 con-

132 526 145 540 »
170 517 323 543 testatam
340 514 513 549 factarum,
537 523 643 553 usque
659 515 700 544 ad
724 514 924 553 quingentas
943 514 1046 543 libras
1073 514 1139 543 for-

132 579 145 593 »
170 567 255 596 tium
279 570 428 596 veterum
451 576 508 605 pro
532 571 624 605 parte
652 572 784 597 cantore
811 567 1023 604 contingente
1048 571 1140 596 taxa-

132 631 146 645 »
170 619 259 649 tione
275 619 437 657 premissa
455 623 486 649 et
504 619 544 649 ab
569 619 683 649 eodem
704 623 915 657 procuratore
938 619 1081 648 habente
1100 619 1140 648 ad

131 683 145 698 2>
169 671 231 701 hoc
256 671 448 701 mandatum
468 680 573 709 usque
593 671 633 701 ad
655 671 793 701 eandem
809 671 1029 709 quantitatem
1046 679 1140 709 pres-

132 735 145 749 »
170 724 230 753 tito
243 724 443 762 juramento,
466 724 607 754 eundem
629 724 804 761 Hugonem
822 724 860 753 de
878 723 1046 758 Vallibus,
1064 732 1139 761 pre-

131 788 145 802 »
170 780 338 806 centorem
356 776 623 813 Lugdunensem,
641 785 699 814 pro
713 780 784 806 rata
800 777 910 814 ipsum
928 777 1140 814 contingente

131 840 145 855 »
170 828 257 858 dicto
273 828 505 858 Bartholomeo
521 837 581 858 seu
602 828 762 866 magistro
777 828 925 859 Johanni
940 828 1046 866 ipsius
1064 837 1139 866 pro-

131 893 144 907 »
169 881 314 911 curatori
338 881 409 920 ejus
432 881 566 911 nomine
591 881 626 910 in
651 881 851 920 quingentas
873 881 978 911 libras
1002 881 1138 911 fortium

130 945 144 960 >2
169 937 317 963 veterum
334 933 580 963 sententialiter
597 933 890 971 condempnamus.
1049 923 1055 927 ’

171 998 183 1013 ³>
202 987 283 1016 Lata
297 991 346 1016 est
360 986 419 1016 hec
433 987 599 1016 sententia
612 996 670 1025 per
684 987 869 1024 predictum
882 986 1053 1016 dominum
1067 995 1139 1016 car-

130 1051 144 1065 »
170 1039 315 1069 dinalem
331 1039 483 1076 Anagnie
498 1039 533 1068 in
549 1039 695 1077 hospitio
712 1039 795 1078 ejus,
814 1039 925 1069 idibus
939 1039 1032 1078 julii,
1052 1048 1138 1069 anno

131 1103 144 1118 n
169 1092 304 1122 Domini
334 1091 533 1126 M⁰CC⁰LV⁰,
564 1092 776 1130 pontificatus
805 1091 931 1121 domini
958 1091 1138 1121 Alexandri

130 1156 145 1171 »
169 1153 251 1182 pape
268 1143 345 1173 IIIIi
362 1152 448 1173 anno
465 1145 502 1177 I0,
517 1144 699 1174 indictione
710 1144 819 1179 XIIIn,
838 1144 873 1172 in
889 1144 1057 1181 presentia
1073 1144 1139 1174 mei

131 1208 145 1223 n
170 1196 276 1235 Helye
289 1197 426 1231 Brunot,
440 1196 564 1234 publici
578 1196 711 1231 notarii,
726 1197 783 1234 qui
799 1196 977 1234 prolationi
991 1196 1138 1235 ejusdem

132 1260 146 1275 »
171 1248 336 1278 sententie
352 1249 491 1278 interfui
511 1258 547 1278 ac
564 1257 635 1278 meo
652 1249 747 1286 signo
764 1249 906 1286 signavi.
922 1249 1139 1279 Presentibus

132 1312 146 1327 ι)
171 1301 270 1330 etiam
294 1301 478 1330 venerabili
501 1305 592 1339 patre
617 1302 749 1331 domino
772 1324 805 1337 ..,
827 1301 929 1331 electo
949 1301 1138 1337 Parmensi,

132 1364 146 1379 n
174 1376 206 1388 ..,
229 1353 346 1383 abbate
368 1354 474 1383 sancti
491 1354 636 1384 Victoris
658 1353 895 1388 Massiliensis,
914 1354 1046 1383 domino
1069 1355 1140 1383 Hu-

132 1417 146 1432 »
171 1414 254 1443 gone
277 1406 391 1436 Rubeo
411 1406 577 1444 preposito
594 1406 768 1441 Remensi,
786 1406 945 1443 magistro
962 1406 1140 1444 Aymerico

131 1469 145 1484 »
170 1457 320 1493 Coi-tini,
345 1458 504 1496 magistro
525 1459 578 1493 R.,
606 1459 729 1488 decano
755 1459 975 1493 pictaviensi,
1007 1458 1139 1488 domino

130 1522 143 1536 n
169 1511 315 1540 Get-ardo
331 1511 433 1541 Cossa
449 1512 547 1546 Doca,
569 1511 695 1540 domini
711 1520 792 1549 pape
809 1511 1000 1549 capellanis,
1016 1511 1140 1548 magis—

130 1575 143 1589 »
169 1567 217 1592 tro
231 1562 377 1597 Juliano,
393 1568 526 1593 cantore
539 1563 750 1601 Legionensi,
766 1567 797 1593 et
813 1563 983 1601 magistris
994 1563 1138 1593 Antonio

128 1627 142 1641 »
167 1615 205 1645 de
218 1615 405 1645 Mediolano
421 1620 452 1645 et
464 1615 638 1650 Maitietto,
655 1615 836 1654 capellanis
850 1615 998 1654 ejusdem
1012 1616 1139 1645 domini

126 1679 139 1694 n
165 1668 356 1703 cardinalis,
375 1672 405 1698 et
424 1668 576 1706 pluribus
591 1668 666 1698 aliis
683 1668 797 1698 adhoc
814 1669 938 1698 vocatis
955 1673 985 1698 et
1002 1669 1136 1706 rogatis.

128 1733 141 1747 n
166 1721 258 1750 Idem
283 1725 393 1750 autem
419 1720 573 1750 dominus
590 1720 770 1750 cardinalis
791 1720 832 1750 ad
849 1721 1008 1759 majorem
1027 1725 1138 1751 caute-

128 1785 142 1799 »
166 1773 232 1802 lam
248 1773 412 1811 presentis
430 1773 594 1803 sententie
611 1782 708 1802 suum
729 1772 878 1810 sigillum
896 1773 1065 1802 mandavit
1082 1782 1139 1811 ap-

129 1838 142 1853 »
168 1826 257 1864 poni.
276 1826 342 1863 Ego
360 1827 416 1864 qui
430 1835 529 1864 supra
545 1825 670 1864 Helyas
684 1826 811 1855 Brunot
822 1825 974 1863 publicus
990 1826 1138 1855 notarius

129 1891 142 1905 n
167 1878 344 1917 prolationi
356 1878 500 1916 predicte
515 1878 679 1908 sententie
690 1878 840 1913 interfui,
859 1878 897 1907 de
913 1878 1067 1907 mandato
1082 1878 1139 1907 do-

130 1943 143 1958 »
168 1931 251 1960 mini
268 1931 446 1961 cardinalis
460 1935 490 1961 et
507 1940 578 1961 eam
593 1931 711 1968 scripsi
728 1935 758 1960 et
773 1930 807 1959 in
820 1930 986 1969 publicam
999 1931 1139 1960 formam

130 1996 143 2010 >2
169 1984 207 2014 de
224 1984 371 2023 ejusdem
388 1984 568 2013 cardinalis
582 1983 735 2013 mandato
754 1983 876 2021 redegi.
899 1995 911 2009 n

168 2037 261 2067 Nulli
289 2041 349 2067 etc.
376 2041 486 2067 nostre
511 2036 773 2066 confirmationis
793 2040 853 2065 etc.
873 2037 946 2065 Dat.
968 2036 1136 2073 Anagnie,

128 2091 180 2120 III
198 2089 356 2119 kalendas
371 2089 514 2127 augusti,
533 2098 619 2119 anno
635 2089 752 2127 primo.
774 2100 786 2115 »

202 2255 289 2283 858

167 2316 271 2342 Abbati
290 2316 491 2342 Clarevallensi
509 2316 634 2350 mandat,
649 2316 785 2349 quatinus
801 2316 971 2342 sententiam
989 2315 1140 2350 supradic-

687 2254 811 2288 Anagni,
830 2254 859 2281 31
876 2254 971 2288 juillet
989 2253 1066 2280 1255.

129 2369 186 2391 tam
203 2365 366 2390 executioni
390 2365 502 2391 debitae
527 2364 661 2390 mandare
686 2368 829 2398 procuret.
849 2364 934 2397 (Rea.
951 2364 999 2397 24,
1017 2372 1042 2390 6.
1060 2364 1137 2398 535²,

129 2414 149 2441 f.
167 2414 223 2445 78.)

171 2527 184 2541 «
206 2537 238 2548 ..,
256 2515 357 2543 abbati
376 2515 606 2549 Clarevczllensi,
624 2515 822 2551 Linqonensis
837 2514 972 2543 diocesis.
988 2514 1067 2544 Oria
1083 2514 1138 2543 du-

129 2566 207 2596 dum
216 2566 467 2596 inter-dilectum
479 2566 582 2595 tilium
595 2566 866 2596 Bartholomeum
876 2566 914 2596 (16
926 2567 1022 2598 Fuer,
1033 2566 1139 2596 civem

130 2619 399 2656 Lugdunensem,
418 2628 455 2648 ex
472 2623 563 2656 parte
579 2627 664 2653 una,
683 2623 713 2648 et
730 2641 762 2653 ..,
782 2618 955 2653 decanum,
975 2627 1011 2648 ac
1030 2619 1138 2656 Hugo-

130 2679 206 2701 nem
219 2671 257 2701 de
272 2671 435 2706 Vallihus,
450 2675 676 2709 precentorem
689 2671 956 2709 Lugdunensem,
971 2680 1008 2701 ex
1023 2671 1136 2706 altera,

130 2732 230 2761 super
253 2723 479 2753 senescalcliia
502 2724 647 2754 civitatis
673 2724 907 2761 Lugdunensis
930 2728 961 2753 et
983 2724 1138 2754 omnibus

131 2776 173 2805 ad
186 2776 291 2814 ipsam
304 2776 530 2814 spectantibus
547 2781 607 2806 etc.
621 2785 726 2814 usque
740 2786 746 2805 :
760 2780 865 2805 ratam
882 2776 1053 2812 habentes,
1068 2786 1139 2806 eam

132 2829 328 2858 auctoritate
342 2828 521 2866 apostolica
531 2829 684 2859 duximus
697 2830 966 2859 confirmandam.
979 2830 1140 2866 Quocirca

132 2881 340 2915 mandamus,
363 2881 521 2919 quatinus
541 2882 741 2911 sententiam
764 2882 870 2920 ipsam
890 2891 948 2920 per
969 2887 999 2912 te
1016 2882 1067 2912 vel
1083 2891 1140 2921 per

1221 304 1323 334 alium
1335 308 1529 337 auctoritate
1542 314 1653 338 nostra
1667 310 1852 340 executioni
1863 311 1971 341 debite
1983 313 2140 343 mandare
2153 323 2225 351 pro-

1221 365 1327 387 cures.
1345 359 1622 390 Contradictores.
1636 362 1709 391 Non
1723 362 1873 392 obstante
1889 363 1918 392 si
1929 363 2097 402 aliquibus
2110 374 2128 395 a
2142 366 2226 397 Sede

1222 409 1400 446 apostolica
1410 411 1452 440 sit
1462 411 1638 447 indultum,
1650 414 1737 451 quod
1746 415 1914 452 suspendi,
1928 416 1979 445 vel
1990 416 2155 453 interdici,
2170 422 2227 448 aut

1222 463 1500 491 excommunicari
1512 472 1577 493 non
1589 466 1717 502 possint
1730 475 1787 503 per
1799 466 1926 497 litteras
1938 469 2144 505 apostolicas,
2158 470 2226 500 nisi

1222 512 1260 542 de
1279 513 1407 543 indulto
1427 514 1617 553 hujusmodi
1636 517 1733 554 plena
1750 522 1779 547 et
1801 527 1955 556 expressa
1976 521 2010 549 in
2032 521 2079 551 eis
2100 523 2225 553 mentio

1222 564 1394 595 habeatur.
1413 567 1451 596 Et
1471 568 1708 598 constitutione
1731 570 1769 599 de
1790 570 1917 600 duabus
1942 572 2039 602 dietis
2062 574 2168 604 edicta
2189 575 2225 604 in

1222 617 1362 647 concilio
1387 619 1546 655 generali,
1575 620 1750 650 dummodo
1774 622 1862 651 ultra
1886 624 2021 653 terciam
2047 625 2098 655 vel
2126 636 2226 664 quar-

1222 673 1287 698 tam
1317 674 1378 699 etc.
1408 671 1482 700 Dat.
1513 672 1681 709 Anagnie,
1713 674 1745 703 II
1773 673 1931 704 kalendas
1963 677 2111 713 augusti,
2139 687 2226 708 anno

1221 730 1338 759 primo.
1359 735 1371 748 ιι

1292 893 1381 921 659
1782 896 1908 931 Anagni,
1924 897 1953 923 31
1971 898 2062 932 juillet
2081 899 2156 926 1255.

1258 954 1373 981 Hectori
1389 959 1418 981 et
1433 955 1568 982 fratribus
1586 955 1782 983 Poenitentiae
1797 957 1869 984 Jesu
1886 958 1992 985 Christi
2009 961 2228 988 concessionem

1222 1003 1336 1036 regulae
1348 1011 1372 1029 s.
1391 1003 1560 1037 Augustini,
1577 1013 1593 1030 a
1610 1004 1780 1037 Benedicto,
1799 1005 1986 1039 Massiliensi,
2011 1012 2039 1034 et
2062 1008 2228 1043 Rostagno,

1220 1050 1395 1077 Tholonensi
1409 1053 1564 1087 episcopis,
1580 1053 1615 1079 de
1632 1054 1764 1080 mandato
1780 1054 1940 1082 Innocentii
1957 1065 2045 1091 papae
2058 1056 2099 1082 IV
2114 1058 2227 1092 factam,

1221 1100 1386 1132 confirmat,
1405 1100 1629 1128 instrumentum
1646 1102 1793 1136 publicum
1811 1105 2011 1131 concessionis
2030 1105 2173 1132 Massiliae
2190 1106 2230 1133 VI

1222 1147 1287 1173 idus
1310 1148 1375 1174 maii
1397 1148 1510 1175 MCCLI
1526 1150 1688 1176 confectum
1715 1154 1743 1177 et
1768 1152 1876 1178 litteras
1900 1152 2058 1179 Innocentii
2083 1153 2124 1179 [V
2149 1154 2230 1182 datas

1224 1195 1353 1229 Lugduni
1374 1196 1402 1222 Il
1426 1197 1561 1224 kalendas
1583 1199 1682 1233 aprilis
1702 1208 1775 1227 anno
1793 1201 1975 1234 pontificatus
1994 1201 2062 1228 VlII
2078 1203 2229 1230 continens

1222 1245 1385 1273 inserendo.
1402 1246 1484 1278 (Rae.
1502 1247 1550 1280 ⁸34,
1569 1255 1594 1274 6.
1612 1247 1672 1279 536,
1690 1248 1710 1275 f.
1727 1248 1784 1281 78.)

1264 1359 1276 1372 α
1298 1369 1330 1381 ..,
1348 1349 1458 1376 rectori
1471 1353 1497 1376 et
1511 1349 1662 1384 fratribus
1677 1350 1844 1379 Penitentie
1858 1352 1949 1380 Jhesu
1966 1353 2089 1389 Christi,
2108 1355 2228 1384 ordinis

1221 1400 1320 1427 saneti
1337 1400 1513 1436 Augyustini.
1537 1401 1581 1431 Ut
1597 1410 1660 1439 que
1676 1402 1760 1431 fiunt
1776 1404 1971 1434 auctoritate
1988 1406 2082 1435 Sedis
2102 1410 2227 1444 aposto-

1221 1451 1283 1481 lice
1310 1457 1525 1489 permaneant
1550 1454 1672 1484 futuris
1697 1456 1900 1493 temporibus
1922 1457 2135 1495 inconcussa,
2160 1468 2227 1489 non

1222 1503 1403 1541 incongrue
1419 1505 1617 1536 muniuntur
1628 1507 1799 1544 apostolici
1814 1509 1942 1539 roboris
1958 1510 2125 1541 firmitate.
2143 1512 2228 1542 Cum

1222 1556 1335 1594 igitur,
1354 1557 1440 1587 sicut
1457 1567 1494 1587 ex
1510 1562 1602 1596 parte
1618 1563 1728 1589 vestra
1744 1561 1807 1590 suit
1822 1563 2027 1600 propositum
2043 1572 2152 1593 coram
2168 1574 2228 1594 no-

1222 1608 1288 1643 bis,
1317 1609 1525 1640 venerabiles
1547 1611 1668 1641 fratres
1687 1613 1793 1642 nostri
1817 1636 1854 1649 ..,
1880 1614 2114 1651 Massiliensis,
2139 1620 2170 1646 et
2188 1640 2224 1652 ..,

1221 1661 1453 1697 Tholonensis,
1469 1663 1629 1701 episcopi,
1648 1665 1844 1696 auctoritate
1861 1666 1968 1696 felicis
1988 1668 2227 1699 recordationis

1222 1714 1248 1743 Ι.
1265 1723 1347 1752 pape
1364 1715 1607 1752 predecessoris
1624 1717 1745 1753 nostri,
1764 1718 1857 1748 vobis
1873 1719 1962 1748 beati
1980 1720 2161 1758 Augustini
2174 1730 2228 1751 re-

1223 1766 1332 1803 gulam
1358 1767 1511 1797 duxerint
1539 1769 1800 1805 concedendam,
1826 1776 1922 1809 prout
1946 1772 1980 1801 in
2005 1772 2228 1804 instrumento

1222 1819 1354 1857 publico
1370 1820 1446 1850 inde
1469 1821 1618 1851 confecto
1639 1822 1733 1861 cujus
1752 1827 1900 1854 tenorem
1918 1824 1957 1854 de
1978 1825 2077 1855 verbo
2099 1826 2140 1855 ad
2154 1835 2228 1856 ver-

1221 1871 1299 1900 bum
1316 1873 1526 1910 presentibus
1540 1874 1644 1904 inseri
1656 1875 1796 1906 fecimus
1810 1876 1941 1914 plenius
1953 1878 2152 1914 continetur,
2168 1888 2227 1909 nos

1222 1924 1262 1953 ad
1276 1924 1382 1954 instar
1397 1926 1641 1963 predecessoris
1660 1928 1808 1967 ejusdem
1825 1929 1943 1959 vestris
1960 1930 2086 1961 devotis
2103 1931 2229 1969 suppli-

1222 1978 1409 2008 cationibus
1426 1979 1604 2017 benignius
1617 1985 1813 2017 annuentes,
1829 1983 1915 2020 quod
1927 1992 2025 2021 super
2036 1983 2096 2013 1106
2111 1984 2151 2014 ab
2163 1985 2229 2014 eis-

1222 2030 1295 2060 dem
1318 2031 1480 2069 episcopis
1505 2032 1639 2070 provide
1662 2033 1787 2063 factum
1809 2038 1869 2068 est,
1891 2040 2000 2065 ratum
2022 2036 2182 2067 habentes
2198 2041 2229 2067 et

1222 2088 1363 2120 gratum,
1381 2085 1576 2115 auctoritate
1596 2086 1775 2124 apostolica
1794 2088 2028 2118 confirmamus
2045 2094 2076 2119 et
2092 2099 2229 2127 presen-

1223 2135 1263 2165 tis
1281 2136 1394 2174 scripti
1408 2137 1592 2174 patrocinio
1606 2139 1862 2169 communimus.
1876 2141 1984 2170 Tenor
1997 2145 2107 2171 autem
2120 2142 2226 2180 ipsius

1221 2188 1437 2218 instrumenti
1455 2189 1531 2219 talis
1551 2194 1600 2219 est
1623 2200 1629 2219 ε

1789 2257 1940 2289 Mai-seille,
1960 2258 1990 2284 10
2007 2259 2061 2285 mai
2079 2259 2157 2287 1251.

1264 2328 1277 2341 «
1296 2317 1334 2345 In
1355 2316 1488 2346 nomine
1504 2318 1638 2346 Domini
1655 2318 1760 2348 nostri
1778 2319 1884 2349 Jhesu
1904 2320 2045 2356 Christi,
2064 2330 2150 2352 anno
2172 2323 2228 2352 Ι11-

1225 2380 1236 2393 »
1262 2369 1465 2399 carnationis
1497 2370 1645 2408 ejusdem
1676 2372 1857 2402 M0CC0L10.
1887 2373 2049 2403 Noverint
2078 2375 2229 2405 universi

1224 2432 1236 2446 »
1262 2425 1450 2458 presentem
1476 2422 1631 2459 paginam
1658 2423 1853 2461 inspecturi,
1880 2426 1966 2463 quod
1996 2427 2228 2458 sanctissimus

1225 2485 1237 2498 »
1262 2481 1345 2510 papa
1375 2474 1590 2504 Innocentius
1619 2476 1663 2505 IV
1688 2475 1816 2506 litteras
1842 2486 1918 2506 suas
1945 2477 2108 2515 delegavit
2132 2480 2228 2510 nobis

1224 2537 1236 2551 ))
1262 2526 1452 2561 Benedicto,
1472 2527 1689 2563 Massiliensi,
1709 2532 1739 2558 et
1752 2530 1930 2567 Rostagno,
1949 2530 2152 2562 Tholonensi
2168 2534 2229 2563 Dei

1225 2590 1236 2603 n
1263 2578 1368 2615 gratia
1387 2579 1561 2617 episcopis,
1581 2580 1642 2610 sub
1658 2580 1720 2610 hac
1737 2582 1843 2611 forma
1861 2593 1867 2611 :

1826 2668 1918 2703 Lyon,
1937 2669 1967 2696 31
1988 2678 2062 2696 mars
2080 2671 2156 2698 1251.

1266 2737 1278 2751 »
1297 2726 1512 2756 Innocentius
1529 2731 1590 2757 etc.
1610 2729 1858 2759 venerabilibus
1874 2730 2034 2761 fratribus
2053 2754 2089 2767 ..,
2109 2733 2228 2763 Massi-

1226 2789 1238 2803 n
1263 2777 1374 2813 liensi,
1393 2782 1424 2808 et
1443 2801 1475 2814 ..,
1493 2779 1695 2810 Tholonensi
1711 2781 1885 2819 episcopis,
1904 2782 2056 2813 salutem.
2074 2784 2178 2815 Debet
2191 2794 2227 2815 ex

1225 2841 1238 2856 n
1264 2830 1368 2860 nostri
1385 2831 1593 2868 providentia
1612 2833 1668 2870 qui
1689 2833 1793 2863 vicem
1814 2834 1848 2863 in
1867 2835 1962 2864 terris
1981 2835 2087 2866 ι1116511
2102 2837 2228 2868 Christi

1225 2893 1238 2908 n
1264 2882 1604 2921 gerimusprovenire,
1615 2889 1650 2914 ut
1660 2885 1766 2924 ipsius
1778 2887 1919 2917 servulis
1932 2888 1999 2926 qui,
2013 2890 2127 2918 mundi
2137 2899 2229 2928 spre-
