2498 3325
987 213 1217 253 011οΧ111Μο
1239 214 1398 252 ANNEE.
2187 227 2245 258 363

145 294 237 321 XXV
250 301 411 320 marcarum
421 291 533 325 argenti
546 290 698 317 valentiam
711 298 766 316 non
780 290 933 323 excedunt,
947 290 1063 315 unicum
1077 287 1151 314 aliud

146 343 318 370 beneficium
336 341 428 376 possit
445 341 583 374 recipere.
606 339 689 372 (Rau.
707 339 755 369 24,
774 339 793 365 f.
812 339 875 369 150,
894 347 961 365 ann.
978 337 1020 371 ΙΙ,
1036 345 1062 363 c.
1080 337 1152 369 158.)

188 456 202 470 «
229 443 373 480 Maqistro
397 442 532 473 Habrae,
560 440 820 477 archipresbytero
845 440 1051 468 Armachano.
1078 437 1154 467 Vite

143 495 324 526 laudabilis
341 498 371 524 et
384 511 432 522 —-.
451 494 525 523 Dat,
539 492 705 529 Laterani,
721 493 789 522 1111
807 500 911 522 nonas
928 491 1051 525 martii,
1067 499 1154 520 auno

147 548 304 579 secundo.
325 560 337 574 »

222 705 339 733 1193

183 767 348 801 Stephano,
372 766 466 792 abbati
491 765 659 792 monasterii
682 764 712 790 S.
733 764 857 790 Victoris
877 763 1086 794 Massiliensis,
1105 771 1156 797 pro

744 702 863 732 Lati-an,
881 701 896 728 6
913 710 989 728 mars
1006 701 1083 727 1256.

147 815 336 850 expediendis
358 814 523 840 monasterii
549 814 675 848 negotiis
696 814 722 839 in
747 812 832 839 Curia
855 821 942 839 onera
963 820 1156 847 expensarum

147 864 297 896 subeunti,
323 863 456 890 concedit
482 863 646 889 facultatem
672 861 860 888 contrahendi
884 864 1017 887 mutuum
1043 866 1158 895 propter

147 912 204 938 hoc
220 920 312 945 usque
328 911 361 937 ad
379 919 521 937 summam
541 914 735 936 trecentarum
758 910 893 935 librarum
914 909 1113 935 turonensium
1131 912 1159 935 et

147 960 222 986 bona
233 960 399 986 monasterii
413 959 608 986 creditoribus
620 958 774 992 obligandi.
787 958 870 990 (Rea.
881 957 925 989 24,
936 958 954 983 f.
968 958 1027 991 150,
1040 966 1105 984 ann.
1120 957 1158 989 II,

145 1017 172 1036 c.
190 1009 261 1039 159.)

189 1122 201 1136 ι(
222 1111 383 1147 Stephano.
402 1110 503 1138 abbati
521 1109 703 1138 monasterii
718 1109 825 1137 Sancti
845 1109 971 1137 Victoris
986 1109 1159 1137 Massilien-

145 1164 197 1198 sis,
215 1163 336 1192 ordinis
351 1164 451 1192 sancti
469 1163 633 1194 Benedicti,
651 1162 690 1190 ad
706 1163 875 1191 Romanam
891 1162 1057 1190 Ecclesiam
1072 1162 1159 1190 nullo

144 1216 242 1245 medio
252 1217 446 1253 pertinentis.
463 1215 547 1246 Cum
561 1215 646 1245 sicut
660 1215 696 1243 in
712 1231 760 1243 —.
779 1215 852 1244 Dat.
868 1214 1035 1249 Laterani,
1051 1215 1083 1244 ΙΙ
1099 1222 1159 1243 no-

146 1278 207 1299 nas
223 1269 347 1303 martii,
367 1277 453 1298 anno
473 1268 629 1298 secundo.
650 1280 663 1294 ι)

221 1426 339 1454 1194

183 1488 324 1522 Magistro
335 1487 430 1514 Lucae
446 1487 481 1513 de
498 1486 648 1518 Bet-niaco,
664 1486 686 1513 I.
705 1486 780 1513 tituli
797 1486 827 1514 S.
845 1486 991 1513 Laurentii
1008 1488 1035 1513 in
1054 1486 1162 1513 Lucina

147 1535 309 1571 presbyteri
326 1535 480 1561 cardinalis
502 1535 666 1569 capellano,
692 1534 835 1568 indulget,
861 1539 891 1560 ut
913 1535 1052 1561 beneficia
1067 1535 1160 1562 eccle-

147 1584 265 1611 siastica
281 1588 396 1610 centum
415 1592 527 1610 marcas
543 1584 764 1617 sterlingorum,
782 1587 948 1617 computato
965 1583 1092 1615 obtento,
1110 1592 1162 1610 an-

148 1633 260 1659 nuatim
286 1633 409 1658 valentia
431 1633 561 1667 recipcre
586 1633 686 1658 valeat.
711 1632 796 1666 (Reg.
816 1632 866 1663 Ἡ,
893 1632 912 1658 s.
937 1633 1010 1664 150¹,
1034 1641 1100 1659 ann.
1122 1632 1160 1667 11,

148 1690 176 1709 c.
195 1681 266 1713 160.)

707 1424 819 1455 Lau-an.
838 1424 870 1450 ‘24
888 1425 992 1451 sevrier
1009 1424 1087 1451 1256.

190 1796 203 1810 «
226 1784 370 1821 Mayistro
387 1784 460 1812 Luci¹
478 1783 511 1811 (le
527 1783 689 1815 Berniaco,
708 1783 892 1811 subdiacono
913 1787 1032 1817 nostro,
1052 1783 1162 1812 rectori

147 1838 267 1867 ecclesie
287 1837 395 1866 Sancti
418 1837 535 1865 Andrec
559 1836 593 1864 cle
610 1836 782 1873 Rinqstede,
801 1836 1005 1865 Norwz'censis
1025 1837 1160 1865 diocesis.

147 1890 220 1920 Etsi
234 1894 365 1928 propter
381 1888 580 1918 ambitiones
596 1905 644 1917 -.
662 1889 735 1918 Dat.
754 1889 922 1924 Laterani,
939 1889 986 1919 VI
1002 1888 1162 1919 kalendas

147 1942 273 1977 martii,
296 1950 382 1971 anno
402 1941 558 1971 secundo.
582 1953 593 1967 »

227 2100 247 2126 1
259 2099 343 2127 195
750 2098 864 2131 Lati-an,
883 2099 897 2126 4
914 2107 991 2125 mars
1012 2099 1090 2126 1256.

187 2160 381 2194 Plrandotaej,
393 2160 531 2195 episcopo
542 2160 738 2193 Cracoviensi,
751 2160 992 2187 consuetudinem
1004 2162 1161 2196 antiquam,

150 2212 182 2236 ut
205 2209 346 2235 ecclesiae
371 2208 574 2235 Cracoviensis
594 2208 752 2243 episcopus
772 2208 923 2235 ordinatus
945 2210 1084 2236 canonice
1105 2211 1164 2244 pri-

149 2265 228 2284 mum
245 2257 340 2283 locum
357 2261 385 2283 et
402 2265 501 2283 vocem
521 2261 585 2291 post
602 2257 855 2291 metropolitanum
875 2258 949 2284 inter
966 2258 1164 2293 suffraganeos

150 2307 218 2341 eJus
246 2306 383 2335 obtineat.
415 2307 500 2332 etiam
529 2307 554 2332 si
579 2307 616 2332 sit
642 2307 789 2341 posterius
814 2307 974 2339 ordinatus,
1001 2308 1161 2340 confirmat,

149 2353 233 2387 (Rm.
251 2354 295 2387 24,
312 2354 330 2380 f.
351 2354 424 2387 1505
441 2362 508 2381 ann.
523 2353 559 2387 lI,
577 2362 602 2380 c.
619 2354 684 2386 161;
700 2354 970 2389 Porrnis‘r16270.)

194 2467 207 2481 <t
234 2456 280 2490 P.,
305 2456 438 2493 episcopo
461 2457 666 2485 Cracoviensi.
693 2456 738 2486 Ex
764 2460 818 2486 tue
844 2457 992 2495 procedit
1015 2475 1064 2487 —-.
1088 2459 1162 2489 Dat.

151 2508 320 2543 Laterani,
340 2510 407 2538 IIII
426 2518 529 2538 nonas
547 2509 670 2544 martii,
690 2518 776 2539 anno
793 2511 950 2541 secundo.
970 2523 983 2537 n

227 2665 346 2694 1196

187 2727 330 2762 Episcopo
353 2728 490 2755 'l‘recensi
511 2728 646 2755 concedit
666 2728 830 2755 facultatem
849 2730 969 2757 faciendi
986 2732 1074 2766 recipi
1090 2731 1164 2758 duos

151 2775 274 2802 clericos
290 2775 318 2802 in
334 2775 471 2802 Trecensi
489 2777 622 2803 ecclesia*
641 2777 725 2811 (itm.
743 2777 787 2812 24,
805 2779 824 2806 f.
840 2779 900 2810 151,
918 2788 985 2806 ann.
1002 2779 1038 2811 11,
1051 2788 1076 2806 c.
1092 2780 1164 2812 162.)

758 2667 870 2699 Lati-an,
887 2668 902 2694 2
919 2676 995 2695 mars
1013 2669 1090 2697 1256.

192 2888 207 2902 ιι
230 2899 262 2911 ..,
280 2878 414 2915 episcopo
433 2878 582 2907 Trccensi.
609 2879 676 2908 Tue
694 2879 915 2910 fraternitatis
933 2880 1085 2916 obtentu,
1104 2880 1166 2910 tibi

1235 287 1415 324 gratificari
1433 292 1464 318 et
1479 297 1537 327 per
1553 289 1734 319 exhibitam
1755 289 1813 318 tibi
1836 290 1975 327 gratiam
1995 291 2052 321 alii
2073 293 2246 330 providere

1235 339 1400 375 volente&
1420 340 1564 370 faciendi
1588 341 1690 379 recipi
1710 342 1790 371 duos
1807 341 1944 372 clericos
1962 343 1997 372 in
2013 345 2169 374 Trecensi
2192 354 2246 375 ec-

1236 391 1351 427 clesia,
1370 393 1404 421 in
1423 402 1487 431 qua
1504 394 1747 431 prebendarum
1764 394 1895 424 collatio
1913 396 1952 424 ad
1969 400 1998 425 te
2018 396 2103 426 sicut
2123 397 2246 427 asseris

1235 445 1389 482 pertinet,
1402 445 1436 474 in
1451 446 1626 476 canonicos
1643 451 1674 476 et
1690 447 1724 475 in
1741 447 1860 476 fratres
1878 452 1905 477 et
1925 449 2119 485 providendi
2132 458 2245 479 eorum

1237 497 1374 527 cuilibet
1400 498 1438 527 de
1465 499 1648 536 prebenda,
1669 499 1697 528 si
1724 503 1816 528 vacat
1841 499 1965 529 ibidem
1991 501 2169 538 adpresens
2196 502 2247 532 vel

1238 550 1403 588 quamcito
1425 550 1465 579 ad
1486 550 1519 579 id
1537 560 1571 580 se
1592 551 1733 580 facultas
1750 551 1917 586 obtulerit,
1936 552 2110 583 dummodo
2128 555 2195 584 sint
2211 554 2246 583 in

1238 602 1341 631 sacris
1365 603 1537 632 constituti
1561 604 1734 633 ordinibus
1756 612 1793 633 ac
1814 604 1896 633 alias
1916 605 2026 635 idonei
2044 610 2074 635 et
2091 606 2193 636 velint
2212 607 2246 636 in

1238 664 1276 684 ea
1292 655 1437 684 residere
1453 655 1673 693 personaliter
1692 660 1722 685 et
1743 656 1898 685 continue
1918 657 2099 692 deservire,
2119 667 2246 688 necnon

1239 711 1269 737 et
1285 708 1514 745 compescendi
1531 708 1790 737 contradictorcs
1806 718 1863 746 per
1879 718 2053 739 censuram
2072 710 2249 741 ecclesias-

1238 759 1348 794 ticam,
1366 760 1586 798 appellatione
1603 765 1737 795 remota,
1752 761 1812 789 tibi
1830 762 2024 792 auctoritate
2042 764 2247 800 presentium

1239 812 1451 842 concedimus
1474 813 1614 842 liberam
1637 813 1838 842 facultatem.
1861 814 1935 843 Non
1956 814 2107 844 obstante
2127 819 2249 845 statuto

1239 864 1345 902 ipsius
1372 865 1510 894 ecclesie
1536 865 1574 894 de
1602 870 1689 894 certo
1715 866 1950 895 canonicorum
1978 875 2132 899 numero,
2156 867 2249 905 jura-

1239 921 1350 946 mento
1369 934 1418 946 —-.
1444 918 1515 947 Dat.
1542 918 1713 953 Laterani,
1740 919 1784 947 VI
1807 927 1910 947 nonas
1937 918 2063 954 martii,
2088 928 2173 948 anno
2197 928 2250 948 se-

1241 969 1359 999 cundo.
1380 982 1392 995 »

1315 1141 1430 1169 119?
1800 1141 1914 1174 Lati-an,
1930 1142 1963 1168 ‘22³
1981 1142 2084 1167 sevi-ier
2104 1142 2177 1168 1256.

1281 1203 1397 1237 {Petro],
1414 1204 1550 1237 episcopo
1569 1203 1762 1234 pesauriensi,
1779 1204 1902 1233 mandat,
1922 1212 1955 1228 nc
1973 1204 2118 1237 permittat
2136 1208 2166 1229 ut
2181 1204 2251 1230 infra

1242 1257 1387 1280 trecentos
1410 1262 1513 1288 passus
1537 1262 1552 1279 a
1578 1254 1639 1280 loco
1660 1254 1779 1280 fratrum
1804 1253 1945 1279 Minoi-um
1968 1254 2002 1279 (10
2028 1253 2103 1279 Fano
2128 1254 2252 1280 ccclesia

1241 1302 1286 1328 vel
1307 1303 1513 1328 monasterium
1531 1302 1565 1327 dc.
1590 1310 1662 1328 novo
1679 1302 1815 1335 erigatur.
1836 1302 1916 1333 (itan.
1934 1302 1982 1335 ⁵24,
2006 1303 2024 1328 f.
2045 1303 2087 1328 151
2104 1324 2109 1335 ,
2126 1302 2193 1328 ann.
2213 1301 2250 1332 il,

1242 1357 1268 1377 c.
1286 1350 1353 1381 163;
1375 1349 1519 1375 Por'rnisr
1538 1350 1643 1382 16208.)

1285 1464 1297 1478 «
1319 1475 1351 1487 ..,
1370 1453 1503 1489 episcopo
1524 1452 1728 1480 Pesazcriensi.
1751 1451 1998 1489 Circumspecta
2014 1451 2186 1481 humilitas
2203 1451 2254 1480 di-

1242 1506 1403 1536 lectorum
1420 1523 1468 1534 ——.
1493 1506 1566 1535 Dat.
1585 1505 1756 1539 Laterani,
1782 1506 1812 1534 II
1833 1504 1992 1534 kalendas
2015 1504 2142 1539 martii,
2166 1512 2252 1534 anno

1245 1559 1401 1589 secundo.
1424 1570 1436 1584 »

1321 1729 1339 1755 1
1352 1729 1436 1757 198
1804 1728 1917 1760 Latran,
1938 1729 1966 1754 14
1985 1728 2089 1754 levrici·
2109 1728 2182 1754 1956.

1281 1792 1405 1818 Mai-tino
1421 1791 1564 1817 <Iohannis
1576 1812 1582 1824 ,
1600 1799 1651 1825 per
1672 1791 1895 1824 t'mnpostellani
1917 1791 2127 1824 archicpiscopi
2146 1791 2256 1816 litteras

1245 1841 1457 1873 commendato,
1489 1841 1648 1874 dispensat,
1674 1844 1715 1871 ut,
1747 1848 1814 1866 cum
1844 1840 1968 1866 ccclesia
1992 1839 2022 1866 S.
2050 1839 2195 1865 Viiicvntii
2221 1839 2256 1864 de

1245 1890 1356 1920 Eluma,
1373 1889 1620 1923 Compostellanac
1636 1888 1773 1921 diocesis,
1793 1893 1904 1922 septem
1922 1896 2081 1914 marcarum
2099 1888 2255 1921 sterlingo-

1245 1947 1309 1965 rum
1326 1938 1478 1964 valentiam
1502 1937 1648 1962 annuatim
1668 1937 1714 1962 vix
1737 1937 1912 1967 excedente,
1931 1936 2006 1962 aliud
2024 1935 2255 1962 ecclesiasticum

1245 1986 1418 2014 beneficium
1442 1987 1569 2019 recipere
1591 1986 1698 2016 valeat,
1723 1993 1778 2011 non
1796 1985 1979 2011 obstantibus
1995 1984 2254 2010 constitutionibus

1245 2036 1389 2071 generalis
1404 2034 1519 2061 concilii
1536 2038 1563 2060 et
1579 2034 1722 2068 quondam
1740 2033 1909 2059 sabinensis
1926 2033 2055 2067 episcopi
2073 2033 2099 2058 in
2118 2033 2173 2059 illis
2191 2040 2256 2066 par-

1246 2084 1324 2110 tibus
1340 2084 1436 2118 legati.
1453 2082 1535 2117 (Rae.
1554 2082 1596 2112 24,
1616 2082 1634 2109 s.
1655 2081 1856 2113 151‚ann.11‚
1874 2090 1899 2108 c.
1919 2081 1991 2113 164.)

1289 2186 1440 2214 «Marlino
1462 2185 1627 2217 Joltannt's,
1647 2184 1755 2212 clerico
1772 2184 1858 2212 chori
1875 2183 1993 2211 ecclesie
2011 2183 2256 2220 Composlellane.

1245 2238 1384 2277 Adjutos
1407 2236 1592 2266 honestatis
1610 2240 1640 2265 et
1656 2253 1704 2264 ——.
1723 2236 1796 2265 Dat.
1817 2235 1986 2270 Laterani,
2002 2236 2080 2265 XVI
2097 2234 2256 2264 kalendas

1246 2291 1370 2326 martii,
1389 2299 1475 2320 anno
1493 2289 1648 2319 secundo.
1670 2302 1681 2314 υ

1322 2461 1437 2489 1199

1284 2524 1432 2550 Fratribus
1469 2523 1635 2549 monasterii
1671 2521 1768 2548 Sancti
1805 2522 1947 2548 ι1011110015
1979 2521 2200 2555 Angeliacensis
2230 2524 2258 2546 et

1760 2459 1874 2490 Latran,
1889 2460 1923 2486 ⁸20
1941 2459 2092 2485 decembre
2112 2459 2185 2485 1255.

1247 2573 1427 2608 prioratuum
1444 2573 1509 2606 ejus
1532 2571 1675 2604 indulget,
1699 2575 1729 2596 ut
1745 2574 1825 2596 extra
1844 2570 2079 2596 Xanctonensem
2103 2573 2153 2594 aut
2174 2568 2258 2594 aliam

1247 2630 1347 2648 eorum
1365 2621 1503 2647 diocesim
1526 2628 1574 2654 [101-
1595 2620 1705 2645 litteras
1725 2618 1900 2653 apostolicus
1922 2619 1998 2644 trahi
2020 2626 2075 2644 non
2102 2618 2214 2651 possint
2230 2617 2258 2642 in

1246 2679 1374 2697 causam.
1394 2670 1490 2703 (115οἾ
1506 2669 1549 2700 ⁶24,
1567 2669 1585 2694 Γ.
1604 2669 1664 2699 151,
1681 2676 1747 2694 ann.
1766 2667 1803 2700 ΙΙ,
1821 2676 1848 2694 c.
1867 2668 1940 2699 165.)

1290 2785 1302 2799 «
1324 2795 1356 2807 ..‚
1375 2772 1485 2806 abbati,
1499 2776 1524 2799 rc
1541 2771 1705 2799 conventui
1719 2770 1899 2798 monasterii
1912 2769 2019 2798 Sancti
2030 2768 2180 2797 ,Iohannis
2194 2768 2258 2795 Αη-

1245 2826 1434 2864 flectat-ensis,
1452 2824 1572 2853 ordinis
1587 2823 1686 2852 sancti
1700 2822 1861 2857 Benedicti,
1886 2821 2102 2850 A'anctoncnsis
2122 2820 2257 2848 diocesis.

1248 2878 1337 2909 Solet
1352 2886 1499 2907 annuere
1511 2875 1612 2905 Sedes
1626 2892 1674 2903 ——.
1692 2874 1779 2903 Hinc
1796 2878 1843 2903 est
1861 2873 1947 2911 quod
1965 2880 2034 2907 nos,
2050 2871 2168 2901 vestris
2185 2880 2258 2909 sup-
