2498 3325
1021 207 1251 245 DEUXIEME
1273 206 1433 244 ANNEE.
2221 217 2277 246 479

182 284 252 315 suis
273 288 483 313 contumaces
503 287 533 312 et
558 282 698 312 rebelles
717 281 863 311 existunt
889 284 919 310 et
943 280 1082 309 ballivas
1104 279 1188 309 deti-

182 342 261 367 nent
280 341 393 366 contra
411 335 597 365 voluntates
614 335 777 372 ipsorum,
795 333 957 363 moneatis
977 333 1141 362 instanter
1158 336 1188 362 et

181 399 238 428 pro
255 389 356 419 vestri
373 388 472 418 officii
488 388 597 418 debito
616 386 831 425 compellatis,
850 390 885 415 ut
899 385 1048 415 habitum
1062 385 1188 423 deposi-

182 448 249 473 tum
267 446 484 477 resumentes,
500 442 534 470 in
551 441 738 471 obedientia
758 439 959 478 prelatorum
980 447 1115 468 suorum
1132 438 1188 468 de-

181 499 254 526 vote
272 504 307 525 ac
324 495 497 524 humiliter
513 497 734 532 perseverent,
755 497 785 522 et
803 491 943 521 ballivas
958 492 1027 521 sive
1045 491 1110 520 alia
1123 491 1188 520 offi-

182 549 231 578 cia
251 558 307 586 per
326 547 524 577 violenciam
540 546 631 576 nullo
650 546 745 576 modo
762 546 909 575 detinere
924 548 1128 583 presumant.

224 613 237 628 x>
255 601 462 639 Quicumque
484 605 594 629 autem
616 599 848 628 mandatorum
866 602 1052 627 nostrorum
1073 597 1190 626 extite-

182 654 249 683 rint
275 657 534 691 contemptores,

183 706 392 745 percellatis,
427 715 524 744 quam
558 705 691 734 faciatis
720 713 826 742 usque
856 704 896 733 ad
929 702 1191 733 satisfactionem

184 760 381 796 condignam
402 758 642 788 inviolabiliter
664 757 843 787 observari.
873 757 1028 786 Preterea
1052 755 1193 794 quicun-

185 822 247 851 que
264 813 302 841 de
322 812 537 841 facultatibus
556 811 620 840 sibi
638 810 766 840 collatis
784 819 801 839 a
817 811 884 839 Deo
902 809 1061 838 fratribus
1080 808 1194 846 hospi-

186 866 261 896 talis
279 865 391 896 Sancti
408 865 531 895 Thome
549 864 696 893 martiris
713 862 967 894 Cantuariensis
983 861 1018 890 in
1035 862 1143 890 Accon
1164 864 1194 889 et

186 918 402 949 subvenerint
419 922 450 947 et
467 917 501 946 in
521 921 586 946 tam
605 921 718 946 sancta
735 915 943 945 fraternitate
962 913 1140 944 statuerint
1160 922 1194 943 se

185 971 339 1009 collegas,
367 971 481 1009 eisque
507 969 669 999 beneficia
690 968 910 1006 persolverint
929 966 1113 1000 annuatim,
1134 965 1193 1000 eis,

186 1025 224 1055 de
249 1025 420 1054 beatorum
446 1023 536 1053 Petri
564 1027 595 1051 et
620 1021 715 1052 Pauli
743 1020 966 1059 apostolorum
998 1019 1195 1049 auctoritate

186 1077 317 1112 confisi,
346 1076 519 1114 septimam
543 1079 669 1113 partem
691 1074 840 1113 injuncte
859 1072 1041 1111 penitentie
1067 1071 1195 1101 relaxa-

146 1121 148 1123 *
185 1140 259 1160 mus
276 1129 455 1168 apostolica
474 1137 604 1167 quoque
622 1127 828 1157 auctoritate.
847 1126 895 1156 Ob
911 1125 1133 1156 reverentiam
1149 1125 1195 1163 ip-

187 1183 256 1213 sius
273 1181 460 1220 hospitalis,
481 1181 671 1215 statuimus,
689 1184 725 1209 ut
741 1179 808 1209 hiis
832 1179 889 1218 qui
905 1188 1018 1209 eorum
1038 1178 1196 1208 fraterni-

188 1241 286 1266 tatem
297 1235 550 1273 assumpserint,
567 1234 595 1263 si
610 1234 720 1263 forsan
735 1233 873 1263 ecclesie
888 1232 926 1262 ad
937 1241 1018 1271 quas
1029 1231 1196 1270 pertinent

188 1299 206 1319 a
222 1289 345 1319 divinis
362 1288 488 1318 fuerint
503 1287 620 1317 officiis
638 1286 824 1319 interdicte,
846 1285 934 1323 ipsos
949 1285 1032 1314 mori
1049 1284 1197 1321 contige-

188 1343 242 1378 rit,
268 1342 334 1371 nisi
356 1340 633 1371 excommunicati
654 1339 705 1369 vel
731 1339 927 1368 nominatim
950 1338 1075 1368 fuerint
1092 1338 1196 1367 inter-

189 1395 283 1429 dicti,
303 1399 357 1424 aut
375 1394 474 1424 etiam
495 1393 625 1432 publice
649 1392 813 1426 usurarii,
833 1391 1003 1430 sepultura
1022 1390 1198 1421 ecclesias-

190 1448 254 1477 tica
272 1456 336 1476 non
355 1450 503 1484 negetur.

231 1513 244 1527 n
263 1500 425 1531 Volumus
442 1503 563 1533 autem,
581 1498 726 1528 utliceat
740 1499 788 1528 eis
807 1497 990 1527 confratres
1008 1505 1096 1531 suos,
1116 1505 1197 1535 quos

189 1553 405 1584 ecclesiarum
426 1552 544 1591 prelati
561 1552 647 1590 apud
671 1551 828 1581 ecclesias
852 1559 930 1580 suas
949 1550 1115 1579 malitiose
1132 1558 1198 1579 non

189 1605 454 1645 presumpserint
474 1605 624 1643 sepeliri,
646 1604 711 1634 nisi
729 1603 1005 1634 excommunicati
1023 1602 1073 1631 vel
1091 1602 1198 1631 nomi-

191 1659 295 1689 natim
315 1658 441 1688 fuerint
467 1657 648 1691 interdicti,
674 1661 730 1687 aut
755 1657 855 1687 etiam
883 1655 1015 1694 publice
1037 1655 1197 1690 usurarii,

191 1711 402 1742 tumulandos
419 1710 547 1740 deferre
564 1710 605 1740 ad
623 1709 780 1740 ecclesias
799 1708 974 1747 hospitalis
990 1708 1146 1746 predicti,
1169 1711 1200 1738 et

191 1764 391 1799 oblationes,
415 1768 481 1793 tam
498 1772 556 1801 pro
578 1763 626 1793 eis
645 1771 744 1801 quam
770 1771 827 1800 pro
851 1762 927 1791 aliis
948 1761 1006 1800 qui
1028 1761 1062 1790 in
1086 1770 1200 1791 eorum

191 1817 372 1848 cimeteriis
388 1816 613 1855 requiescunt,
634 1815 799 1846 exhibitas
816 1815 889 1845 sine
908 1814 1011 1844 alieni
1023 1814 1110 1853 juris
1126 1823 1200 1852 pre-

187 1870 313 1910 judicio
338 1869 483 1899 retinere
502 1879 508 1898 :
526 1869 588 1898 hoe
609 1872 719 1898 autem
739 1868 865 1903 addito,
884 1871 919 1897 ut
936 1871 1121 1905 receptores
1138 1867 1201 1896 fra-

191 1923 359 1953 ternitatis
382 1922 528 1961 ejusdem
555 1930 612 1951 seu
640 1921 740 1951 etiam
766 1920 994 1957 collectarum,
1018 1920 1108 1950 salvo
1127 1920 1202 1960 jure

192 1976 401 2006 dominorum
424 1984 575 2010 suorum,
603 1974 664 2004 sub
682 1974 772 2004 beati
790 1973 879 2003 Petri
897 1978 927 2003 et
946 1977 1058 2003 nostra
1074 1969 1203 2011 protec-

193 2030 282 2059 tione
302 2028 498 2059 consistant.

235 2094 248 2108 „
278 2081 449 2111 Adicimus
476 2081 613 2119 insuper
636 2084 682 2115 ut,
707 2081 735 2110 si
755 2080 830 2119 quis
853 2080 1031 2109 eorundem
1049 2080 1202 2116 fratrum,

194 2135 250 2173 qui
271 2134 310 2163 ad
327 2133 459 2163 easdem
472 2133 698 2163 fraternitates
716 2133 811 2162 missi
828 2133 953 2162 fuerint
970 2132 1020 2162 vel
1037 2132 1202 2167 collectas,

195 2187 229 2216 in
247 2185 428 2225 ‹⁷1uan‘1lihet
444 2185 623 2221 civitatem,
642 2185 814 2215 castellum
828 2189 858 2215 et
870 2185 979 2215 vicum
997 2185 1203 2219 advenerint,

196 2240 225 2269 si
241 2240 324 2269 sorte
342 2239 432 2268 locus
448 2238 504 2268 ille
522 2247 539 2268 a
554 2238 678 2268 divinis
694 2238 796 2268 fuerit
813 2238 930 2268 officiis
945 2238 1154 2272 interdictus,
1170 2238 1204 2267 in

195 2302 308 2323 eorum
323 2292 469 2331 jucundo
489 2291 632 2321 adventu
651 2291 754 2321 semel
772 2291 966 2329 aperiantur
989 2291 1127 2321 ecclesie
1147 2301 1206 2321 an-

197 2345 324 2375 nuatim
353 2349 394 2377 et,
422 2344 716 2374 excommunicatis
738 2347 769 2374 et
794 2344 992 2373 nominatim
1019 2344 1206 2375 interdictis

196 2399 321 2438 ejectis,
338 2398 451 2427 divina
467 2397 514 2427 ihi
531 2397 638 2427 officia
654 2397 874 2432 celebrentur,
894 2397 985 2427 salva
1001 2397 1035 2426 in
1052 2398 1206 2428 omnibus

197 2451 395 2489 supradictis
413 2449 635 2480 declaratione
655 2449 790 2479 concilii
808 2449 986 2487 generalis.

240 2516 252 2530 n
272 2503 490 2542 Admajorem
507 2511 637 2541 quoque
657 2506 764 2532 vestre
779 2502 941 2532 mercedis
960 2503 1141 2538 cumulum,
1161 2504 1207 2533 ni-

197 2556 398 2586 chilominus
412 2556 504 2585 vohis
514 2556 712 2591 mandando,
724 2555 938 2594 precipimus,
953 2557 1110 2595 quatinus
1123 2557 1208 2587 hanc

199 2614 345 2639 nostram
360 2609 630 2639 constitutionem
646 2618 704 2647 per
716 2609 908 2647 parrochias
920 2614 1046 2639 vestras
1060 2611 1208 2639 nuntiari

198 2662 341 2700 propriis
360 2661 482 2691 litteris
499 2662 641 2691 faciatis.
661 2662 856 2691 Mandamus
872 2662 972 2691 etiam
990 2667 1035 2697 ut,
1055 2663 1154 2701 siqui
1170 2664 1207 2693 de

199 2715 330 2744 clericis
342 2714 557 2743 ecclesiarum
575 2719 758 2744 vestrarum
775 2715 893 2752 prefati
908 2715 1081 2753 hospitalis
1096 2717 1209 2746 Sancti

565 650 918 682 excommunicationis
945 659 1000 680 cos
1026 649 1192 679 sententia

199 2768 323 2798 Thomu·
345 2767 519 2802 fratribus,
539 2777 612 2797 cum
630 2768 766 2797 licentia
790 2767 906 2805 prelati
932 2773 962 2797 ct
985 2769 1120 2806 capituli
1144 2770 1207 2805 sui,

201 2825 315 2858 sponte
341 2830 376 2849 ac
396 2820 499 2857 gratis
516 2829 573 2857 per
595 2829 718 2848 aninum
741 2820 789 2849 vel
814 2820 985 2849 biennium
1003 2821 1210 2852 decreverint

199 2873 385 2909 deservire,
408 2882 617 2911 nequaquam
636 2873 861 2910 impediantur
879 2878 906 2903 ct
926 2873 1060 2903 interim
1079 2884 1138 2904 sua
1153 2876 1209 2905 be-

1271 279 1389 309 neficia
1417 288 1481 308 non
1508 279 1732 318 a(m)mittant.
1759 281 1832 310 Dat.
1854 281 2017 319 Anagnie,
2046 282 2095 311 III
2117 281 2277 311 kalendas

1271 331 1472 366 novembris,
1491 340 1577 360 anno
1595 332 1748 362 secundo.
1771 344 1783 358 »

1346 554 1364 579 Ι
1374 553 1463 580 554

1310 615 1540 649 Archiepiscopo
1564 613 1774 640 'rem-aconensi
1798 613 1913 640 mandat
1936 614 2072 648 quatinus
2093 614 2190 641 audiat
2212 623 2280 641 cau-

1275 672 1334 689 sam
1353 664 1427 689 inter
1450 661 1633 688 Viceutinum
1651 663 1820 697 episcopum
1838 666 1866 688 et
1881 666 2054 688 conventum
2070 663 2236 689 monasterii
2249 663 2280 689 S.

1275 711 1381 737 Mariae
1398 711 1432 736 de
1445 711 1612 745 Riuppullo,
1630 710 1700 736 adeo
1715 711 1886 744 intricatam,
1905 712 2002 745 utjam
2017 719 2066 745 per
2082 711 2179 737 decem
2193 714 2221 737 et
2233 719 2281 737 no-

1275 768 1338 785 vem
1356 767 1447 785 annos
1463 759 1586 791 duravit,
1604 763 1632 784 et
1648 759 1739 793 ipsam
1757 759 1926 785 instructam
1950 759 1983 785 ad
2009 758 2093 785 Sedis
2108 759 2282 794 apostolicae

1276 816 1397 833 examen
1416 807 1550 833 remittat.
1568 806 1651 839 (ltro.
1668 806 1716 838 ⁶24,
1734 806 1753 833 f.
1770 806 1845 839 QOSV‚
1863 815 1930 834 ann.
1947 806 1984 840 ΙΙ,
2001 815 2026 834 c.
2045 807 2130 840 4752.)

1870 552 1996 586 Anagni,
2013 552 2029 579 9
2045 545 2112 579 aout
2130 553 2208 579 1956.

1320 933 1332 947 «
1352 921 1584 958 Archiepz'scopo
1602 921 1829 949 Terraconensi.
1850 921 1949 950 Lecta
1970 921 2066 951 nobis
2083 922 2284 952 venerabilis

1277 973 1393 1003 fratris
1413 972 1518 1003 nostri
1539 996 1571 1006 ..,
1589 973 1760 1002 Vicentini
1777 973 1933 1011 episcopi,
1951 974 2066 1012 petitio
2083 975 2284 1011 continebat,

1279 1026 1365 1065 quod
1380 1035 1490 1060 causa,
1511 1034 1573 1064 que
1589 1025 1677 1055 inter
1690 1026 1811 1064 ipsum,
1831 1035 1868 1056 ex
1885 1030 1977 1064 parte
1993 1036 2070 1062 una,
2085 1031 2116 1057 et
2134 1051 2165 1063 ..,
2185 1028 2286 1058 abba-

1279 1084 1355 1114 tem,
1381 1083 1412 1108 et
1432 1083 1631 1108 conventum
1647 1079 1844 1108 monasterii
1867 1079 1986 1110 Sancte
2003 1080 2107 1110 Marie
2123 1081 2162 1111 de
2181 1081 2287 1119 Riup-

1279 1131 1379 1170 pullo,
1397 1131 1524 1161 ordinis
1542 1131 1649 1160 sancti
1666 1131 1848 1168 Benedicti,
1866 1132 2043 1163 Vicentine
2059 1133 2212 1169 diocesis,
2231 1143 2287 1163 su-

1279 1194 1336 1224 per
1359 1194 1396 1215 eo
1420 1185 1507 1223 quod
1529 1185 1630 1214 iidem
1653 1185 1754 1215 abbas
1775 1189 1806 1215 et
1826 1190 2008 1216 conventus
2030 1187 2116 1217 dicto
2136 1188 2287 1226 episeopo

1279 1242 1437 1277 tanquam
1456 1237 1633 1267 diocesano
1653 1246 1711 1267 suo
1730 1237 1904 1268 intendere
1920 1239 2084 1277 denegant
2101 1244 2132 1270 et
2148 1240 2186 1270 de
2200 1240 2286 1278 juri-

1279 1291 1341 1320 bus
1358 1290 1602 1328 episcopalibus
1617 1291 1827 1328 respondere,
1844 1300 1881 1321 ex
1898 1291 2011 1327 altera,
2028 1292 2178 1328 vertitur,
2197 1303 2288 1332 prop-

1280 1348 1329 1374 ter
1359 1344 1552 1373 varietatem
1581 1352 1796 1381 processuum
1826 1344 2016 1375 habitorum
2044 1346 2079 1375 in
2110 1356 2148 1375 ea
2180 1356 2289 1376 coram

1280 1397 1423 1426 diversis
1436 1396 1606 1436 judicibus
1624 1406 1642 1426 a
1660 1397 1743 1427 Sede
1760 1397 1940 1435 apostolica
1956 1398 2126 1437 delegatis,
2145 1404 2176 1429 et
2190 1400 2289 1430 etiam

1280 1457 1391 1479 coram
1414 1448 1497 1478 bone
1522 1448 1680 1478 memorie
1705 1472 1738 1484 ..,
1763 1448 2012 1488 archiepiscopo
2036 1452 2288 1488 Terraconensi,

1280 1502 1513 1540 predecessore
1530 1505 1597 1536 tuo,
1610 1501 1645 1530 in
1658 1510 1755 1540 quem
1767 1501 1831 1531 fuit
1843 1511 1861 1531 a
1871 1502 2021 1540 partibus
2033 1503 2115 1541 ipsis
2133 1508 2291 1543 tanquam

1280 1555 1315 1584 in
1335 1555 1496 1585 arbitrum
1514 1564 1612 1592 super
1628 1554 1689 1584 hoc
1706 1555 1766 1584 sul]
1781 1559 1870 1585 certa
1885 1564 1970 1594 pena
1986 1557 2191 1587 concorditer
2205 1567 2288 1587 com-

1281 1608 1494 1646 promissum,
1515 1611 1563 1637 est
1581 1607 1660 1637 adeo
1677 1607 1834 1637 intricata
1850 1612 1961 1647 utpote
1979 1618 2041 1648 que
2059 1619 2116 1648 per
2132 1611 2243 1640 decem
2259 1615 2290 1641 et

1282 1669 1399 1691 novem
1417 1669 1521 1690 annos
1539 1664 1570 1690 et
1586 1660 1729 1698 amplius
1743 1660 1813 1700 jam
1829 1661 1971 1697 duravit,
1990 1663 2076 1701 quod
2099 1672 2164 1693 non
2184 1664 2291 1694 credi-

1282 1718 1335 1744 tur
1357 1722 1453 1753 posse
1477 1714 1515 1743 de
1536 1713 1628 1743 facili
1648 1714 1684 1743 in
1708 1714 1777 1744 illis
1799 1714 1949 1753 partibus
1974 1717 2167 1753 terminari,
2193 1727 2292 1756 super

1283 1776 1346 1806 quo
1370 1767 1457 1796 idem
1483 1767 1656 1804 episcopus
1678 1767 1857 1805 apostolice
1878 1768 2085 1806 providentie
2108 1771 2293 1801 remedium

1282 1819 1483 1858 imploravit.
1517 1820 1679 1856 Quocirca
1708 1820 1911 1851 fraternitati
1943 1825 1997 1852 tue
2026 1832 2084 1860 per
2114 1823 2295 1861 apostolica

1284 1873 1408 1911 scripta
1430 1873 1636 1909 mandamus,
1665 1873 1839 1912 quatinus,
1870 1874 1898 1904 si
1923 1879 1973 1905 est
1999 1875 2056 1911 ita,
2080 1876 2207 1906 faciens
2233 1876 2295 1906 tibi

1285 1935 1399 1956 omnes
1416 1926 1580 1964 predictas
1594 1926 1723 1956 litteras
1738 1930 1769 1956 et
1782 1936 1957 1965 processus
1974 1932 2039 1959 tam
2053 1938 2111 1967 per
2125 1939 2180 1959 eas
2194 1939 2295 1968 quam

1286 1988 1395 2009 coram
1413 1979 1527 2009 eodem
1547 1979 1778 2017 predecessore
1795 1984 1850 2009 tuo
1866 1980 1998 2011 habitos
2015 1982 2164 2012 exhiberi
2181 1983 2295 2013 deten-

1287 2036 1385 2066 tores,
1412 2032 1451 2061 ad
1474 2032 1713 2062 exhibitionem
1736 2041 1867 2068 eorum,
1892 2034 1920 2063 si
1941 2043 2076 2065 necesse
2095 2036 2213 2071 fuerit,
2239 2045 2297 2074 per

1287 2093 1463 2114 censuram
1486 2084 1747 2114 ecclesiasticam
1768 2085 1988 2123 appellatione
2008 2089 2189 2126 postposita
2208 2098 2297 2118 com-

1287 2137 1461 2176 pescendo,
1480 2146 1614 2166 causam
1627 2138 1764 2168 eandem
1783 2139 1910 2174 audias,
1926 2143 1957 2169 et
1971 2140 2076 2178 ipsam
2091 2141 2180 2170 infra
2193 2150 2298 2171 unum

1289 2199 1413 2220 annum
1439 2194 1512 2228 post
1537 2190 1760 2228 receptionem
1786 2192 2008 2229 presentium,
2038 2193 2066 2223 si
2090 2194 2128 2223 de
2153 2195 2298 2232 partium

1289 2243 1457 2273 voluntate
1476 2244 1692 2282 processerit,
1708 2244 1835 2283 judicio
1857 2245 1910 2275 vel
1925 2247 2101 2277 concordia
2119 2248 2299 2279 terminare

1290 2305 1464 2334 procures,
1491 2296 1619 2326 faciens
1646 2297 1733 2335 quod
1754 2297 1940 2328 decreveris
1963 2300 2158 2331 auctoritate
2187 2305 2301 2332 nostra

1291 2349 1472 2380 observari.
1496 2350 1610 2380 Testes
1636 2353 1747 2380 autem
1765 2359 1872 2389 usque
1897 2361 1903 2380 ε
1927 2352 2113 2390 perhibere.
2142 2354 2300 2393 Alioquin

1291 2410 1426 2431 cansam
1448 2402 1555 2440 ipsam
1577 2406 1696 2432 extunc
1718 2403 1917 2433 instructam
1940 2404 1992 2435 vel
2014 2414 2079 2435 non
2102 2407 2300 2438 instructam

1292 2454 1332 2484 ad
1347 2454 1454 2492 ipsius
1470 2454 1564 2484 Sedis
1581 2455 1731 2485 remittas
1746 2464 1894 2492 examen,
1912 2458 2035 2495 prefixo
2051 2460 2200 2497 partibus
2218 2461 2300 2499 ipsis

1291 2507 1433 2536 termino
1450 2508 1671 2545 peremptorio
1691 2509 1901 2546 competenti,
1919 2519 1982 2548 quo
2000 2520 2057 2549 per
2072 2521 2105 2541 se
2121 2513 2171 2542 vel
2187 2523 2300 2551 procu-

1291 2564 1417 2590 ratores
1436 2560 1581 2598 ydoneos
1599 2569 1673 2590 cum
1690 2561 1845 2591 omnibus
1867 2563 1964 2597 actis,
1984 2564 2116 2602 J'uribus
2138 2570 2169 2595 et
2190 2567 2302 2597 muni-

1292 2614 1414 2643 mentis
1432 2614 1502 2643 suis
1525 2618 1637 2644 nostro
1654 2624 1689 2644 se
1710 2616 1901 2653 conspectui
1917 2623 2157 2655 representent,
2175 2620 2303 2652 facture

1293 2675 1329 2695 ac
1347 2671 1517 2705 receptui-e
1543 2676 1641 2705 super
1661 2667 1723 2697 hoc
1746 2669 1833 2706 quod
1855 2669 1933 2698 ordo
1955 2670 2128 2701 dictaverit
2149 2673 2299 2705 rationis.

1292 2719 1458 2758 Quicquid
1482 2724 1590 2749 autem
1617 2729 1715 2758 super
1732 2721 1798 2749 hiis
1816 2722 1948 2751 duxeris
1965 2723 2170 2761 faciendum,
2194 2727 2300 2762 nobis,

1293 2780 1351 2810 per
1378 2776 1449 2801 tuas
1474 2772 1601 2801 litteras
1630 2772 1745 2801 haruin
1773 2774 1893 2803 seriem
1918 2775 2137 2806 continentes.
2162 2778 2304 2809 fideliter

1293 2824 1449 2854 intimare
1467 2834 1636 2863 procures.
1655 2827 1726 2854 Dat.
1742 2827 1903 2863 Anagnie,
1922 2828 1949 2857 V
1966 2828 2040 2857 idus
2058 2831 2201 2867 augusti,
2217 2841 2304 2862 anno

1296 2878 1453 2907 secundo.
1474 2889 1486 2904 ι)
