<?xml version="1.0" encoding="UTF-8"?>
<!DOCTYPE html PUBLIC "-//W3C//DTD XHTML 1.0 Transitional//EN"
    "http://www.w3.org/TR/xhtml1/DTD/xhtml1-transitional.dtd">
<html xmlns="http://www.w3.org/1999/xhtml" xml:lang="en" lang="en">
 <head>
  <title>
</title>
<meta http-equiv="Content-Type" content="text/html;charset=utf-8" />
  <meta name='ocr-system' content='tesseract 3.04.00' />
  <meta name='ocr-capabilities' content='ocr_page ocr_carea ocr_par ocr_line ocrx_word'/>
</head>
<body>
  <div class='ocr_page' id='page_1' title='image "./lesregistresdale01cathuoft_0052.png"; bbox 0 0 2441 3330; ppageno 0'>
   <div class='ocr_carea' id='block_1_1' title="bbox 201 192 1573 230">
    <p class='ocr_par' dir='ltr' id='par_1_1' title="bbox 201 192 1573 230">
     <span class='ocr_line' id='line_1_1' title="bbox 201 192 1573 230; baseline 0.005 -12"><span class='ocrx_word' id='word_1_1' title='bbox 201 201 237 230; x_wconf 59' lang='grc'>42</span> <span class='ocrx_word' id='word_1_2' title='bbox 926 193 1166 224; x_wconf 86' lang='lat' dir='ltr'>REGISTRES</span> <span class='ocrx_word' id='word_1_3' title='bbox 1186 192 1494 224; x_wconf 76' lang='lat' dir='ltr'>D&#39;ALEXANDRE</span> <span class='ocrx_word' id='word_1_4' title='bbox 1517 195 1573 225; x_wconf 91' lang='lat' dir='ltr'>IV.</span> 
     </span>
    </p>
   </div>
   <div class='ocr_carea' id='block_1_2' title="bbox 195 259 1209 1722">
    <p class='ocr_par' dir='ltr' id='par_1_2' title="bbox 195 259 1209 1722">
     <span class='ocr_line' id='line_1_2' title="bbox 201 259 1206 303; baseline -0.005 -10"><span class='ocrx_word' id='word_1_5' title='bbox 201 263 420 303; x_wconf 83' lang='lat' dir='ltr'>spiritualiter</span> <span class='ocrx_word' id='word_1_6' title='bbox 435 266 467 292; x_wconf 88' lang='lat' dir='ltr'>et</span> <span class='ocrx_word' id='word_1_7' title='bbox 487 259 712 298; x_wconf 75' lang='lat' dir='ltr'>temporaliter</span> <span class='ocrx_word' id='word_1_8' title='bbox 728 268 793 289; x_wconf 90' lang='lat' dir='ltr'>non</span> <span class='ocrx_word' id='word_1_9' title='bbox 811 259 853 289; x_wconf 90' lang='lat' dir='ltr'>sit</span> <span class='ocrx_word' id='word_1_10' title='bbox 869 259 1007 289; x_wconf 88' lang='lat' dir='ltr'>dubium</span> <span class='ocrx_word' id='word_1_11' title='bbox 1025 260 1206 297; x_wconf 81' lang='lat' dir='ltr'>pertinere,</span> 
     </span>
     <span class='ocr_line' id='line_1_3' title="bbox 201 312 1208 353; baseline -0.003 -7"><span class='ocrx_word' id='word_1_12' title='bbox 201 326 258 346; x_wconf 83' lang='lat' dir='ltr'>vos</span> <span class='ocrx_word' id='word_1_13' title='bbox 286 316 319 345; x_wconf 92' lang='lat' dir='ltr'>in</span> <span class='ocrx_word' id='word_1_14' title='bbox 347 324 385 344; x_wconf 84' lang='lat' dir='ltr'>ea</span> <span class='ocrx_word' id='word_1_15' title='bbox 404 313 671 353; x_wconf 80' lang='lat' dir='ltr'>jurisdictionem</span> <span class='ocrx_word' id='word_1_16' title='bbox 696 312 879 342; x_wconf 76' lang='lat' dir='ltr'>indebitam</span> <span class='ocrx_word' id='word_1_17' title='bbox 906 316 1105 350; x_wconf 68' lang='lat' dir='ltr'>usurpantes</span> <span class='ocrx_word' id='word_1_18' title='bbox 1133 322 1208 351; x_wconf 84' lang='lat' dir='ltr'>que-</span> 
     </span>
     <span class='ocr_line' id='line_1_4' title="bbox 200 365 1208 403; baseline -0.003 -4"><span class='ocrx_word' id='word_1_19' title='bbox 200 369 274 399; x_wconf 85' lang='lat' dir='ltr'>dam</span> <span class='ocrx_word' id='word_1_20' title='bbox 300 367 451 397; x_wconf 74' lang='lat' dir='ltr'>edidistis</span> <span class='ocrx_word' id='word_1_21' title='bbox 474 369 597 395; x_wconf 84' lang='lat' dir='ltr'>statuta</span> <span class='ocrx_word' id='word_1_22' title='bbox 618 374 676 403; x_wconf 88' lang='lat' dir='ltr'>per</span> <span class='ocrx_word' id='word_1_23' title='bbox 703 374 766 403; x_wconf 87' lang='lat' dir='ltr'>que</span> <span class='ocrx_word' id='word_1_24' title='bbox 790 368 969 402; x_wconf 76' lang='lat' dir='ltr'>potestates</span> <span class='ocrx_word' id='word_1_25' title='bbox 993 369 1022 394; x_wconf 84' lang='lat' dir='ltr'>et</span> <span class='ocrx_word' id='word_1_26' title='bbox 1051 365 1208 396; x_wconf 84' lang='lat' dir='ltr'>officiales</span> 
     </span>
     <span class='ocr_line' id='line_1_5' title="bbox 199 417 1208 457; baseline -0.003 -6"><span class='ocrx_word' id='word_1_27' title='bbox 199 422 282 452; x_wconf 85' lang='lat' dir='ltr'>alios</span> <span class='ocrx_word' id='word_1_28' title='bbox 299 421 332 449; x_wconf 92' lang='lat' dir='ltr'>in</span> <span class='ocrx_word' id='word_1_29' title='bbox 350 424 435 449; x_wconf 85' lang='lat' dir='ltr'>terra</span> <span class='ocrx_word' id='word_1_30' title='bbox 452 419 522 457; x_wconf 89' lang='lat' dir='ltr'>ipsa</span> <span class='ocrx_word' id='word_1_31' title='bbox 541 427 597 456; x_wconf 90' lang='lat' dir='ltr'>pro</span> <span class='ocrx_word' id='word_1_32' title='bbox 613 422 720 447; x_wconf 79' lang='lat' dir='ltr'>vestre</span> <span class='ocrx_word' id='word_1_33' title='bbox 737 417 917 447; x_wconf 77' lang='lat' dir='ltr'>voluntatis</span> <span class='ocrx_word' id='word_1_34' title='bbox 931 418 1068 447; x_wconf 82' lang='lat' dir='ltr'>arbitrio</span> <span class='ocrx_word' id='word_1_35' title='bbox 1086 419 1208 456; x_wconf 88' lang='lat' dir='ltr'>ponitis</span> 
     </span>
     <span class='ocr_line' id='line_1_6' title="bbox 198 470 1207 510; baseline -0.002 -7"><span class='ocrx_word' id='word_1_36' title='bbox 198 478 229 504; x_wconf 89' lang='lat' dir='ltr'>et</span> <span class='ocrx_word' id='word_1_37' title='bbox 252 472 424 510; x_wconf 79' lang='lat' dir='ltr'>imponitis</span> <span class='ocrx_word' id='word_1_38' title='bbox 448 471 511 501; x_wconf 89' lang='lat' dir='ltr'>loci</span> <span class='ocrx_word' id='word_1_39' title='bbox 532 470 724 500; x_wconf 79' lang='lat' dir='ltr'>hominibus</span> <span class='ocrx_word' id='word_1_40' title='bbox 746 470 854 499; x_wconf 75' lang='lat' dir='ltr'>tallias</span> <span class='ocrx_word' id='word_1_41' title='bbox 879 474 909 500; x_wconf 88' lang='lat' dir='ltr'>et</span> <span class='ocrx_word' id='word_1_42' title='bbox 931 470 1102 501; x_wconf 71' lang='lat' dir='ltr'>collectas.</span> <span class='ocrx_word' id='word_1_43' title='bbox 1125 471 1207 501; x_wconf 89' lang='lat' dir='ltr'>alias</span> 
     </span>
     <span class='ocr_line' id='line_1_7' title="bbox 198 523 1209 562; baseline -0.003 -6"><span class='ocrx_word' id='word_1_44' title='bbox 198 535 253 557; x_wconf 87' lang='lat' dir='ltr'>eos</span> <span class='ocrx_word' id='word_1_45' title='bbox 270 524 499 562; x_wconf 85' lang='lat' dir='ltr'>multipliciter</span> <span class='ocrx_word' id='word_1_46' title='bbox 519 527 746 561; x_wconf 76' lang='lat' dir='ltr'>aggravantes.</span> <span class='ocrx_word' id='word_1_47' title='bbox 766 524 850 559; x_wconf 80' lang='lat' dir='ltr'>Quia</span> <span class='ocrx_word' id='word_1_48' title='bbox 868 532 945 553; x_wconf 88' lang='lat' dir='ltr'>vero</span> <span class='ocrx_word' id='word_1_49' title='bbox 957 523 1033 562; x_wconf 87' lang='lat' dir='ltr'>jura</span> <span class='ocrx_word' id='word_1_50' title='bbox 1049 528 1161 553; x_wconf 86' lang='lat' dir='ltr'>nostra</span> <span class='ocrx_word' id='word_1_51' title='bbox 1177 528 1209 553; x_wconf 90' lang='lat' dir='ltr'>et</span> 
     </span>
     <span class='ocr_line' id='line_1_8' title="bbox 199 576 1207 615; baseline -0.003 -6"><span class='ocrx_word' id='word_1_52' title='bbox 199 578 346 609; x_wconf 66' lang='lat' dir='ltr'>Ecc102sie</span> <span class='ocrx_word' id='word_1_53' title='bbox 362 581 541 607; x_wconf 84' lang='lat' dir='ltr'>memorate</span> <span class='ocrx_word' id='word_1_54' title='bbox 567 576 734 613; x_wconf 60' lang='lat' dir='ltr'>negligere</span> <span class='ocrx_word' id='word_1_55' title='bbox 756 585 819 605; x_wconf 88' lang='lat' dir='ltr'>non</span> <span class='ocrx_word' id='word_1_56' title='bbox 837 576 1006 611; x_wconf 82' lang='lat' dir='ltr'>debemus,</span> <span class='ocrx_word' id='word_1_57' title='bbox 1025 577 1081 615; x_wconf 85' lang='lat' dir='ltr'>qui</span> <span class='ocrx_word' id='word_1_58' title='bbox 1097 586 1134 606; x_wconf 78' lang='lat' dir='ltr'>ex</span> <span class='ocrx_word' id='word_1_59' title='bbox 1156 577 1207 606; x_wconf 89' lang='lat' dir='ltr'>in-</span> 
     </span>
     <span class='ocr_line' id='line_1_9' title="bbox 195 629 1207 672; baseline -0.003 -10"><span class='ocrx_word' id='word_1_60' title='bbox 195 633 310 672; x_wconf 84' lang='lat' dir='ltr'>juncto</span> <span class='ocrx_word' id='word_1_61' title='bbox 328 630 422 660; x_wconf 80' lang='lat' dir='ltr'>nobis</span> <span class='ocrx_word' id='word_1_62' title='bbox 437 629 608 659; x_wconf 85' lang='lat' dir='ltr'>servitutis</span> <span class='ocrx_word' id='word_1_63' title='bbox 625 629 731 658; x_wconf 65' lang='lat' dir='ltr'>ollii-io</span> <span class='ocrx_word' id='word_1_64' title='bbox 747 629 892 667; x_wconf 67' lang='lat' dir='ltr'>deputati</span> <span class='ocrx_word' id='word_1_65' title='bbox 909 638 1023 658; x_wconf 86' lang='lat' dir='ltr'>sumus</span> <span class='ocrx_word' id='word_1_66' title='bbox 1037 630 1076 659; x_wconf 87' lang='lat' dir='ltr'>ad</span> <span class='ocrx_word' id='word_1_67' title='bbox 1093 630 1207 659; x_wconf 60' lang='lat' dir='ltr'>desen-</span> 
     </span>
     <span class='ocr_line' id='line_1_10' title="bbox 198 682 1207 722; baseline -0.002 -8"><span class='ocrx_word' id='word_1_68' title='bbox 198 685 325 715; x_wconf 85' lang='lat' dir='ltr'>sionem</span> <span class='ocrx_word' id='word_1_69' title='bbox 341 683 471 722; x_wconf 76' lang='lat' dir='ltr'>justitie</span> <span class='ocrx_word' id='word_1_70' title='bbox 492 682 633 712; x_wconf 86' lang='lat' dir='ltr'>aliorum</span> <span class='ocrx_word' id='word_1_71' title='bbox 659 692 716 711; x_wconf 73' lang='lat' dir='ltr'>nec</span> <span class='ocrx_word' id='word_1_72' title='bbox 738 682 960 720; x_wconf 68' lang='lat' dir='ltr'>equanimiter</span> <span class='ocrx_word' id='word_1_73' title='bbox 982 682 1121 712; x_wconf 87' lang='lat' dir='ltr'>tolerare</span> <span class='ocrx_word' id='word_1_74' title='bbox 1145 692 1207 721; x_wconf 81' lang='lat' dir='ltr'>que</span> 
     </span>
     <span class='ocr_line' id='line_1_11' title="bbox 198 735 1207 775; baseline -0.002 -9"><span class='ocrx_word' id='word_1_75' title='bbox 198 737 234 767; x_wconf 90' lang='lat' dir='ltr'>in</span> <span class='ocrx_word' id='word_1_76' title='bbox 253 736 429 775; x_wconf 77' lang='lat' dir='ltr'>apostolice</span> <span class='ocrx_word' id='word_1_77' title='bbox 447 735 542 765; x_wconf 77' lang='lat' dir='ltr'>sedis</span> <span class='ocrx_word' id='word_1_78' title='bbox 560 735 779 774; x_wconf 68' lang='lat' dir='ltr'>prejudicium</span> <span class='ocrx_word' id='word_1_79' title='bbox 802 739 1049 773; x_wconf 66' lang='lat' dir='ltr'>:atempta111111·,</span> <span class='ocrx_word' id='word_1_80' title='bbox 1072 735 1207 765; x_wconf 86' lang='lat' dir='ltr'>univer-</span> 
     </span>
     <span class='ocr_line' id='line_1_12' title="bbox 200 787 1207 825; baseline -0.001 -7"><span class='ocrx_word' id='word_1_81' title='bbox 200 790 333 819; x_wconf 77' lang='lat' dir='ltr'>sitatem</span> <span class='ocrx_word' id='word_1_82' title='bbox 358 793 501 818; x_wconf 80' lang='lat' dir='ltr'>vestram</span> <span class='ocrx_word' id='word_1_83' title='bbox 530 797 699 825; x_wconf 73' lang='lat' dir='ltr'>rogamus,</span> <span class='ocrx_word' id='word_1_84' title='bbox 722 796 895 817; x_wconf 70' lang='lat' dir='ltr'>monemus</span> <span class='ocrx_word' id='word_1_85' title='bbox 916 791 945 817; x_wconf 91' lang='lat' dir='ltr'>ct</span> <span class='ocrx_word' id='word_1_86' title='bbox 968 787 1140 817; x_wconf 83' lang='lat' dir='ltr'>hortamur</span> <span class='ocrx_word' id='word_1_87' title='bbox 1163 792 1207 817; x_wconf 86' lang='lat' dir='ltr'>at-</span> 
     </span>
     <span class='ocr_line' id='line_1_13' title="bbox 198 840 1207 879; baseline -0.001 -8"><span class='ocrx_word' id='word_1_88' title='bbox 198 846 298 877; x_wconf 72' lang='lat' dir='ltr'>tente,</span> <span class='ocrx_word' id='word_1_89' title='bbox 317 841 512 870; x_wconf 72' lang='lat' dir='ltr'>mandantes</span> <span class='ocrx_word' id='word_1_90' title='bbox 529 840 687 879; x_wconf 77' lang='lat' dir='ltr'>quatinus</span> <span class='ocrx_word' id='word_1_91' title='bbox 706 844 827 869; x_wconf 80' lang='lat' dir='ltr'>statuta</span> <span class='ocrx_word' id='word_1_92' title='bbox 847 840 1036 878; x_wconf 87' lang='lat' dir='ltr'>hujusmodi</span> <span class='ocrx_word' id='word_1_93' title='bbox 1056 840 1207 878; x_wconf 80' lang='lat' dir='ltr'>quamvis</span> 
     </span>
     <span class='ocr_line' id='line_1_14' title="bbox 195 892 1207 935; baseline -0.003 -10"><span class='ocrx_word' id='word_1_94' title='bbox 195 896 384 935; x_wconf 82' lang='lat' dir='ltr'>juramento</span> <span class='ocrx_word' id='word_1_95' title='bbox 416 895 545 923; x_wconf 83' lang='lat' dir='ltr'>firmata</span> <span class='ocrx_word' id='word_1_96' title='bbox 578 893 707 923; x_wconf 83' lang='lat' dir='ltr'>sublato</span> <span class='ocrx_word' id='word_1_97' title='bbox 741 892 911 922; x_wconf 70' lang='lat' dir='ltr'>dilationis</span> <span class='ocrx_word' id='word_1_98' title='bbox 943 896 973 922; x_wconf 87' lang='lat' dir='ltr'>et</span> <span class='ocrx_word' id='word_1_99' title='bbox 1003 892 1207 922; x_wconf 83' lang='lat' dir='ltr'>difficultatis</span> 
     </span>
     <span class='ocr_line' id='line_1_15' title="bbox 197 945 1208 984; baseline -0.004 -6"><span class='ocrx_word' id='word_1_100' title='bbox 197 947 367 978; x_wconf 77' lang='lat' dir='ltr'>obstaculo</span> <span class='ocrx_word' id='word_1_101' title='bbox 384 951 575 976; x_wconf 84' lang='lat' dir='ltr'>revocantes</span> <span class='ocrx_word' id='word_1_102' title='bbox 592 955 629 975; x_wconf 85' lang='lat' dir='ltr'>ac</span> <span class='ocrx_word' id='word_1_103' title='bbox 646 946 684 975; x_wconf 88' lang='lat' dir='ltr'>de</span> <span class='ocrx_word' id='word_1_104' title='bbox 700 950 785 975; x_wconf 83' lang='lat' dir='ltr'>terra</span> <span class='ocrx_word' id='word_1_105' title='bbox 804 945 950 983; x_wconf 74' lang='lat' dir='ltr'>predicta</span> <span class='ocrx_word' id='word_1_106' title='bbox 965 950 1160 984; x_wconf 81' lang='lat' dir='ltr'>potestatem</span> <span class='ocrx_word' id='word_1_107' title='bbox 1177 950 1208 975; x_wconf 90' lang='lat' dir='ltr'>et</span> 
     </span>
     <span class='ocr_line' id='line_1_16' title="bbox 197 999 1208 1037; baseline -0.002 -7"><span class='ocrx_word' id='word_1_108' title='bbox 197 1000 354 1030; x_wconf 83' lang='lat' dir='ltr'>officiales</span> <span class='ocrx_word' id='word_1_109' title='bbox 378 999 460 1029; x_wconf 85' lang='lat' dir='ltr'>alios</span> <span class='ocrx_word' id='word_1_110' title='bbox 485 1008 542 1037; x_wconf 84' lang='lat' dir='ltr'>per</span> <span class='ocrx_word' id='word_1_111' title='bbox 567 1008 623 1028; x_wconf 88' lang='lat' dir='ltr'>vos</span> <span class='ocrx_word' id='word_1_112' title='bbox 646 999 691 1027; x_wconf 84' lang='lat' dir='ltr'>ibi</span> <span class='ocrx_word' id='word_1_113' title='bbox 717 999 840 1036; x_wconf 87' lang='lat' dir='ltr'>positos</span> <span class='ocrx_word' id='word_1_114' title='bbox 861 1002 1050 1028; x_wconf 70' lang='lat' dir='ltr'>amoventes</span> <span class='ocrx_word' id='word_1_115' title='bbox 1072 999 1208 1028; x_wconf 89' lang='lat' dir='ltr'>omnino</span> 
     </span>
     <span class='ocr_line' id='line_1_17' title="bbox 198 1050 1208 1091; baseline -0.001 -9"><span class='ocrx_word' id='word_1_116' title='bbox 198 1062 235 1083; x_wconf 88' lang='lat' dir='ltr'>ac</span> <span class='ocrx_word' id='word_1_117' title='bbox 259 1052 483 1091; x_wconf 86' lang='lat' dir='ltr'>predictorum</span> <span class='ocrx_word' id='word_1_118' title='bbox 510 1051 681 1081; x_wconf 85' lang='lat' dir='ltr'>hominum</span> <span class='ocrx_word' id='word_1_119' title='bbox 706 1060 804 1089; x_wconf 78' lang='lat' dir='ltr'>super</span> <span class='ocrx_word' id='word_1_120' title='bbox 829 1051 1019 1090; x_wconf 86' lang='lat' dir='ltr'>hujusmodi</span> <span class='ocrx_word' id='word_1_121' title='bbox 1047 1050 1149 1080; x_wconf 85' lang='lat' dir='ltr'>talliis</span> <span class='ocrx_word' id='word_1_122' title='bbox 1177 1055 1208 1081; x_wconf 85' lang='lat' dir='ltr'>et</span> 
     </span>
     <span class='ocr_line' id='line_1_18' title="bbox 197 1103 1208 1143; baseline -0.003 -7"><span class='ocrx_word' id='word_1_123' title='bbox 197 1105 344 1137; x_wconf 75' lang='lat' dir='ltr'>collectis</span> <span class='ocrx_word' id='word_1_124' title='bbox 361 1114 397 1134; x_wconf 84' lang='lat' dir='ltr'>ac</span> <span class='ocrx_word' id='word_1_125' title='bbox 420 1104 496 1134; x_wconf 89' lang='lat' dir='ltr'>aliis</span> <span class='ocrx_word' id='word_1_126' title='bbox 519 1105 783 1143; x_wconf 75' lang='lat' dir='ltr'>sptilmscutnque</span> <span class='ocrx_word' id='word_1_127' title='bbox 805 1103 1055 1141; x_wconf 69' lang='lat' dir='ltr'>gravaminibus</span> <span class='ocrx_word' id='word_1_128' title='bbox 1074 1104 1208 1142; x_wconf 84' lang='lat' dir='ltr'>inquie-</span> 
     </span>
     <span class='ocr_line' id='line_1_19' title="bbox 196 1157 1207 1195; baseline -0.001 -8"><span class='ocrx_word' id='word_1_129' title='bbox 196 1158 321 1188; x_wconf 83' lang='lat' dir='ltr'>tatione</span> <span class='ocrx_word' id='word_1_130' title='bbox 338 1157 491 1192; x_wconf 64' lang='lat' dir='ltr'>cessetis,</span> <span class='ocrx_word' id='word_1_131' title='bbox 513 1166 572 1187; x_wconf 79' lang='lat' dir='ltr'>nce</span> <span class='ocrx_word' id='word_1_132' title='bbox 593 1157 631 1186; x_wconf 88' lang='lat' dir='ltr'>de</span> <span class='ocrx_word' id='word_1_133' title='bbox 655 1157 863 1186; x_wconf 88' lang='lat' dir='ltr'>ordinatione</span> <span class='ocrx_word' id='word_1_134' title='bbox 887 1161 972 1186; x_wconf 87' lang='lat' dir='ltr'>terre</span> <span class='ocrx_word' id='word_1_135' title='bbox 988 1157 1134 1195; x_wconf 86' lang='lat' dir='ltr'>predicte</span> <span class='ocrx_word' id='word_1_136' title='bbox 1150 1165 1207 1186; x_wconf 86' lang='lat' dir='ltr'>vos</span> 
     </span>
     <span class='ocr_line' id='line_1_20' title="bbox 197 1209 1207 1247; baseline -0.001 -7"><span class='ocrx_word' id='word_1_137' title='bbox 197 1210 237 1240; x_wconf 90' lang='lat' dir='ltr'>de</span> <span class='ocrx_word' id='word_1_138' title='bbox 251 1215 357 1239; x_wconf 82' lang='lat' dir='ltr'>cetero</span> <span class='ocrx_word' id='word_1_139' title='bbox 372 1209 593 1239; x_wconf 87' lang='lat' dir='ltr'>intromittere</span> <span class='ocrx_word' id='word_1_140' title='bbox 607 1209 818 1247; x_wconf 70' lang='lat' dir='ltr'>presumatis,</span> <span class='ocrx_word' id='word_1_141' title='bbox 833 1213 888 1238; x_wconf 83' lang='lat' dir='ltr'>aut</span> <span class='ocrx_word' id='word_1_142' title='bbox 899 1210 1043 1247; x_wconf 87' lang='lat' dir='ltr'>prefatos</span> <span class='ocrx_word' id='word_1_143' title='bbox 1056 1210 1207 1239; x_wconf 86' lang='lat' dir='ltr'>homines</span> 
     </span>
     <span class='ocr_line' id='line_1_21' title="bbox 197 1261 1207 1301; baseline -0.001 -8"><span class='ocrx_word' id='word_1_144' title='bbox 197 1272 296 1300; x_wconf 82' lang='lat' dir='ltr'>super</span> <span class='ocrx_word' id='word_1_145' title='bbox 313 1261 486 1300; x_wconf 81' lang='lat' dir='ltr'>premissis</span> <span class='ocrx_word' id='word_1_146' title='bbox 507 1261 718 1300; x_wconf 79' lang='lat' dir='ltr'>aliquatenus</span> <span class='ocrx_word' id='word_1_147' title='bbox 743 1261 930 1291; x_wconf 80' lang='lat' dir='ltr'>molestare.</span> <span class='ocrx_word' id='word_1_148' title='bbox 954 1262 1113 1301; x_wconf 83' lang='lat' dir='ltr'>Alioquin</span> <span class='ocrx_word' id='word_1_149' title='bbox 1133 1272 1207 1292; x_wconf 87' lang='lat' dir='ltr'>cum</span> 
     </span>
     <span class='ocr_line' id='line_1_22' title="bbox 198 1314 1208 1352; baseline 0.001 -8"><span class='ocrx_word' id='word_1_150' title='bbox 198 1324 263 1345; x_wconf 88' lang='lat' dir='ltr'>nou</span> <span class='ocrx_word' id='word_1_151' title='bbox 283 1314 433 1352; x_wconf 81' lang='lat' dir='ltr'>expediat</span> <span class='ocrx_word' id='word_1_152' title='bbox 455 1314 573 1344; x_wconf 89' lang='lat' dir='ltr'>salutis</span> <span class='ocrx_word' id='word_1_153' title='bbox 590 1318 696 1344; x_wconf 80' lang='lat' dir='ltr'>vestre</span> <span class='ocrx_word' id='word_1_154' title='bbox 715 1314 918 1352; x_wconf 80' lang='lat' dir='ltr'>profectibus</span> <span class='ocrx_word' id='word_1_155' title='bbox 935 1314 986 1344; x_wconf 89' lang='lat' dir='ltr'>vel</span> <span class='ocrx_word' id='word_1_156' title='bbox 1000 1314 1137 1345; x_wconf 86' lang='lat' dir='ltr'>honoris</span> <span class='ocrx_word' id='word_1_157' title='bbox 1154 1324 1208 1345; x_wconf 85' lang='lat' dir='ltr'>oc-</span> 
     </span>
     <span class='ocr_line' id='line_1_23' title="bbox 197 1366 1208 1406; baseline -0.001 -8"><span class='ocrx_word' id='word_1_158' title='bbox 197 1376 317 1406; x_wconf 83' lang='lat' dir='ltr'>cupare</span> <span class='ocrx_word' id='word_1_159' title='bbox 345 1367 455 1396; x_wconf 88' lang='lat' dir='ltr'>aliena</span> <span class='ocrx_word' id='word_1_160' title='bbox 481 1366 533 1396; x_wconf 76' lang='lat' dir='ltr'>vel</span> <span class='ocrx_word' id='word_1_161' title='bbox 562 1366 711 1396; x_wconf 85' lang='lat' dir='ltr'>detinere</span> <span class='ocrx_word' id='word_1_162' title='bbox 736 1370 858 1396; x_wconf 88' lang='lat' dir='ltr'>temere</span> <span class='ocrx_word' id='word_1_163' title='bbox 885 1371 1060 1405; x_wconf 87' lang='lat' dir='ltr'>occupata,</span> <span class='ocrx_word' id='word_1_164' title='bbox 1089 1367 1208 1397; x_wconf 87' lang='lat' dir='ltr'>dilecto</span> 
     </span>
     <span class='ocr_line' id='line_1_24' title="bbox 197 1419 1209 1457; baseline 0 -6"><span class='ocrx_word' id='word_1_165' title='bbox 197 1421 266 1451; x_wconf 88' lang='lat' dir='ltr'>filio</span> <span class='ocrx_word' id='word_1_166' title='bbox 287 1420 431 1450; x_wconf 79' lang='lat' dir='ltr'>Guitloni</span> <span class='ocrx_word' id='word_1_167' title='bbox 456 1419 495 1449; x_wconf 88' lang='lat' dir='ltr'>de</span> <span class='ocrx_word' id='word_1_168' title='bbox 522 1419 659 1454; x_wconf 86' lang='lat' dir='ltr'>Baesio,</span> <span class='ocrx_word' id='word_1_169' title='bbox 686 1419 856 1457; x_wconf 69' lang='lat' dir='ltr'>capellano</span> <span class='ocrx_word' id='word_1_170' title='bbox 878 1419 990 1449; x_wconf 84' lang='lat' dir='ltr'>dilecti</span> <span class='ocrx_word' id='word_1_171' title='bbox 1014 1420 1076 1449; x_wconf 84' lang='lat' dir='ltr'>filii</span> <span class='ocrx_word' id='word_1_172' title='bbox 1103 1421 1209 1451; x_wconf 84' lang='lat' dir='ltr'>nostri</span> 
     </span>
     <span class='ocr_line' id='line_1_25' title="bbox 196 1472 1208 1511; baseline -0.001 -7"><span class='ocrx_word' id='word_1_173' title='bbox 196 1475 234 1505; x_wconf 91' lang='lat' dir='ltr'>O.</span> <span class='ocrx_word' id='word_1_174' title='bbox 254 1477 365 1503; x_wconf 83' lang='lat' dir='ltr'>sancte</span> <span class='ocrx_word' id='word_1_175' title='bbox 383 1472 486 1502; x_wconf 90' lang='lat' dir='ltr'>Marie</span> <span class='ocrx_word' id='word_1_176' title='bbox 502 1472 537 1501; x_wconf 90' lang='lat' dir='ltr'>in</span> <span class='ocrx_word' id='word_1_177' title='bbox 555 1472 618 1503; x_wconf 76' lang='lat' dir='ltr'>Via</span> <span class='ocrx_word' id='word_1_178' title='bbox 635 1472 701 1502; x_wconf 86' lang='lat' dir='ltr'>lata</span> <span class='ocrx_word' id='word_1_179' title='bbox 719 1472 850 1501; x_wconf 87' lang='lat' dir='ltr'>diaconi</span> <span class='ocrx_word' id='word_1_180' title='bbox 867 1472 1062 1508; x_wconf 70' lang='lat' dir='ltr'>cardinalis,</span> <span class='ocrx_word' id='word_1_181' title='bbox 1079 1482 1137 1511; x_wconf 85' lang='lat' dir='ltr'>per</span> <span class='ocrx_word' id='word_1_182' title='bbox 1152 1473 1208 1503; x_wconf 86' lang='lat' dir='ltr'>lit—</span> 
     </span>
     <span class='ocr_line' id='line_1_26' title="bbox 197 1525 1208 1565; baseline 0 -9"><span class='ocrx_word' id='word_1_183' title='bbox 197 1531 285 1557; x_wconf 85' lang='lat' dir='ltr'>teras</span> <span class='ocrx_word' id='word_1_184' title='bbox 313 1529 443 1556; x_wconf 83' lang='lat' dir='ltr'>nostras</span> <span class='ocrx_word' id='word_1_185' title='bbox 470 1525 678 1564; x_wconf 81' lang='lat' dir='ltr'>injungimus</span> <span class='ocrx_word' id='word_1_186' title='bbox 704 1529 739 1555; x_wconf 89' lang='lat' dir='ltr'>ut</span> <span class='ocrx_word' id='word_1_187' title='bbox 766 1535 823 1555; x_wconf 81' lang='lat' dir='ltr'>vos</span> <span class='ocrx_word' id='word_1_188' title='bbox 849 1525 889 1555; x_wconf 79' lang='lat' dir='ltr'>ab</span> <span class='ocrx_word' id='word_1_189' title='bbox 915 1525 1107 1565; x_wconf 81' lang='lat' dir='ltr'>hujusmodi</span> <span class='ocrx_word' id='word_1_190' title='bbox 1134 1536 1208 1565; x_wconf 89' lang='lat' dir='ltr'>pre-</span> 
     </span>
     <span class='ocr_line' id='line_1_27' title="bbox 198 1577 1209 1616; baseline -0.001 -7"><span class='ocrx_word' id='word_1_191' title='bbox 198 1579 385 1616; x_wconf 81' lang='lat' dir='ltr'>sumptione</span> <span class='ocrx_word' id='word_1_192' title='bbox 405 1577 588 1607; x_wconf 88' lang='lat' dir='ltr'>monitione</span> <span class='ocrx_word' id='word_1_193' title='bbox 608 1578 816 1616; x_wconf 88' lang='lat' dir='ltr'>presentium</span> <span class='ocrx_word' id='word_1_194' title='bbox 830 1587 889 1616; x_wconf 90' lang='lat' dir='ltr'>per</span> <span class='ocrx_word' id='word_1_195' title='bbox 907 1587 1082 1608; x_wconf 82' lang='lat' dir='ltr'>censuram</span> <span class='ocrx_word' id='word_1_196' title='bbox 1104 1579 1209 1609; x_wconf 84' lang='lat' dir='ltr'>ecele-</span> 
     </span>
     <span class='ocr_line' id='line_1_28' title="bbox 198 1630 1206 1670; baseline 0 -9"><span class='ocrx_word' id='word_1_197' title='bbox 198 1631 378 1665; x_wconf 71' lang='lat' dir='ltr'>siasticam,</span> <span class='ocrx_word' id='word_1_198' title='bbox 391 1630 610 1669; x_wconf 83' lang='lat' dir='ltr'>appellatione</span> <span class='ocrx_word' id='word_1_199' title='bbox 624 1630 956 1669; x_wconf 54' lang='lat' dir='ltr'>remotascompellat.</span> <span class='ocrx_word' id='word_1_200' title='bbox 969 1632 1043 1660; x_wconf 82' lang='lat' dir='ltr'>Dat.</span> <span class='ocrx_word' id='word_1_201' title='bbox 1056 1631 1206 1670; x_wconf 82' lang='lat' dir='ltr'>Neapoli,</span> 
     </span>
     <span class='ocr_line' id='line_1_29' title="bbox 196 1683 848 1722; baseline -0.005 -8"><span class='ocrx_word' id='word_1_202' title='bbox 196 1684 263 1714; x_wconf 91' lang='lat' dir='ltr'>XII</span> <span class='ocrx_word' id='word_1_203' title='bbox 278 1683 437 1714; x_wconf 80' lang='lat' dir='ltr'>kalendas</span> <span class='ocrx_word' id='word_1_204' title='bbox 454 1683 577 1718; x_wconf 77' lang='lat' dir='ltr'>martii,</span> <span class='ocrx_word' id='word_1_205' title='bbox 595 1692 682 1713; x_wconf 91' lang='lat' dir='ltr'>anno</span> <span class='ocrx_word' id='word_1_206' title='bbox 697 1683 815 1722; x_wconf 88' lang='lat' dir='ltr'>primo.</span> <span class='ocrx_word' id='word_1_207' title='bbox 834 1695 848 1710; x_wconf 89' lang='lat'>»</span> 
     </span>
    </p>
   </div>
   <div class='ocr_carea' id='block_1_3' title="bbox 274 1841 363 1869">
    <p class='ocr_par' dir='ltr' id='par_1_3' title="bbox 274 1841 363 1869">
     <span class='ocr_line' id='line_1_30' title="bbox 274 1841 363 1869; baseline -0.011 0"><span class='ocrx_word' id='word_1_208' title='bbox 274 1841 363 1869; x_wconf 76' lang='lat'>155</span> 
     </span>
    </p>
   </div>
   <div class='ocr_carea' id='block_1_4' title="bbox 197 1903 1209 1986">
    <p class='ocr_par' dir='ltr' id='par_1_4' title="bbox 197 1903 1209 1986">
     <span class='ocr_line' id='line_1_31' title="bbox 234 1903 1209 1938; baseline 0.001 -8"><span class='ocrx_word' id='word_1_209' title='bbox 234 1903 358 1937; x_wconf 83' lang='lat' dir='ltr'>Reginis</span> <span class='ocrx_word' id='word_1_210' title='bbox 380 1903 508 1932; x_wconf 85' lang='lat' dir='ltr'>mandat.</span> <span class='ocrx_word' id='word_1_211' title='bbox 528 1905 558 1929; x_wconf 85' lang='lat' dir='ltr'>ut</span> <span class='ocrx_word' id='word_1_212' title='bbox 578 1903 708 1930; x_wconf 85' lang='lat' dir='ltr'>eamdem</span> <span class='ocrx_word' id='word_1_213' title='bbox 730 1906 835 1930; x_wconf 83' lang='lat' dir='ltr'>terram</span> <span class='ocrx_word' id='word_1_214' title='bbox 856 1903 1054 1938; x_wconf 80' lang='lat' dir='ltr'>Pigugnagiae</span> <span class='ocrx_word' id='word_1_215' title='bbox 1075 1913 1129 1931; x_wconf 89' lang='lat' dir='ltr'>non</span> <span class='ocrx_word' id='word_1_216' title='bbox 1148 1913 1209 1931; x_wconf 90' lang='lat' dir='ltr'>mo-</span> 
     </span>
     <span class='ocr_line' id='line_1_32' title="bbox 197 1951 734 1986; baseline 0.002 -8"><span class='ocrx_word' id='word_1_217' title='bbox 197 1952 312 1979; x_wconf 26' lang='lat' dir='ltr'>lestent*</span> <span class='ocrx_word' id='word_1_218' title='bbox 327 1952 411 1986; x_wconf 74' lang='lat' dir='ltr'>(Rea.</span> <span class='ocrx_word' id='word_1_219' title='bbox 427 1952 471 1986; x_wconf 66' lang='lat'>⁶24,</span> <span class='ocrx_word' id='word_1_220' title='bbox 489 1960 514 1978; x_wconf 93' lang='lat' dir='ltr'>c.</span> <span class='ocrx_word' id='word_1_221' title='bbox 534 1951 607 1985; x_wconf 73' lang='lat'>139²,</span> <span class='ocrx_word' id='word_1_222' title='bbox 625 1952 642 1978; x_wconf 86' lang='lat' dir='ltr'>f.</span> <span class='ocrx_word' id='word_1_223' title='bbox 663 1951 734 1986; x_wconf 81' lang='lat' dir='ltr'>17v.)</span> 
     </span>
    </p>
   </div>
   <div class='ocr_carea' id='block_1_5' title="bbox 752 1841 1135 1876">
    <p class='ocr_par' dir='ltr' id='par_1_5' title="bbox 752 1841 1135 1876">
     <span class='ocr_line' id='line_1_33' title="bbox 752 1841 1135 1876; baseline 0.005 -9"><span class='ocrx_word' id='word_1_224' title='bbox 752 1841 869 1876; x_wconf 87' lang='lat' dir='ltr'>Naples‚</span> <span class='ocrx_word' id='word_1_225' title='bbox 887 1842 921 1868; x_wconf 80' lang='lat'>‘20</span> <span class='ocrx_word' id='word_1_226' title='bbox 938 1842 1041 1868; x_wconf 70' lang='lat' dir='ltr'>fevi-ier</span> <span class='ocrx_word' id='word_1_227' title='bbox 1057 1842 1135 1869; x_wconf 72' lang='lat'>1255.</span> 
     </span>
    </p>
   </div>
   <div class='ocr_carea' id='block_1_6' title="bbox 197 2054 1211 2887">
    <p class='ocr_par' dir='ltr' id='par_1_6' title="bbox 197 2054 1211 2887">
     <span class='ocr_line' id='line_1_34' title="bbox 239 2054 1209 2091; baseline 0.005 -11"><span class='ocrx_word' id='word_1_228' title='bbox 239 2066 252 2080; x_wconf 65' lang='grc' dir='ltr'>ι(</span> <span class='ocrx_word' id='word_1_229' title='bbox 321 2054 478 2090; x_wconf 71' lang='lat' dir='ltr'>potestati,</span> <span class='ocrx_word' id='word_1_230' title='bbox 496 2054 623 2082; x_wconf 77' lang='lat' dir='ltr'>consilio</span> <span class='ocrx_word' id='word_1_231' title='bbox 638 2058 663 2082; x_wconf 78' lang='lat' dir='ltr'>et</span> <span class='ocrx_word' id='word_1_232' title='bbox 680 2055 839 2083; x_wconf 78' lang='lat' dir='ltr'>communi</span> <span class='ocrx_word' id='word_1_233' title='bbox 854 2055 985 2091; x_wconf 63' lang='lat' dir='ltr'>Reginis.</span> <span class='ocrx_word' id='word_1_234' title='bbox 1003 2055 1054 2084; x_wconf 86' lang='lat' dir='ltr'>Ad</span> <span class='ocrx_word' id='word_1_235' title='bbox 1070 2055 1209 2085; x_wconf 88' lang='lat' dir='ltr'>audien-</span> 
     </span>
     <span class='ocr_line' id='line_1_35' title="bbox 198 2104 1209 2145; baseline 0.002 -10"><span class='ocrx_word' id='word_1_236' title='bbox 198 2105 278 2135; x_wconf 86' lang='lat' dir='ltr'>tiam</span> <span class='ocrx_word' id='word_1_237' title='bbox 299 2109 446 2135; x_wconf 84' lang='lat' dir='ltr'>nostram</span> <span class='ocrx_word' id='word_1_238' title='bbox 466 2104 662 2135; x_wconf 85' lang='lat' dir='ltr'>dilectorum</span> <span class='ocrx_word' id='word_1_239' title='bbox 684 2105 829 2135; x_wconf 87' lang='lat' dir='ltr'>filiorum</span> <span class='ocrx_word' id='word_1_240' title='bbox 851 2106 1025 2136; x_wconf 87' lang='lat' dir='ltr'>hominum</span> <span class='ocrx_word' id='word_1_241' title='bbox 1047 2107 1086 2137; x_wconf 93' lang='lat' dir='ltr'>de</span> <span class='ocrx_word' id='word_1_242' title='bbox 1106 2108 1209 2145; x_wconf 83' lang='lat' dir='ltr'>Pigu-</span> 
     </span>
     <span class='ocr_line' id='line_1_36' title="bbox 197 2157 1209 2198; baseline 0.004 -12"><span class='ocrx_word' id='word_1_243' title='bbox 197 2158 335 2196; x_wconf 70' lang='lat' dir='ltr'>gnagia,</span> <span class='ocrx_word' id='word_1_244' title='bbox 354 2158 480 2195; x_wconf 72' lang='lat' dir='ltr'>Regine</span> <span class='ocrx_word' id='word_1_245' title='bbox 500 2157 658 2193; x_wconf 80' lang='lat' dir='ltr'>diocesis,</span> <span class='ocrx_word' id='word_1_246' title='bbox 677 2158 812 2196; x_wconf 82' lang='lat' dir='ltr'>querela</span> <span class='ocrx_word' id='word_1_247' title='bbox 828 2159 992 2197; x_wconf 78' lang='lat' dir='ltr'>pervenit,</span> <span class='ocrx_word' id='word_1_248' title='bbox 1013 2160 1116 2198; x_wconf 81' lang='lat' dir='ltr'>quod,</span> <span class='ocrx_word' id='word_1_249' title='bbox 1135 2169 1209 2190; x_wconf 93' lang='lat' dir='ltr'>cum</span> 
     </span>
     <span class='ocr_line' id='line_1_37' title="bbox 198 2210 1209 2248; baseline 0.004 -9"><span class='ocrx_word' id='word_1_250' title='bbox 198 2214 320 2240; x_wconf 87' lang='lat' dir='ltr'>terram</span> <span class='ocrx_word' id='word_1_251' title='bbox 340 2210 446 2248; x_wconf 84' lang='lat' dir='ltr'>ipsam</span> <span class='ocrx_word' id='word_1_252' title='bbox 463 2210 503 2240; x_wconf 88' lang='lat' dir='ltr'>ad</span> <span class='ocrx_word' id='word_1_253' title='bbox 523 2211 706 2240; x_wconf 86' lang='lat' dir='ltr'>Romanam</span> <span class='ocrx_word' id='word_1_254' title='bbox 725 2211 908 2241; x_wconf 83' lang='lat' dir='ltr'>Ecclesiam</span> <span class='ocrx_word' id='word_1_255' title='bbox 931 2221 994 2242; x_wconf 91' lang='lat' dir='ltr'>non</span> <span class='ocrx_word' id='word_1_256' title='bbox 1010 2213 1053 2242; x_wconf 86' lang='lat' dir='ltr'>sit</span> <span class='ocrx_word' id='word_1_257' title='bbox 1071 2213 1209 2243; x_wconf 89' lang='lat' dir='ltr'>dubium</span> 
     </span>
     <span class='ocr_line' id='line_1_38' title="bbox 198 2262 1209 2302; baseline 0.004 -10"><span class='ocrx_word' id='word_1_258' title='bbox 198 2262 418 2302; x_wconf 83' lang='lat' dir='ltr'>spiritualiter</span> <span class='ocrx_word' id='word_1_259' title='bbox 431 2267 461 2292; x_wconf 88' lang='lat' dir='ltr'>et</span> <span class='ocrx_word' id='word_1_260' title='bbox 476 2263 701 2301; x_wconf 82' lang='lat' dir='ltr'>temporaliter</span> <span class='ocrx_word' id='word_1_261' title='bbox 713 2264 892 2301; x_wconf 84' lang='lat' dir='ltr'>pertinere,</span> <span class='ocrx_word' id='word_1_262' title='bbox 905 2274 963 2295; x_wconf 77' lang='lat' dir='ltr'>vos</span> <span class='ocrx_word' id='word_1_263' title='bbox 975 2266 1015 2295; x_wconf 85' lang='lat' dir='ltr'>ad</span> <span class='ocrx_word' id='word_1_264' title='bbox 1027 2266 1209 2296; x_wconf 84' lang='lat' dir='ltr'>Ecclesiam</span> 
     </span>
     <span class='ocr_line' id='line_1_39' title="bbox 197 2315 1209 2358; baseline 0.004 -13"><span class='ocrx_word' id='word_1_265' title='bbox 197 2315 304 2354; x_wconf 86' lang='lat' dir='ltr'>ipsam</span> <span class='ocrx_word' id='word_1_266' title='bbox 321 2315 469 2345; x_wconf 85' lang='lat' dir='ltr'>debitum</span> <span class='ocrx_word' id='word_1_267' title='bbox 486 2324 551 2345; x_wconf 92' lang='lat' dir='ltr'>non</span> <span class='ocrx_word' id='word_1_268' title='bbox 568 2315 729 2346; x_wconf 85' lang='lat' dir='ltr'>habentes</span> <span class='ocrx_word' id='word_1_269' title='bbox 745 2321 932 2354; x_wconf 86' lang='lat' dir='ltr'>respectum</span> <span class='ocrx_word' id='word_1_270' title='bbox 947 2317 1140 2349; x_wconf 88' lang='lat' dir='ltr'>hominibus</span> <span class='ocrx_word' id='word_1_271' title='bbox 1158 2319 1209 2358; x_wconf 91' lang='lat' dir='ltr'>ip-</span> 
     </span>
     <span class='ocr_line' id='line_1_40' title="bbox 199 2367 1210 2409; baseline 0.005 -12"><span class='ocrx_word' id='word_1_272' title='bbox 199 2368 245 2398; x_wconf 89' lang='lat' dir='ltr'>sis</span> <span class='ocrx_word' id='word_1_273' title='bbox 269 2367 377 2397; x_wconf 79' lang='lat' dir='ltr'>tallias</span> <span class='ocrx_word' id='word_1_274' title='bbox 400 2377 458 2405; x_wconf 88' lang='lat' dir='ltr'>pro</span> <span class='ocrx_word' id='word_1_275' title='bbox 484 2372 592 2397; x_wconf 89' lang='lat' dir='ltr'>vestre</span> <span class='ocrx_word' id='word_1_276' title='bbox 616 2368 796 2399; x_wconf 84' lang='lat' dir='ltr'>voluntatis</span> <span class='ocrx_word' id='word_1_277' title='bbox 823 2370 959 2400; x_wconf 84' lang='lat' dir='ltr'>arbitrio</span> <span class='ocrx_word' id='word_1_278' title='bbox 984 2371 1155 2409; x_wconf 85' lang='lat' dir='ltr'>imponitis</span> <span class='ocrx_word' id='word_1_279' title='bbox 1178 2376 1210 2403; x_wconf 89' lang='lat' dir='ltr'>et</span> 
     </span>
     <span class='ocr_line' id='line_1_41' title="bbox 199 2420 1210 2461; baseline 0.005 -11"><span class='ocrx_word' id='word_1_280' title='bbox 199 2420 352 2450; x_wconf 84' lang='lat' dir='ltr'>collectas</span> <span class='ocrx_word' id='word_1_281' title='bbox 367 2429 488 2458; x_wconf 82' lang='lat' dir='ltr'>cosque</span> <span class='ocrx_word' id='word_1_282' title='bbox 505 2429 603 2458; x_wconf 88' lang='lat' dir='ltr'>super</span> <span class='ocrx_word' id='word_1_283' title='bbox 619 2420 685 2450; x_wconf 91' lang='lat' dir='ltr'>hiis</span> <span class='ocrx_word' id='word_1_284' title='bbox 702 2425 733 2450; x_wconf 85' lang='lat' dir='ltr'>et</span> <span class='ocrx_word' id='word_1_285' title='bbox 749 2421 824 2451; x_wconf 85' lang='lat' dir='ltr'>aliis</span> <span class='ocrx_word' id='word_1_286' title='bbox 844 2422 1074 2461; x_wconf 84' lang='lat' dir='ltr'>multipliciter</span> <span class='ocrx_word' id='word_1_287' title='bbox 1088 2425 1210 2455; x_wconf 87' lang='lat' dir='ltr'>moles-</span> 
     </span>
     <span class='ocr_line' id='line_1_42' title="bbox 199 2472 1210 2513; baseline 0.008 -12"><span class='ocrx_word' id='word_1_288' title='bbox 199 2472 288 2502; x_wconf 86' lang='lat' dir='ltr'>tatis.</span> <span class='ocrx_word' id='word_1_289' title='bbox 315 2473 482 2509; x_wconf 74' lang='lat' dir='ltr'>Rogamus</span> <span class='ocrx_word' id='word_1_290' title='bbox 504 2473 616 2511; x_wconf 85' lang='lat' dir='ltr'>itaque</span> <span class='ocrx_word' id='word_1_291' title='bbox 640 2473 895 2504; x_wconf 76' lang='lat' dir='ltr'>universitatem</span> <span class='ocrx_word' id='word_1_292' title='bbox 914 2480 1075 2513; x_wconf 80' lang='lat' dir='ltr'>vestram,</span> <span class='ocrx_word' id='word_1_293' title='bbox 1095 2487 1210 2509; x_wconf 89' lang='lat' dir='ltr'>mone-</span> 
     </span>
     <span class='ocr_line' id='line_1_43' title="bbox 198 2524 1210 2566; baseline 0.008 -12"><span class='ocrx_word' id='word_1_294' title='bbox 198 2533 273 2555; x_wconf 86' lang='lat' dir='ltr'>mus</span> <span class='ocrx_word' id='word_1_295' title='bbox 289 2528 321 2554; x_wconf 84' lang='lat' dir='ltr'>et</span> <span class='ocrx_word' id='word_1_296' title='bbox 336 2524 507 2554; x_wconf 87' lang='lat' dir='ltr'>hortamur</span> <span class='ocrx_word' id='word_1_297' title='bbox 521 2530 656 2557; x_wconf 82' lang='lat' dir='ltr'>attente.</span> <span class='ocrx_word' id='word_1_298' title='bbox 675 2527 870 2557; x_wconf 86' lang='lat' dir='ltr'>mandantes</span> <span class='ocrx_word' id='word_1_299' title='bbox 884 2529 1042 2566; x_wconf 87' lang='lat' dir='ltr'>quatinus</span> <span class='ocrx_word' id='word_1_300' title='bbox 1058 2531 1098 2560; x_wconf 88' lang='lat' dir='ltr'>ob</span> <span class='ocrx_word' id='word_1_301' title='bbox 1116 2541 1210 2562; x_wconf 88' lang='lat' dir='ltr'>reve-</span> 
     </span>
     <span class='ocr_line' id='line_1_44' title="bbox 198 2577 1210 2620; baseline 0.008 -14"><span class='ocrx_word' id='word_1_302' title='bbox 198 2577 342 2607; x_wconf 80' lang='lat' dir='ltr'>rentiam</span> <span class='ocrx_word' id='word_1_303' title='bbox 371 2577 548 2616; x_wconf 79' lang='lat' dir='ltr'>apostolice</span> <span class='ocrx_word' id='word_1_304' title='bbox 580 2579 676 2608; x_wconf 84' lang='lat' dir='ltr'>Sedis</span> <span class='ocrx_word' id='word_1_305' title='bbox 708 2583 738 2609; x_wconf 88' lang='lat' dir='ltr'>et</span> <span class='ocrx_word' id='word_1_306' title='bbox 768 2584 915 2610; x_wconf 87' lang='lat' dir='ltr'>nostram</span> <span class='ocrx_word' id='word_1_307' title='bbox 942 2590 960 2611; x_wconf 89' lang='lat' dir='ltr'>a</span> <span class='ocrx_word' id='word_1_308' title='bbox 987 2583 1210 2620; x_wconf 87' lang='lat' dir='ltr'>predictorum</span> 
     </span>
     <span class='ocr_line' id='line_1_45' title="bbox 198 2630 1211 2673; baseline 0.007 -13"><span class='ocrx_word' id='word_1_309' title='bbox 198 2630 374 2660; x_wconf 90' lang='lat' dir='ltr'>hominum</span> <span class='ocrx_word' id='word_1_310' title='bbox 398 2630 641 2668; x_wconf 81' lang='lat' dir='ltr'>inquietatione</span> <span class='ocrx_word' id='word_1_311' title='bbox 666 2636 850 2669; x_wconf 81' lang='lat' dir='ltr'>cessantes,</span> <span class='ocrx_word' id='word_1_312' title='bbox 874 2642 929 2663; x_wconf 89' lang='lat' dir='ltr'>eos</span> <span class='ocrx_word' id='word_1_313' title='bbox 952 2644 1050 2673; x_wconf 89' lang='lat' dir='ltr'>super</span> <span class='ocrx_word' id='word_1_314' title='bbox 1069 2636 1136 2666; x_wconf 86' lang='lat' dir='ltr'>hiis</span> <span class='ocrx_word' id='word_1_315' title='bbox 1158 2637 1211 2667; x_wconf 84' lang='lat' dir='ltr'>vel</span> 
     </span>
     <span class='ocr_line' id='line_1_46' title="bbox 199 2682 1211 2726; baseline 0.007 -13"><span class='ocrx_word' id='word_1_316' title='bbox 199 2682 276 2713; x_wconf 84' lang='lat' dir='ltr'>aliis</span> <span class='ocrx_word' id='word_1_317' title='bbox 293 2683 331 2712; x_wconf 89' lang='lat' dir='ltr'>de</span> <span class='ocrx_word' id='word_1_318' title='bbox 350 2687 458 2713; x_wconf 90' lang='lat' dir='ltr'>cetero</span> <span class='ocrx_word' id='word_1_319' title='bbox 483 2683 674 2714; x_wconf 89' lang='lat' dir='ltr'>nullatenus</span> <span class='ocrx_word' id='word_1_320' title='bbox 690 2684 873 2716; x_wconf 88' lang='lat' dir='ltr'>molestetis</span> <span class='ocrx_word' id='word_1_321' title='bbox 891 2696 898 2715; x_wconf 78' lang='lat' dir='ltr'><em>z</em></span> <span class='ocrx_word' id='word_1_322' title='bbox 918 2687 1066 2726; x_wconf 87' lang='lat' dir='ltr'>alioquin</span> <span class='ocrx_word' id='word_1_323' title='bbox 1091 2689 1211 2720; x_wconf 86' lang='lat' dir='ltr'>dilecto</span> 
     </span>
     <span class='ocr_line' id='line_1_47' title="bbox 199 2735 1211 2776; baseline 0.009 -12"><span class='ocrx_word' id='word_1_324' title='bbox 199 2735 268 2765; x_wconf 91' lang='lat' dir='ltr'>filio</span> <span class='ocrx_word' id='word_1_325' title='bbox 292 2735 437 2765; x_wconf 86' lang='lat' dir='ltr'>Gnidoni</span> <span class='ocrx_word' id='word_1_326' title='bbox 461 2735 500 2765; x_wconf 86' lang='lat' dir='ltr'>de</span> <span class='ocrx_word' id='word_1_327' title='bbox 525 2737 666 2775; x_wconf 66' lang='lat' dir='ltr'>Baysio7</span> <span class='ocrx_word' id='word_1_328' title='bbox 690 2738 860 2776; x_wconf 88' lang='lat' dir='ltr'>capellano</span> <span class='ocrx_word' id='word_1_329' title='bbox 885 2739 996 2770; x_wconf 88' lang='lat' dir='ltr'>dilecti</span> <span class='ocrx_word' id='word_1_330' title='bbox 1018 2741 1080 2770; x_wconf 87' lang='lat' dir='ltr'>filii</span> <span class='ocrx_word' id='word_1_331' title='bbox 1105 2743 1211 2773; x_wconf 87' lang='lat' dir='ltr'>nostri</span> 
     </span>
     <span class='ocr_line' id='line_1_48' title="bbox 199 2788 1210 2835; baseline 0.009 -18"><span class='ocrx_word' id='word_1_332' title='bbox 199 2788 237 2818; x_wconf 90' lang='lat' dir='ltr'>O.</span> <span class='ocrx_word' id='word_1_333' title='bbox 260 2793 373 2818; x_wconf 81' lang='lat' dir='ltr'>sancte</span> <span class='ocrx_word' id='word_1_334' title='bbox 398 2788 503 2818; x_wconf 87' lang='lat' dir='ltr'>Marie</span> <span class='ocrx_word' id='word_1_335' title='bbox 521 2788 555 2818; x_wconf 89' lang='lat' dir='ltr'>in</span> <span class='ocrx_word' id='word_1_336' title='bbox 572 2789 636 2819; x_wconf 86' lang='lat' dir='ltr'>Via</span> <span class='ocrx_word' id='word_1_337' title='bbox 656 2789 723 2820; x_wconf 85' lang='lat' dir='ltr'>lata</span> <span class='ocrx_word' id='word_1_338' title='bbox 745 2791 876 2821; x_wconf 84' lang='lat' dir='ltr'>diaconi</span> <span class='ocrx_word' id='word_1_339' title='bbox 898 2793 1092 2830; x_wconf 68' lang='lat' dir='ltr'>cardinalis,</span> <span class='ocrx_word' id='word_1_340' title='bbox 1115 2796 1210 2835; x_wconf 84' lang='lat' dir='ltr'>cujus</span> 
     </span>
     <span class='ocr_line' id='line_1_49' title="bbox 200 2841 1210 2887; baseline 0.009 -17"><span class='ocrx_word' id='word_1_341' title='bbox 200 2841 420 2871; x_wconf 85' lang='lat' dir='ltr'>sollicitudini</span> <span class='ocrx_word' id='word_1_342' title='bbox 446 2845 532 2872; x_wconf 84' lang='lat' dir='ltr'>terre</span> <span class='ocrx_word' id='word_1_343' title='bbox 562 2842 669 2881; x_wconf 87' lang='lat' dir='ltr'>ipsius</span> <span class='ocrx_word' id='word_1_344' title='bbox 695 2844 922 2876; x_wconf 86' lang='lat' dir='ltr'>commisimus</span> <span class='ocrx_word' id='word_1_345' title='bbox 951 2847 1126 2878; x_wconf 82' lang='lat' dir='ltr'>rectoriam</span> <span class='ocrx_word' id='word_1_346' title='bbox 1151 2857 1210 2887; x_wconf 86' lang='lat' dir='ltr'>per</span> 
     </span>
    </p>
   </div>
   <div class='ocr_carea' id='block_1_7' title="bbox 1289 256 2304 458">
    <p class='ocr_par' dir='ltr' id='par_1_7' title="bbox 1289 256 2304 458">
     <span class='ocr_line' id='line_1_50' title="bbox 1290 256 2304 299; baseline 0.006 -12"><span class='ocrx_word' id='word_1_347' title='bbox 1290 256 1419 288; x_wconf 85' lang='lat' dir='ltr'>litteras</span> <span class='ocrx_word' id='word_1_348' title='bbox 1440 264 1570 290; x_wconf 83' lang='lat' dir='ltr'>nostras</span> <span class='ocrx_word' id='word_1_349' title='bbox 1593 260 1801 299; x_wconf 80' lang='lat' dir='ltr'>injungimus</span> <span class='ocrx_word' id='word_1_350' title='bbox 1822 265 1858 290; x_wconf 90' lang='lat' dir='ltr'>ut</span> <span class='ocrx_word' id='word_1_351' title='bbox 1878 270 1936 291; x_wconf 87' lang='lat' dir='ltr'>vos</span> <span class='ocrx_word' id='word_1_352' title='bbox 1958 261 1998 291; x_wconf 84' lang='lat' dir='ltr'>ab</span> <span class='ocrx_word' id='word_1_353' title='bbox 2018 262 2208 293; x_wconf 88' lang='lat' dir='ltr'>eorumdem</span> <span class='ocrx_word' id='word_1_354' title='bbox 2229 270 2304 293; x_wconf 75' lang='lat' dir='ltr'>mo-</span> 
     </span>
     <span class='ocr_line' id='line_1_51' title="bbox 1289 310 2300 353; baseline 0.004 -13"><span class='ocrx_word' id='word_1_355' title='bbox 1289 310 1466 341; x_wconf 85' lang='lat' dir='ltr'>lestatione</span> <span class='ocrx_word' id='word_1_356' title='bbox 1491 321 1590 350; x_wconf 88' lang='lat' dir='ltr'>super</span> <span class='ocrx_word' id='word_1_357' title='bbox 1611 313 1784 350; x_wconf 84' lang='lat' dir='ltr'>premissis</span> <span class='ocrx_word' id='word_1_358' title='bbox 1797 313 1980 344; x_wconf 84' lang='lat' dir='ltr'>monitione</span> <span class='ocrx_word' id='word_1_359' title='bbox 1998 314 2216 352; x_wconf 82' lang='lat' dir='ltr'>presentium,</span> <span class='ocrx_word' id='word_1_360' title='bbox 2241 323 2300 353; x_wconf 86' lang='lat' dir='ltr'>per</span> 
     </span>
     <span class='ocr_line' id='line_1_52' title="bbox 1290 362 2300 405; baseline 0.006 -13"><span class='ocrx_word' id='word_1_361' title='bbox 1290 373 1466 393; x_wconf 76' lang='lat' dir='ltr'>censuram</span> <span class='ocrx_word' id='word_1_362' title='bbox 1482 364 1753 400; x_wconf 72' lang='lat' dir='ltr'>ecclesiasticam,</span> <span class='ocrx_word' id='word_1_363' title='bbox 1769 362 1988 404; x_wconf 82' lang='lat' dir='ltr'>appellatione</span> <span class='ocrx_word' id='word_1_364' title='bbox 2002 370 2137 402; x_wconf 84' lang='lat' dir='ltr'>remota,</span> <span class='ocrx_word' id='word_1_365' title='bbox 2156 375 2300 405; x_wconf 85' lang='lat' dir='ltr'>compes-</span> 
     </span>
     <span class='ocr_line' id='line_1_53' title="bbox 1291 417 2258 458; baseline 0.002 -12"><span class='ocrx_word' id='word_1_366' title='bbox 1291 422 1353 447; x_wconf 85' lang='lat' dir='ltr'>cat.</span> <span class='ocrx_word' id='word_1_367' title='bbox 1371 418 1444 447; x_wconf 84' lang='lat' dir='ltr'>Dat.</span> <span class='ocrx_word' id='word_1_368' title='bbox 1463 417 1617 456; x_wconf 84' lang='lat' dir='ltr'>Neapoli,</span> <span class='ocrx_word' id='word_1_369' title='bbox 1634 418 1663 448; x_wconf 89' lang='lat' dir='ltr'>X</span> <span class='ocrx_word' id='word_1_370' title='bbox 1680 417 1839 448; x_wconf 84' lang='lat' dir='ltr'>kalendas</span> <span class='ocrx_word' id='word_1_371' title='bbox 1855 419 1983 454; x_wconf 82' lang='lat' dir='ltr'>martii,</span> <span class='ocrx_word' id='word_1_372' title='bbox 2002 427 2088 449; x_wconf 85' lang='lat' dir='ltr'>anno</span> <span class='ocrx_word' id='word_1_373' title='bbox 2103 419 2222 458; x_wconf 87' lang='lat' dir='ltr'>primo.</span> <span class='ocrx_word' id='word_1_374' title='bbox 2244 431 2258 445; x_wconf 73' lang='lat' dir='ltr'>n</span> 
     </span>
    </p>
   </div>
   <div class='ocr_carea' id='block_1_8' title="bbox 1366 602 2229 638">
    <p class='ocr_par' dir='ltr' id='par_1_8' title="bbox 1366 602 2229 638">
     <span class='ocr_line' id='line_1_54' title="bbox 1366 602 2229 638; baseline 0.001 -9"><span class='ocrx_word' id='word_1_375' title='bbox 1366 602 1452 630; x_wconf 72' lang='lat'>¹56</span> <span class='ocrx_word' id='word_1_376' title='bbox 1845 602 1962 638; x_wconf 85' lang='lat' dir='ltr'>Naples,</span> <span class='ocrx_word' id='word_1_377' title='bbox 1979 602 2013 629; x_wconf 71' lang='lat'>22</span> <span class='ocrx_word' id='word_1_378' title='bbox 2029 603 2132 630; x_wconf 76' lang='lat' dir='ltr'>sevi-ier</span> <span class='ocrx_word' id='word_1_379' title='bbox 2149 603 2229 631; x_wconf 76' lang='lat'><strong>1255.</strong></span> 
     </span>
    </p>
   </div>
   <div class='ocr_carea' id='block_1_9' title="bbox 1291 662 2303 892">
    <p class='ocr_par' dir='ltr' id='par_1_9' title="bbox 1291 662 2303 892">
     <span class='ocr_line' id='line_1_55' title="bbox 1327 662 2302 698; baseline 0.003 -9"><span class='ocrx_word' id='word_1_380' title='bbox 1327 663 1500 689; x_wconf 84' lang='lat' dir='ltr'>Hominibus</span> <span class='ocrx_word' id='word_1_381' title='bbox 1516 662 1551 689; x_wconf 86' lang='lat' dir='ltr'>de</span> <span class='ocrx_word' id='word_1_382' title='bbox 1569 662 1757 697; x_wconf 63' lang='lat' dir='ltr'>ffigugnagia,</span> <span class='ocrx_word' id='word_1_383' title='bbox 1771 663 1886 690; x_wconf 84' lang='lat' dir='ltr'>mandat</span> <span class='ocrx_word' id='word_1_384' title='bbox 1902 667 1942 698; x_wconf 81' lang='lat' dir='ltr'>ut,</span> <span class='ocrx_word' id='word_1_385' title='bbox 1960 667 2139 698; x_wconf 82' lang='lat' dir='ltr'>praestantes</span> <span class='ocrx_word' id='word_1_386' title='bbox 2154 664 2302 692; x_wconf 80' lang='lat' dir='ltr'>Ecclesiae</span> 
     </span>
     <span class='ocr_line' id='line_1_56' title="bbox 1292 711 2302 747; baseline 0.003 -10"><span class='ocrx_word' id='word_1_387' title='bbox 1292 711 1439 738; x_wconf 83' lang='lat' dir='ltr'>Romanae</span> <span class='ocrx_word' id='word_1_388' title='bbox 1455 712 1481 737; x_wconf 86' lang='lat' dir='ltr'>in</span> <span class='ocrx_word' id='word_1_389' title='bbox 1495 711 1687 738; x_wconf 65' lang='lat' dir='ltr'>(luidonis-de</span> <span class='ocrx_word' id='word_1_390' title='bbox 1704 711 1805 738; x_wconf 81' lang='lat' dir='ltr'>Baesio</span> <span class='ocrx_word' id='word_1_391' title='bbox 1822 712 1956 739; x_wconf 89' lang='lat' dir='ltr'>manibus</span> <span class='ocrx_word' id='word_1_392' title='bbox 1971 712 2116 739; x_wconf 77' lang='lat' dir='ltr'>fidelitatis</span> <span class='ocrx_word' id='word_1_393' title='bbox 2131 712 2243 740; x_wconf 80' lang='lat' dir='ltr'>debitae</span> <span class='ocrx_word' id='word_1_394' title='bbox 2255 713 2302 747; x_wconf 77' lang='lat' dir='ltr'>Ju-</span> 
     </span>
     <span class='ocr_line' id='line_1_57' title="bbox 1291 759 2303 794; baseline 0.003 -9"><span class='ocrx_word' id='word_1_395' title='bbox 1291 763 1469 793; x_wconf 81' lang='lat' dir='ltr'>ramentum,</span> <span class='ocrx_word' id='word_1_396' title='bbox 1490 760 1582 786; x_wconf 85' lang='lat' dir='ltr'>eidem</span> <span class='ocrx_word' id='word_1_397' title='bbox 1603 759 1729 786; x_wconf 87' lang='lat' dir='ltr'>Guidoni</span> <span class='ocrx_word' id='word_1_398' title='bbox 1750 763 1885 794; x_wconf 83' lang='lat' dir='ltr'>tanquam</span> <span class='ocrx_word' id='word_1_399' title='bbox 1908 761 2011 787; x_wconf 86' lang='lat' dir='ltr'>rectori</span> <span class='ocrx_word' id='word_1_400' title='bbox 2032 769 2132 787; x_wconf 84' lang='lat' dir='ltr'>eorum</span> <span class='ocrx_word' id='word_1_401' title='bbox 2153 760 2303 788; x_wconf 82' lang='lat' dir='ltr'>intendant</span> 
     </span>
     <span class='ocr_line' id='line_1_58' title="bbox 1291 808 2303 843; baseline 0.003 -10"><span class='ocrx_word' id='word_1_402' title='bbox 1291 808 1437 834; x_wconf 79' lang='lat' dir='ltr'>humiliter</span> <span class='ocrx_word' id='word_1_403' title='bbox 1460 811 1488 834; x_wconf 88' lang='lat' dir='ltr'>et</span> <span class='ocrx_word' id='word_1_404' title='bbox 1512 808 1547 833; x_wconf 85' lang='lat' dir='ltr'>dc</span> <span class='ocrx_word' id='word_1_405' title='bbox 1573 808 1732 835; x_wconf 81' lang='lat' dir='ltr'>redditibus</span> <span class='ocrx_word' id='word_1_406' title='bbox 1747 816 1780 835; x_wconf 81' lang='lat' dir='ltr'>ac</span> <span class='ocrx_word' id='word_1_407' title='bbox 1795 809 1858 835; x_wconf 85' lang='lat' dir='ltr'>aliis</span> <span class='ocrx_word' id='word_1_408' title='bbox 1875 808 2022 835; x_wconf 84' lang='lat' dir='ltr'>Ecclesiae</span> <span class='ocrx_word' id='word_1_409' title='bbox 2034 808 2151 843; x_wconf 88' lang='lat' dir='ltr'>juribus</span> <span class='ocrx_word' id='word_1_410' title='bbox 2165 808 2303 836; x_wconf 80' lang='lat' dir='ltr'>omnibus</span> 
     </span>
     <span class='ocr_line' id='line_1_59' title="bbox 1291 856 2266 892; baseline 0.002 -10"><span class='ocrx_word' id='word_1_411' title='bbox 1291 856 1373 890; x_wconf 85' lang='lat' dir='ltr'>plene</span> <span class='ocrx_word' id='word_1_412' title='bbox 1386 860 1489 883; x_wconf 90' lang='lat' dir='ltr'>curent</span> <span class='ocrx_word' id='word_1_413' title='bbox 1503 860 1531 882; x_wconf 87' lang='lat' dir='ltr'>ct</span> <span class='ocrx_word' id='word_1_414' title='bbox 1546 856 1667 883; x_wconf 84' lang='lat' dir='ltr'>fideliter</span> <span class='ocrx_word' id='word_1_415' title='bbox 1684 857 1869 891; x_wconf 87' lang='lat' dir='ltr'>respondere.</span> <span class='ocrx_word' id='word_1_416' title='bbox 1888 857 1972 886; x_wconf 73' lang='lat' dir='ltr'>(Rea.</span> <span class='ocrx_word' id='word_1_417' title='bbox 1987 857 2032 890; x_wconf 70' lang='lat'>24,</span> <span class='ocrx_word' id='word_1_418' title='bbox 2043 865 2070 884; x_wconf 89' lang='lat' dir='ltr'>c.</span> <span class='ocrx_word' id='word_1_419' title='bbox 2084 857 2157 890; x_wconf 77' lang='lat'>139⁸.</span> <span class='ocrx_word' id='word_1_420' title='bbox 2173 858 2194 885; x_wconf 81' lang='lat' dir='ltr'>f.</span> <span class='ocrx_word' id='word_1_421' title='bbox 2213 857 2266 892; x_wconf 83' lang='grc'><strong>18.)</strong></span> 
     </span>
    </p>
   </div>
   <div class='ocr_carea' id='block_1_10' title="bbox 1291 958 2302 1050">
    <p class='ocr_par' dir='ltr' id='par_1_10' title="bbox 1291 958 2302 1050">
     <span class='ocr_line' id='line_1_60' title="bbox 1333 958 2302 997; baseline 0.003 -12"><span class='ocrx_word' id='word_1_422' title='bbox 1333 970 1346 984; x_wconf 76' lang='grc' dir='ltr'>α</span> <span class='ocrx_word' id='word_1_423' title='bbox 1364 958 1512 987; x_wconf 72' lang='lat' dir='ltr'>Militibus</span> <span class='ocrx_word' id='word_1_424' title='bbox 1523 963 1548 987; x_wconf 81' lang='lat' dir='ltr'>et</span> <span class='ocrx_word' id='word_1_425' title='bbox 1562 959 1716 987; x_wconf 78' lang='lat' dir='ltr'>universis</span> <span class='ocrx_word' id='word_1_426' title='bbox 1732 959 1909 988; x_wconf 76' lang='lat' dir='ltr'>hominibus</span> <span class='ocrx_word' id='word_1_427' title='bbox 1923 959 1957 988; x_wconf 79' lang='lat' dir='ltr'>cle</span> <span class='ocrx_word' id='word_1_428' title='bbox 1972 959 2176 997; x_wconf 69' lang='lat' dir='ltr'>Piyuynaqia,</span> <span class='ocrx_word' id='word_1_429' title='bbox 2191 959 2302 996; x_wconf 72' lang='lat' dir='ltr'>Reqine</span> 
     </span>
     <span class='ocr_line' id='line_1_61' title="bbox 1291 1011 2302 1050; baseline 0.002 -10"><span class='ocrx_word' id='word_1_430' title='bbox 1291 1011 1429 1046; x_wconf 77' lang='lat' dir='ltr'>diocesis,</span> <span class='ocrx_word' id='word_1_431' title='bbox 1452 1012 1570 1040; x_wconf 67' lang='lat' dir='ltr'>ecclesie</span> <span class='ocrx_word' id='word_1_432' title='bbox 1589 1012 1720 1041; x_wconf 75' lang='lat' dir='ltr'>Romane</span> <span class='ocrx_word' id='word_1_433' title='bbox 1738 1012 1887 1048; x_wconf 73' lang='lat' dir='ltr'>fidelibus.</span> <span class='ocrx_word' id='word_1_434' title='bbox 1913 1012 1997 1042; x_wconf 90' lang='lat' dir='ltr'>Cum</span> <span class='ocrx_word' id='word_1_435' title='bbox 2023 1016 2109 1042; x_wconf 89' lang='lat' dir='ltr'>terra</span> <span class='ocrx_word' id='word_1_436' title='bbox 2132 1011 2302 1050; x_wconf 80' lang='lat' dir='ltr'>Pigugna-</span> 
     </span>
    </p>
   </div>
   <div class='ocr_carea' id='block_1_11' title="bbox 1290 1063 2301 1329">
    <p class='ocr_par' dir='ltr' id='par_1_11' title="bbox 1290 1063 2301 1329">
     <span class='ocr_line' id='line_1_62' title="bbox 1290 1063 2301 1106; baseline 0.003 -14"><span class='ocrx_word' id='word_1_437' title='bbox 1290 1063 1342 1101; x_wconf 86' lang='lat' dir='ltr'>gie</span> <span class='ocrx_word' id='word_1_438' title='bbox 1375 1080 1427 1106; x_wconf 49' lang='lat'>—4</span> <span class='ocrx_word' id='word_1_439' title='bbox 1455 1064 1528 1093; x_wconf 87' lang='lat' dir='ltr'>Dat.</span> <span class='ocrx_word' id='word_1_440' title='bbox 1563 1063 1718 1102; x_wconf 77' lang='lat' dir='ltr'>Neapoli,</span> <span class='ocrx_word' id='word_1_441' title='bbox 1751 1065 1833 1094; x_wconf 90' lang='lat' dir='ltr'>VIII</span> <span class='ocrx_word' id='word_1_442' title='bbox 1863 1064 2022 1094; x_wconf 88' lang='lat' dir='ltr'>kalendas</span> <span class='ocrx_word' id='word_1_443' title='bbox 2049 1064 2181 1099; x_wconf 82' lang='lat' dir='ltr'>martii,</span> <span class='ocrx_word' id='word_1_444' title='bbox 2212 1072 2301 1096; x_wconf 85' lang='lat' dir='ltr'>anno</span> 
     </span>
     <span class='ocr_line' id='line_1_63' title="bbox 1290 1124 1440 1154; baseline -0.013 -10"><span class='ocrx_word' id='word_1_445' title='bbox 1290 1124 1407 1154; x_wconf 81' lang='lat' dir='ltr'>primo.</span> <span class='ocrx_word' id='word_1_446' title='bbox 1428 1127 1440 1142; x_wconf 86' lang='lat'>»</span> 
     </span>
     <span class='ocr_line' id='line_1_64' title="bbox 1365 1293 2228 1329; baseline 0 -7"><span class='ocrx_word' id='word_1_447' title='bbox 1365 1294 1451 1323; x_wconf 67' lang='lat'>15⁸7</span> <span class='ocrx_word' id='word_1_448' title='bbox 1845 1293 1962 1329; x_wconf 80' lang='lat' dir='ltr'>Napies,</span> <span class='ocrx_word' id='word_1_449' title='bbox 1978 1294 2012 1321; x_wconf 73' lang='lat'>22</span> <span class='ocrx_word' id='word_1_450' title='bbox 2030 1294 2134 1321; x_wconf 77' lang='lat' dir='ltr'>sevrier</span> <span class='ocrx_word' id='word_1_451' title='bbox 2149 1294 2228 1322; x_wconf 78' lang='lat'>1255.</span> 
     </span>
    </p>
   </div>
   <div class='ocr_carea' id='block_1_12' title="bbox 1291 1355 2304 1874">
    <p class='ocr_par' dir='ltr' id='par_1_12' title="bbox 1291 1355 2304 1874">
     <span class='ocr_line' id='line_1_65' title="bbox 1327 1355 2300 1391; baseline 0.002 -9"><span class='ocrx_word' id='word_1_452' title='bbox 1327 1355 1453 1383; x_wconf 88' lang='lat' dir='ltr'>Guidoni</span> <span class='ocrx_word' id='word_1_453' title='bbox 1476 1355 1510 1382; x_wconf 86' lang='lat' dir='ltr'>de</span> <span class='ocrx_word' id='word_1_454' title='bbox 1533 1355 1637 1383; x_wconf 84' lang='lat' dir='ltr'>Baesio</span> <span class='ocrx_word' id='word_1_455' title='bbox 1661 1359 1765 1383; x_wconf 85' lang='lat' dir='ltr'>terram</span> <span class='ocrx_word' id='word_1_456' title='bbox 1787 1356 1985 1391; x_wconf 84' lang='lat' dir='ltr'>Pigugnagiae</span> <span class='ocrx_word' id='word_1_457' title='bbox 2006 1358 2160 1385; x_wconf 86' lang='lat' dir='ltr'>committit</span> <span class='ocrx_word' id='word_1_458' title='bbox 2179 1357 2215 1384; x_wconf 85' lang='lat' dir='ltr'>ad</span> <span class='ocrx_word' id='word_1_459' title='bbox 2230 1365 2300 1384; x_wconf 83' lang='lat' dir='ltr'>suae</span> 
     </span>
     <span class='ocr_line' id='line_1_66' title="bbox 1291 1405 2302 1440; baseline 0.002 -9"><span class='ocrx_word' id='word_1_460' title='bbox 1291 1405 1448 1432; x_wconf 86' lang='lat' dir='ltr'>voluntatis</span> <span class='ocrx_word' id='word_1_461' title='bbox 1462 1405 1674 1439; x_wconf 88' lang='lat' dir='ltr'>beneplacitum</span> <span class='ocrx_word' id='word_1_462' title='bbox 1690 1405 1866 1432; x_wconf 83' lang='lat' dir='ltr'>retinendam</span> <span class='ocrx_word' id='word_1_463' title='bbox 1878 1426 1885 1438; x_wconf 82' lang='lat'>‚</span> <span class='ocrx_word' id='word_1_464' title='bbox 1901 1405 1985 1440; x_wconf 89' lang='lat' dir='ltr'>eique</span> <span class='ocrx_word' id='word_1_465' title='bbox 2001 1408 2116 1432; x_wconf 74' lang='lat' dir='ltr'>mandat</span> <span class='ocrx_word' id='word_1_466' title='bbox 2132 1408 2180 1438; x_wconf 83' lang='lat' dir='ltr'>ut,</span> <span class='ocrx_word' id='word_1_467' title='bbox 2196 1405 2231 1433; x_wconf 86' lang='lat' dir='ltr'>ab</span> <span class='ocrx_word' id='word_1_468' title='bbox 2247 1406 2302 1433; x_wconf 90' lang='lat' dir='ltr'>ho·</span> 
     </span>
     <span class='ocr_line' id='line_1_67' title="bbox 1291 1453 2302 1489; baseline 0 -8"><span class='ocrx_word' id='word_1_469' title='bbox 1291 1454 1418 1481; x_wconf 88' lang='lat' dir='ltr'>minibus</span> <span class='ocrx_word' id='word_1_470' title='bbox 1435 1454 1528 1488; x_wconf 87' lang='lat' dir='ltr'>ipsius</span> <span class='ocrx_word' id='word_1_471' title='bbox 1540 1454 1595 1480; x_wconf 85' lang='lat' dir='ltr'>loci</span> <span class='ocrx_word' id='word_1_472' title='bbox 1608 1453 1754 1480; x_wconf 85' lang='lat' dir='ltr'>Ecclesiae</span> <span class='ocrx_word' id='word_1_473' title='bbox 1766 1455 1881 1480; x_wconf 88' lang='lat' dir='ltr'>nomine</span> <span class='ocrx_word' id='word_1_474' title='bbox 1892 1453 2038 1481; x_wconf 85' lang='lat' dir='ltr'>fidelitatis</span> <span class='ocrx_word' id='word_1_475' title='bbox 2048 1454 2169 1489; x_wconf 84' lang='lat' dir='ltr'>exigens</span> <span class='ocrx_word' id='word_1_476' title='bbox 2184 1457 2213 1481; x_wconf 90' lang='lat' dir='ltr'>et</span> <span class='ocrx_word' id='word_1_477' title='bbox 2226 1454 2302 1481; x_wconf 84' lang='lat' dir='ltr'>reci-</span> 
     </span>
     <span class='ocr_line' id='line_1_68' title="bbox 1292 1501 2300 1537; baseline 0.001 -8"><span class='ocrx_word' id='word_1_478' title='bbox 1292 1503 1373 1537; x_wconf 82' lang='lat' dir='ltr'>piens</span> <span class='ocrx_word' id='word_1_479' title='bbox 1389 1504 1598 1537; x_wconf 78' lang='lat' dir='ltr'>Juramentum,</span> <span class='ocrx_word' id='word_1_480' title='bbox 1615 1502 1649 1529; x_wconf 89' lang='lat' dir='ltr'>de</span> <span class='ocrx_word' id='word_1_481' title='bbox 1669 1502 1830 1529; x_wconf 86' lang='lat' dir='ltr'>redditibus</span> <span class='ocrx_word' id='word_1_482' title='bbox 1850 1506 1879 1529; x_wconf 87' lang='lat' dir='ltr'>et</span> <span class='ocrx_word' id='word_1_483' title='bbox 1897 1503 1961 1530; x_wconf 82' lang='lat' dir='ltr'>aliis</span> <span class='ocrx_word' id='word_1_484' title='bbox 1979 1503 2095 1537; x_wconf 89' lang='lat' dir='ltr'>juribus</span> <span class='ocrx_word' id='word_1_485' title='bbox 2114 1502 2250 1530; x_wconf 86' lang='lat' dir='ltr'>omnibus</span> <span class='ocrx_word' id='word_1_486' title='bbox 2266 1501 2300 1529; x_wconf 86' lang='lat' dir='ltr'>ad</span> 
     </span>
     <span class='ocr_line' id='line_1_69' title="bbox 1291 1551 2304 1586; baseline 0.001 -9"><span class='ocrx_word' id='word_1_487' title='bbox 1291 1551 1450 1578; x_wconf 85' lang='lat' dir='ltr'>Ecclesiam</span> <span class='ocrx_word' id='word_1_488' title='bbox 1471 1551 1672 1585; x_wconf 79' lang='lat' dir='ltr'>spectantibus</span> <span class='ocrx_word' id='word_1_489' title='bbox 1691 1551 1746 1578; x_wconf 85' lang='lat' dir='ltr'>sibi</span> <span class='ocrx_word' id='word_1_490' title='bbox 1766 1551 1849 1577; x_wconf 80' lang='lat' dir='ltr'>faciat</span> <span class='ocrx_word' id='word_1_491' title='bbox 1868 1551 1994 1586; x_wconf 86' lang='lat' dir='ltr'>plenarie</span> <span class='ocrx_word' id='word_1_492' title='bbox 2014 1551 2198 1586; x_wconf 81' lang='lat' dir='ltr'>responderi;</span> <span class='ocrx_word' id='word_1_493' title='bbox 2219 1558 2304 1579; x_wconf 84' lang='lat' dir='ltr'>revo-</span> 
     </span>
     <span class='ocr_line' id='line_1_70' title="bbox 1292 1599 2302 1635; baseline 0 -9"><span class='ocrx_word' id='word_1_494' title='bbox 1292 1603 1410 1627; x_wconf 85' lang='lat' dir='ltr'>caturus</span> <span class='ocrx_word' id='word_1_495' title='bbox 1426 1600 1459 1626; x_wconf 86' lang='lat' dir='ltr'>ad</span> <span class='ocrx_word' id='word_1_496' title='bbox 1471 1601 1522 1634; x_wconf 87' lang='lat' dir='ltr'>jus</span> <span class='ocrx_word' id='word_1_497' title='bbox 1538 1603 1566 1626; x_wconf 88' lang='lat' dir='ltr'>et</span> <span class='ocrx_word' id='word_1_498' title='bbox 1583 1600 1787 1634; x_wconf 83' lang='lat' dir='ltr'>proprietatem</span> <span class='ocrx_word' id='word_1_499' title='bbox 1802 1599 1950 1626; x_wconf 84' lang='lat' dir='ltr'>Ecclesiae</span> <span class='ocrx_word' id='word_1_500' title='bbox 1965 1607 2165 1635; x_wconf 86' lang='lat' dir='ltr'>quaecumque</span> <span class='ocrx_word' id='word_1_501' title='bbox 2180 1599 2216 1626; x_wconf 89' lang='lat' dir='ltr'>de</span> <span class='ocrx_word' id='word_1_502' title='bbox 2230 1606 2302 1634; x_wconf 81' lang='lat' dir='ltr'>pos-</span> 
     </span>
     <span class='ocr_line' id='line_1_71' title="bbox 1292 1648 2302 1683; baseline 0 -8"><span class='ocrx_word' id='word_1_503' title='bbox 1292 1648 1474 1675; x_wconf 86' lang='lat' dir='ltr'>sessionibus</span> <span class='ocrx_word' id='word_1_504' title='bbox 1485 1652 1514 1675; x_wconf 88' lang='lat' dir='ltr'>et</span> <span class='ocrx_word' id='word_1_505' title='bbox 1524 1649 1587 1675; x_wconf 87' lang='lat' dir='ltr'>aliis</span> <span class='ocrx_word' id='word_1_506' title='bbox 1604 1648 1686 1675; x_wconf 85' lang='lat' dir='ltr'>bonis</span> <span class='ocrx_word' id='word_1_507' title='bbox 1702 1648 1834 1683; x_wconf 88' lang='lat' dir='ltr'>ejusdem</span> <span class='ocrx_word' id='word_1_508' title='bbox 1850 1656 1900 1683; x_wconf 88' lang='lat' dir='ltr'>per</span> <span class='ocrx_word' id='word_1_509' title='bbox 1915 1649 2093 1675; x_wconf 86' lang='lat' dir='ltr'>invasionem</span> <span class='ocrx_word' id='word_1_510' title='bbox 2109 1656 2162 1675; x_wconf 87' lang='lat' dir='ltr'>seu</span> <span class='ocrx_word' id='word_1_511' title='bbox 2177 1655 2302 1683; x_wconf 84' lang='lat' dir='ltr'>occupa·</span> 
     </span>
     <span class='ocr_line' id='line_1_72' title="bbox 1291 1696 2302 1732; baseline -0.001 -9"><span class='ocrx_word' id='word_1_512' title='bbox 1291 1698 1414 1729; x_wconf 86' lang='lat' dir='ltr'>tionem,</span> <span class='ocrx_word' id='word_1_513' title='bbox 1431 1697 1626 1723; x_wconf 89' lang='lat' dir='ltr'>venditionem</span> <span class='ocrx_word' id='word_1_514' title='bbox 1643 1697 1687 1723; x_wconf 87' lang='lat' dir='ltr'>vel</span> <span class='ocrx_word' id='word_1_515' title='bbox 1702 1696 1973 1731; x_wconf 84' lang='lat' dir='ltr'>impignorationem</span> <span class='ocrx_word' id='word_1_516' title='bbox 1993 1700 2043 1723; x_wconf 90' lang='lat' dir='ltr'>aut</span> <span class='ocrx_word' id='word_1_517' title='bbox 2062 1696 2302 1732; x_wconf 75' lang='lat' dir='ltr'>permutationem</span> 
     </span>
     <span class='ocr_line' id='line_1_73' title="bbox 1292 1743 2303 1780; baseline 0.001 -9"><span class='ocrx_word' id='word_1_518' title='bbox 1292 1746 1353 1771; x_wconf 84' lang='lat' dir='ltr'>sive</span> <span class='ocrx_word' id='word_1_519' title='bbox 1368 1745 1439 1771; x_wconf 88' lang='lat' dir='ltr'>alias</span> <span class='ocrx_word' id='word_1_520' title='bbox 1453 1753 1637 1780; x_wconf 87' lang='lat' dir='ltr'>quocumque</span> <span class='ocrx_word' id='word_1_521' title='bbox 1652 1745 1736 1772; x_wconf 91' lang='lat' dir='ltr'>modo</span> <span class='ocrx_word' id='word_1_522' title='bbox 1751 1745 1795 1771; x_wconf 89' lang='lat' dir='ltr'>vel</span> <span class='ocrx_word' id='word_1_523' title='bbox 1811 1753 1898 1772; x_wconf 86' lang='lat' dir='ltr'>causa</span> <span class='ocrx_word' id='word_1_524' title='bbox 1912 1748 2025 1780; x_wconf 90' lang='lat' dir='ltr'>praeter</span> <span class='ocrx_word' id='word_1_525' title='bbox 2034 1745 2234 1780; x_wconf 75' lang='lat' dir='ltr'>auctoritatem</span> <span class='ocrx_word' id='word_1_526' title='bbox 2248 1743 2303 1771; x_wconf 78' lang='lat' dir='ltr'>Se-</span> 
     </span>
     <span class='ocr_line' id='line_1_74' title="bbox 1291 1792 2300 1828; baseline 0.001 -9"><span class='ocrx_word' id='word_1_527' title='bbox 1291 1793 1336 1820; x_wconf 88' lang='lat' dir='ltr'>dis</span> <span class='ocrx_word' id='word_1_528' title='bbox 1348 1793 1521 1828; x_wconf 87' lang='lat' dir='ltr'>apostolicae</span> <span class='ocrx_word' id='word_1_529' title='bbox 1537 1793 1658 1820; x_wconf 83' lang='lat' dir='ltr'>alienata</span> <span class='ocrx_word' id='word_1_530' title='bbox 1670 1794 1812 1820; x_wconf 86' lang='lat' dir='ltr'>invenerit</span> <span class='ocrx_word' id='word_1_531' title='bbox 1823 1794 1866 1820; x_wconf 87' lang='lat' dir='ltr'>vel</span> <span class='ocrx_word' id='word_1_532' title='bbox 1876 1793 2021 1820; x_wconf 82' lang='lat' dir='ltr'>distracta.</span> <span class='ocrx_word' id='word_1_533' title='bbox 2033 1793 2173 1828; x_wconf 48' lang='lat' dir='ltr'>(Ram,</span> <span class='ocrx_word' id='word_1_534' title='bbox 2185 1801 2212 1821; x_wconf 86' lang='lat' dir='ltr'>c.</span> <span class='ocrx_word' id='word_1_535' title='bbox 2225 1792 2300 1825; x_wconf 73' lang='lat'><strong>139⁸,</strong></span> 
     </span>
     <span class='ocr_line' id='line_1_75' title="bbox 1291 1842 1385 1874; baseline 0.021 -6"><span class='ocrx_word' id='word_1_536' title='bbox 1291 1842 1310 1869; x_wconf 86' lang='lat' dir='ltr'>f.</span> <span class='ocrx_word' id='word_1_537' title='bbox 1331 1842 1385 1874; x_wconf 85' lang='lat'>18.)</span> 
     </span>
    </p>
   </div>
   <div class='ocr_carea' id='block_1_13' title="bbox 1291 1943 2302 2087">
    <p class='ocr_par' dir='ltr' id='par_1_13' title="bbox 1291 1943 2302 2087">
     <span class='ocr_line' id='line_1_76' title="bbox 1334 1943 2302 1981; baseline 0.002 -10"><span class='ocrx_word' id='word_1_538' title='bbox 1334 1955 1347 1969; x_wconf 86' lang='lat'>«</span> <span class='ocrx_word' id='word_1_539' title='bbox 1367 1943 1500 1972; x_wconf 81' lang='lat' dir='ltr'>Guidom&#39;</span> <span class='ocrx_word' id='word_1_540' title='bbox 1518 1943 1552 1972; x_wconf 78' lang='lat' dir='ltr'>de</span> <span class='ocrx_word' id='word_1_541' title='bbox 1567 1944 1679 1978; x_wconf 70' lang='lat' dir='ltr'>Baesto,</span> <span class='ocrx_word' id='word_1_542' title='bbox 1695 1944 1851 1981; x_wconf 77' lang='lat' dir='ltr'>capellano</span> <span class='ocrx_word' id='word_1_543' title='bbox 1859 1943 1963 1973; x_wconf 81' lang='lat' dir='ltr'>dilecti</span> <span class='ocrx_word' id='word_1_544' title='bbox 1973 1944 2036 1981; x_wconf 76' lang='lat' dir='ltr'>filii</span> <span class='ocrx_word' id='word_1_545' title='bbox 2048 1944 2148 1973; x_wconf 78' lang='lat' dir='ltr'>nostri</span> <span class='ocrx_word' id='word_1_546' title='bbox 2157 1943 2189 1973; x_wconf 90' lang='lat'>0.</span> <span class='ocrx_word' id='word_1_547' title='bbox 2199 1947 2302 1973; x_wconf 80' lang='lat' dir='ltr'>sancte</span> 
     </span>
     <span class='ocr_line' id='line_1_77' title="bbox 1291 1994 2302 2034; baseline 0.002 -10"><span class='ocrx_word' id='word_1_548' title='bbox 1291 1996 1386 2025; x_wconf 79' lang='lat' dir='ltr'>Marie</span> <span class='ocrx_word' id='word_1_549' title='bbox 1406 1997 1441 2025; x_wconf 81' lang='lat' dir='ltr'>in</span> <span class='ocrx_word' id='word_1_550' title='bbox 1470 1997 1522 2025; x_wconf 80' lang='lat' dir='ltr'>Vta</span> <span class='ocrx_word' id='word_1_551' title='bbox 1548 1997 1611 2025; x_wconf 81' lang='lat' dir='ltr'>lata</span> <span class='ocrx_word' id='word_1_552' title='bbox 1633 1996 1757 2025; x_wconf 74' lang='lat' dir='ltr'>diaconi</span> <span class='ocrx_word' id='word_1_553' title='bbox 1777 1996 1960 2026; x_wconf 77' lang='lat' dir='ltr'>cardinalis.</span> <span class='ocrx_word' id='word_1_554' title='bbox 1983 1996 2067 2027; x_wconf 90' lang='lat' dir='ltr'>Cum</span> <span class='ocrx_word' id='word_1_555' title='bbox 2088 2000 2178 2026; x_wconf 85' lang='lat' dir='ltr'>terra</span> <span class='ocrx_word' id='word_1_556' title='bbox 2198 1994 2302 2034; x_wconf 85' lang='lat' dir='ltr'>Pigu-</span> 
     </span>
     <span class='ocr_line' id='line_1_78' title="bbox 1292 2048 1777 2087; baseline -0.002 -10"><span class='ocrx_word' id='word_1_557' title='bbox 1292 2048 1411 2086; x_wconf 82' lang='lat' dir='ltr'>gnagie</span> <span class='ocrx_word' id='word_1_558' title='bbox 1427 2065 1476 2077; x_wconf 86' lang='lat'>—.</span> <span class='ocrx_word' id='word_1_559' title='bbox 1491 2049 1565 2078; x_wconf 84' lang='lat' dir='ltr'>Dat.</span> <span class='ocrx_word' id='word_1_560' title='bbox 1583 2053 1619 2078; x_wconf 91' lang='lat' dir='ltr'>ut</span> <span class='ocrx_word' id='word_1_561' title='bbox 1636 2057 1746 2087; x_wconf 82' lang='lat' dir='ltr'>supra.</span> <span class='ocrx_word' id='word_1_562' title='bbox 1764 2060 1777 2075; x_wconf 74' lang='lat' dir='ltr'>n</span> 
     </span>
    </p>
   </div>
   <div class='ocr_carea' id='block_1_14' title="bbox 1367 2223 2228 2260">
    <p class='ocr_par' dir='ltr' id='par_1_14' title="bbox 1367 2223 2228 2260">
     <span class='ocr_line' id='line_1_79' title="bbox 1367 2223 2228 2260; baseline -0.002 -7"><span class='ocrx_word' id='word_1_563' title='bbox 1367 2226 1457 2255; x_wconf 76' lang='lat'>158</span> <span class='ocrx_word' id='word_1_564' title='bbox 1847 2224 1964 2260; x_wconf 81' lang='lat' dir='ltr'>Naples,</span> <span class='ocrx_word' id='word_1_565' title='bbox 1984 2224 2014 2252; x_wconf 84' lang='lat'>13</span> <span class='ocrx_word' id='word_1_566' title='bbox 2030 2224 2134 2251; x_wconf 69' lang='lat' dir='ltr'>sevi-ier</span> <span class='ocrx_word' id='word_1_567' title='bbox 2150 2223 2228 2252; x_wconf 77' lang='lat'><strong>1255.</strong></span> 
     </span>
    </p>
   </div>
   <div class='ocr_carea' id='block_1_15' title="bbox 1276 2285 2301 2323">
    <p class='ocr_par' dir='ltr' id='par_1_15' title="bbox 1276 2285 2301 2323">
     <span class='ocr_line' id='line_1_80' title="bbox 1276 2285 2301 2323; baseline -0.003 -8"><span class='ocrx_word' id='word_1_568' title='bbox 1276 2296 1279 2299; x_wconf 91' lang='grc'><strong>’</strong></span> <span class='ocrx_word' id='word_1_569' title='bbox 1327 2287 1472 2323; x_wconf 85' lang='lat' dir='ltr'>Episcopo</span> <span class='ocrx_word' id='word_1_570' title='bbox 1487 2287 1660 2315; x_wconf 65' lang='lat' dir='ltr'>Novar-iensi</span> <span class='ocrx_word' id='word_1_571' title='bbox 1676 2287 1801 2322; x_wconf 86' lang='lat' dir='ltr'>mandat,</span> <span class='ocrx_word' id='word_1_572' title='bbox 1819 2291 1859 2321; x_wconf 89' lang='lat' dir='ltr'>ut,</span> <span class='ocrx_word' id='word_1_573' title='bbox 1876 2288 1902 2313; x_wconf 89' lang='lat' dir='ltr'>si</span> <span class='ocrx_word' id='word_1_574' title='bbox 1918 2287 2021 2314; x_wconf 88' lang='lat' dir='ltr'>viderit</span> <span class='ocrx_word' id='word_1_575' title='bbox 2036 2286 2182 2322; x_wconf 86' lang='lat' dir='ltr'>expedire,</span> <span class='ocrx_word' id='word_1_576' title='bbox 2194 2285 2301 2313; x_wconf 77' lang='lat' dir='ltr'>tribuat</span> 
     </span>
    </p>
   </div>
   <div class='ocr_carea' id='block_1_16' title="bbox 1292 2335 2302 2467">
    <p class='ocr_par' dir='ltr' id='par_1_16' title="bbox 1292 2335 2302 2467">
     <span class='ocr_line' id='line_1_81' title="bbox 1292 2335 2301 2370; baseline -0.002 -7"><span class='ocrx_word' id='word_1_577' title='bbox 1292 2337 1383 2363; x_wconf 87' lang='lat' dir='ltr'>electo</span> <span class='ocrx_word' id='word_1_578' title='bbox 1403 2337 1523 2363; x_wconf 86' lang='lat' dir='ltr'>Astensi</span> <span class='ocrx_word' id='word_1_579' title='bbox 1544 2337 1687 2363; x_wconf 87' lang='lat' dir='ltr'>licentiam</span> <span class='ocrx_word' id='word_1_580' title='bbox 1707 2335 1850 2363; x_wconf 87' lang='lat' dir='ltr'>vendendi</span> <span class='ocrx_word' id='word_1_581' title='bbox 1869 2336 2073 2370; x_wconf 85' lang='lat' dir='ltr'>possessiones</span> <span class='ocrx_word' id='word_1_582' title='bbox 2087 2342 2204 2362; x_wconf 83' lang='lat' dir='ltr'>mensae</span> <span class='ocrx_word' id='word_1_583' title='bbox 2218 2342 2236 2361; x_wconf 84' lang='lat' dir='ltr'>a</span> <span class='ocrx_word' id='word_1_584' title='bbox 2249 2341 2301 2361; x_wconf 83' lang='lat' dir='ltr'>co·</span> 
     </span>
     <span class='ocr_line' id='line_1_82' title="bbox 1292 2382 2302 2419; baseline -0.003 -7"><span class='ocrx_word' id='word_1_585' title='bbox 1292 2385 1422 2418; x_wconf 82' lang='lat' dir='ltr'>mitibus,</span> <span class='ocrx_word' id='word_1_586' title='bbox 1445 2385 1589 2412; x_wconf 88' lang='lat' dir='ltr'>nobilibus</span> <span class='ocrx_word' id='word_1_587' title='bbox 1607 2388 1635 2412; x_wconf 83' lang='lat' dir='ltr'>et</span> <span class='ocrx_word' id='word_1_588' title='bbox 1654 2384 1859 2411; x_wconf 85' lang='lat' dir='ltr'>communibus</span> <span class='ocrx_word' id='word_1_589' title='bbox 1879 2391 2035 2419; x_wconf 83' lang='lat' dir='ltr'>oppressas</span> <span class='ocrx_word' id='word_1_590' title='bbox 2054 2386 2082 2410; x_wconf 89' lang='lat' dir='ltr'>et</span> <span class='ocrx_word' id='word_1_591' title='bbox 2101 2383 2172 2410; x_wconf 78' lang='lat' dir='ltr'>alias</span> <span class='ocrx_word' id='word_1_592' title='bbox 2191 2382 2302 2409; x_wconf 76' lang='lat' dir='ltr'>vicinas</span> 
     </span>
     <span class='ocr_line' id='line_1_83' title="bbox 1292 2431 2071 2467; baseline -0.004 -7"><span class='ocrx_word' id='word_1_593' title='bbox 1292 2433 1402 2460; x_wconf 80' lang='lat' dir='ltr'>civitati</span> <span class='ocrx_word' id='word_1_594' title='bbox 1416 2433 1539 2460; x_wconf 86' lang='lat' dir='ltr'>Astensi</span> <span class='ocrx_word' id='word_1_595' title='bbox 1556 2433 1679 2460; x_wconf 87' lang='lat' dir='ltr'>emendi.</span> <span class='ocrx_word' id='word_1_596' title='bbox 1694 2432 1776 2467; x_wconf 74' lang='lat' dir='ltr'>(Rau.</span> <span class='ocrx_word' id='word_1_597' title='bbox 1792 2433 1836 2466; x_wconf 74' lang='grc' dir='ltr'>ς24,</span> <span class='ocrx_word' id='word_1_598' title='bbox 1853 2440 1879 2459; x_wconf 81' lang='grc' dir='ltr'>ο.</span> <span class='ocrx_word' id='word_1_599' title='bbox 1900 2432 1960 2465; x_wconf 82' lang='grc'><strong>140,</strong></span> <span class='ocrx_word' id='word_1_600' title='bbox 1977 2432 1996 2459; x_wconf 76' lang='grc' dir='ltr'>ἰ.</span> <span class='ocrx_word' id='word_1_601' title='bbox 2016 2431 2071 2464; x_wconf 81' lang='grc'><strong>18.)</strong></span> 
     </span>
    </p>
   </div>
   <div class='ocr_carea' id='block_1_17' title="bbox 1289 2529 2302 2891">
    <p class='ocr_par' dir='ltr' id='par_1_17' title="bbox 1289 2529 2302 2891">
     <span class='ocr_line' id='line_1_84' title="bbox 1335 2529 2302 2573; baseline -0.002 -12"><span class='ocrx_word' id='word_1_602' title='bbox 1335 2547 1349 2561; x_wconf 85' lang='grc'>«</span> <span class='ocrx_word' id='word_1_603' title='bbox 1369 2557 1402 2570; x_wconf 90' lang='grc'>..,</span> <span class='ocrx_word' id='word_1_604' title='bbox 1421 2535 1555 2573; x_wconf 79' lang='lat' dir='ltr'>episcopo</span> <span class='ocrx_word' id='word_1_605' title='bbox 1569 2534 1762 2563; x_wconf 79' lang='lat' dir='ltr'>Novariensi.</span> <span class='ocrx_word' id='word_1_606' title='bbox 1785 2533 1906 2563; x_wconf 86' lang='lat' dir='ltr'>Petitio</span> <span class='ocrx_word' id='word_1_607' title='bbox 1926 2532 2039 2562; x_wconf 84' lang='lat' dir='ltr'>dilecti</span> <span class='ocrx_word' id='word_1_608' title='bbox 2064 2531 2126 2561; x_wconf 87' lang='lat' dir='ltr'>filii</span> <span class='ocrx_word' id='word_1_609' title='bbox 2150 2553 2183 2566; x_wconf 92' lang='lat'>..‚</span> <span class='ocrx_word' id='word_1_610' title='bbox 2205 2529 2302 2560; x_wconf 80' lang='lat' dir='ltr'>electi</span> 
     </span>
     <span class='ocr_line' id='line_1_85' title="bbox 1292 2582 2300 2624; baseline -0.004 -7"><span class='ocrx_word' id='word_1_611' title='bbox 1292 2587 1463 2622; x_wconf 85' lang='lat' dir='ltr'>Astensis,</span> <span class='ocrx_word' id='word_1_612' title='bbox 1482 2587 1578 2617; x_wconf 87' lang='lat' dir='ltr'>nobis</span> <span class='ocrx_word' id='word_1_613' title='bbox 1601 2586 1749 2616; x_wconf 77' lang='lat' dir='ltr'>exhibita</span> <span class='ocrx_word' id='word_1_614' title='bbox 1770 2585 1977 2621; x_wconf 82' lang='lat' dir='ltr'>continebat,</span> <span class='ocrx_word' id='word_1_615' title='bbox 2000 2585 2088 2624; x_wconf 81' lang='lat' dir='ltr'>quod</span> <span class='ocrx_word' id='word_1_616' title='bbox 2109 2582 2300 2622; x_wconf 86' lang='lat' dir='ltr'>temporalis</span> 
     </span>
     <span class='ocr_line' id='line_1_86' title="bbox 1289 2636 2302 2679; baseline -0.004 -9"><span class='ocrx_word' id='word_1_617' title='bbox 1289 2639 1480 2679; x_wconf 80' lang='lat' dir='ltr'>jurisdictio</span> <span class='ocrx_word' id='word_1_618' title='bbox 1495 2639 1616 2670; x_wconf 89' lang='lat' dir='ltr'>contile</span> <span class='ocrx_word' id='word_1_619' title='bbox 1632 2639 1827 2674; x_wconf 80' lang='lat' dir='ltr'>dominium,</span> <span class='ocrx_word' id='word_1_620' title='bbox 1843 2637 2080 2676; x_wconf 84' lang='lat' dir='ltr'>vassallagium</span> <span class='ocrx_word' id='word_1_621' title='bbox 2096 2640 2127 2668; x_wconf 88' lang='lat' dir='ltr'>et</span> <span class='ocrx_word' id='word_1_622' title='bbox 2147 2636 2213 2666; x_wconf 84' lang='lat' dir='ltr'>alia</span> <span class='ocrx_word' id='word_1_623' title='bbox 2224 2636 2302 2676; x_wconf 85' lang='lat' dir='ltr'>jura</span> 
     </span>
     <span class='ocr_line' id='line_1_87' title="bbox 1293 2690 2301 2733; baseline -0.004 -9"><span class='ocrx_word' id='word_1_624' title='bbox 1293 2703 1357 2733; x_wconf 85' lang='lat' dir='ltr'>que</span> <span class='ocrx_word' id='word_1_625' title='bbox 1374 2695 1528 2725; x_wconf 86' lang='lat' dir='ltr'>Astensis</span> <span class='ocrx_word' id='word_1_626' title='bbox 1553 2694 1694 2725; x_wconf 83' lang='lat' dir='ltr'>ecclesia</span> <span class='ocrx_word' id='word_1_627' title='bbox 1718 2694 1754 2723; x_wconf 89' lang='lat' dir='ltr'>in</span> <span class='ocrx_word' id='word_1_628' title='bbox 1779 2694 1913 2729; x_wconf 82' lang='lat' dir='ltr'>castris,</span> <span class='ocrx_word' id='word_1_629' title='bbox 1938 2692 2029 2723; x_wconf 88' lang='lat' dir='ltr'>villis</span> <span class='ocrx_word' id='word_1_630' title='bbox 2049 2701 2086 2722; x_wconf 89' lang='lat' dir='ltr'>ac</span> <span class='ocrx_word' id='word_1_631' title='bbox 2107 2690 2301 2722; x_wconf 84' lang='lat' dir='ltr'>hominibus</span> 
     </span>
     <span class='ocr_line' id='line_1_88' title="bbox 1291 2743 2300 2786; baseline -0.004 -9"><span class='ocrx_word' id='word_1_632' title='bbox 1291 2747 1446 2777; x_wconf 84' lang='lat' dir='ltr'>Astensis</span> <span class='ocrx_word' id='word_1_633' title='bbox 1463 2747 1671 2786; x_wconf 88' lang='lat' dir='ltr'>episcopatus</span> <span class='ocrx_word' id='word_1_634' title='bbox 1689 2747 1812 2777; x_wconf 82' lang='lat' dir='ltr'>habere</span> <span class='ocrx_word' id='word_1_635' title='bbox 1832 2746 2016 2776; x_wconf 86' lang='lat' dir='ltr'>dinoscitur</span> <span class='ocrx_word' id='word_1_636' title='bbox 2032 2754 2049 2774; x_wconf 87' lang='lat' dir='ltr'>a</span> <span class='ocrx_word' id='word_1_637' title='bbox 2066 2743 2300 2783; x_wconf 88' lang='lat' dir='ltr'>comi(ta)tibus</span> 
     </span>
     <span class='ocr_line' id='line_1_89' title="bbox 1293 2795 2300 2838; baseline -0.004 -9"><span class='ocrx_word' id='word_1_638' title='bbox 1293 2800 1511 2838; x_wconf 86' lang='lat' dir='ltr'>quarumdam</span> <span class='ocrx_word' id='word_1_639' title='bbox 1526 2800 1698 2830; x_wconf 81' lang='lat' dir='ltr'>civitatum</span> <span class='ocrx_word' id='word_1_640' title='bbox 1714 2803 1745 2830; x_wconf 91' lang='lat' dir='ltr'>et</span> <span class='ocrx_word' id='word_1_641' title='bbox 1765 2804 1949 2835; x_wconf 84' lang='lat' dir='ltr'>castrorum</span> <span class='ocrx_word' id='word_1_642' title='bbox 1969 2798 2111 2836; x_wconf 84' lang='lat' dir='ltr'>aliisque</span> <span class='ocrx_word' id='word_1_643' title='bbox 2131 2795 2300 2826; x_wconf 87' lang='lat' dir='ltr'>nobilibus</span> 
     </span>
     <span class='ocr_line' id='line_1_90' title="bbox 1292 2847 2301 2891; baseline -0.002 -11"><span class='ocrx_word' id='word_1_644' title='bbox 1292 2851 1586 2882; x_wconf 84' lang='lat' dir='ltr'>circumstantibus</span> <span class='ocrx_word' id='word_1_645' title='bbox 1602 2856 1633 2883; x_wconf 86' lang='lat' dir='ltr'>et</span> <span class='ocrx_word' id='word_1_646' title='bbox 1649 2852 1736 2891; x_wconf 84' lang='lat' dir='ltr'>quod</span> <span class='ocrx_word' id='word_1_647' title='bbox 1751 2851 1960 2891; x_wconf 85' lang='lat' dir='ltr'>nephandius</span> <span class='ocrx_word' id='word_1_648' title='bbox 1977 2854 2025 2881; x_wconf 81' lang='lat' dir='ltr'>est</span> <span class='ocrx_word' id='word_1_649' title='bbox 2041 2860 2060 2880; x_wconf 89' lang='lat' dir='ltr'>a</span> <span class='ocrx_word' id='word_1_650' title='bbox 2072 2848 2241 2880; x_wconf 82' lang='lat' dir='ltr'>communi</span> <span class='ocrx_word' id='word_1_651' title='bbox 2255 2847 2301 2879; x_wconf 88' lang='lat' dir='ltr'>ci-</span> 
     </span>
    </p>
   </div>
   <div class='ocr_carea' id='block_1_18' title="bbox 2382 0 2441 3330">
    <p class='ocr_par' dir='ltr' id='par_1_18' title="bbox 2382 0 2441 3330">
     <span class='ocr_line' id='line_1_91' title="bbox 2382 0 2441 3330; baseline 0 0"><span class='ocrx_word' id='word_1_652' title='bbox 2382 0 2441 3330; x_wconf 95' lang='lat' dir='ltr'> </span> 
     </span>
    </p>
   </div>
  </div>
 </body>
</html>
