2498 3325
1003 233 1227 271 PREMIERE
1250 233 1408 270 ANNEE.
2196 242 2249 270 -231

156 313 438 353 presentationem
462 315 629 350 spectante
648 320 721 341 cum
739 319 817 341 cura
835 308 887 343 vel
901 308 973 337 sine
990 315 1079 340 cura,
1100 304 1165 334 nisi

160 366 245 396 nulli
263 365 320 395 alii
337 365 376 394 de
390 364 463 403 jure
481 364 602 399 debito,
621 364 650 394 si
666 367 757 393 vacat
775 363 815 392 ad
830 369 967 400 presens
984 359 1035 389 vel
1051 366 1167 396 quam-

161 418 225 448 cito
252 417 292 447 ad
319 416 354 446 id
382 425 417 446 se
447 415 588 445 facultas
615 415 771 446 obtulerit
798 415 833 443 in
866 418 922 443 tua
953 411 1085 441 civitate
1117 410 1168 439 vel

118 459 124 466 ⁹
161 469 303 504 diocesi,
321 468 496 498 dummodo
515 468 558 497 sit
574 468 714 497 idoneus
735 471 766 496 et
781 466 861 496 velit
880 466 914 494 in
935 464 992 494 1110
1012 472 1168 501 persona-

159 523 236 553 liter
256 522 419 555 residere,
437 521 631 550 auctoritate
654 524 767 549 nostra
788 528 846 557 per
867 522 899 548 te
920 517 970 547 vel
988 526 1046 555 per
1067 515 1168 545 alium

161 575 334 614 provideas
350 574 401 604 vel
416 574 520 603 facias
537 573 713 611 provideri.
733 573 806 602 Non
824 571 974 601 obstante
995 570 1022 598 si
1039 572 1170 606 aposto-

162 628 226 657 lica
243 627 343 657 Sedes
366 627 401 655 in
424 627 505 664 ipsis
528 626 661 655 civitate
684 625 735 655 vel
753 624 877 654 diocesi
893 623 945 653 vel
961 622 1021 651 tibi
1037 621 1170 659 scripsit

163 689 220 718 pro
237 680 312 709 aliis
335 679 456 718 quibus
473 683 533 708 etc.
551 687 656 717 usque
675 688 681 706 :
700 677 863 715 generari,
882 685 940 705 seu
957 675 985 705 si
1002 674 1169 713 aliquibus

163 739 211 764 est
229 735 268 763 ab
284 734 356 772 ipsa
373 734 455 764 Sede
471 733 637 762 indultum
654 750 702 760 —.
721 731 987 762 Contradictores
1008 734 1068 760 etc.
1090 730 1170 759 Pre-

162 796 216 817 ces
241 790 369 817 nostras
386 790 416 816 et
432 785 623 815 mandatnm
642 784 752 814 taliter
769 784 977 822 impleturus,
996 783 1083 821 quod
1101 791 1170 811 am-

161 840 261 878 plecti
284 839 455 878 negotium
477 838 632 868 videaris.
653 839 726 867 Dat.
752 837 923 874 Anagnie,
944 837 990 866 VI
1011 835 1170 865 kalendas

162 893 316 927 octobris,
336 901 421 922 anno
437 891 554 930 primo.
572 903 584 917 n

235 1103 317 1131 881

647 1101 773 1135 Anagni,
790 1100 822 1127 27
839 1101 1002 1134 septembre
1024 1100 1099 1126 ¹255.

200 1176 298 1204 Eidem
310 1177 442 1204 concedit
457 1178 618 1204 facultatem
632 1176 799 1212 providendi
811 1176 845 1202 de
858 1176 1018 1210 praebenda
1030 1176 1172 1202 ecclesiae

164 1225 352 1252 caturcensis
376 1225 491 1252 Petrum
519 1225 652 1257 Bari-avi,
667 1226 743 1259 juris
768 1225 861 1251 civilis
886 1225 1093 1259 professorem,
1117 1233 1170 1250 non

166 1275 298 1301 obstante
313 1275 517 1301 canonicorum
537 1282 665 1301 numero.
686 1274 765 1306 (Rau.
784 1274 831 1304 ⁵24,
849 1282 874 1300 0.
893 1273 957 1306 660,
976 1274 994 1300 f.
1011 1274 1077 1305 OSV.)

210 1401 222 1415 «
243 1390 358 1418 Eidem.
385 1390 489 1419 Tuam
510 1389 658 1419 volentes
680 1388 843 1418 honorare
866 1398 1040 1426 personam
1064 1393 1094 1418 et
1116 1398 1174 1427 per

166 1441 356 1479 impensum
374 1441 436 1470 tibi
453 1441 613 1471 honorem
632 1441 689 1471 alii
704 1441 891 1479 providere,
911 1441 1057 1471 faciendi
1073 1441 1174 1470 dilec-

166 1497 236 1522 tum
265 1493 370 1523 filium
395 1493 593 1531 magistrum
616 1495 752 1523 Petrum
772 1493 927 1528 Barravi,
951 1494 1038 1532 juris
1064 1493 1173 1523 civilis

166 1546 406 1583 professorem,
431 1545 637 1584 capellanum
659 1546 771 1575 dilecti
794 1546 856 1575 filii
880 1546 983 1575 nostri
1008 1547 1044 1576 O.
1068 1546 1174 1575 sancti

166 1598 306 1627 Adriani
323 1598 453 1628 diaconi
467 1598 658 1633 cardinalis,
680 1599 745 1628 tuis
761 1598 931 1637 obsequiis
949 1599 1171 1635 insistentem,

167 1650 202 1679 in
219 1650 417 1681 Caturdensi
436 1651 497 1689 (sic)
516 1650 666 1685 ecclesia,
683 1650 718 1679 in
737 1659 801 1688 qua
819 1650 1030 1680 collationem
1044 1651 1174 1681 obtines

166 1707 202 1732 ut
219 1703 340 1733 dicitur
357 1703 611 1741 prebendarum,
629 1703 664 1732 in
681 1703 877 1732 canonicum
894 1703 997 1741 recipi
1014 1708 1043 1733 et
1061 1704 1095 1732 in
1112 1704 1175 1733 fra-

168 1760 262 1791 trem,
283 1765 320 1786 ac
342 1757 537 1794 providendi
556 1757 621 1786 sibi
639 1766 697 1794 per
717 1760 747 1786 te
766 1756 817 1786 vel
838 1766 896 1794 per
919 1757 1021 1786 alium
1044 1757 1082 1786 de
1101 1766 1176 1795 pre-

167 1809 285 1843 benda,
304 1809 333 1839 si
349 1813 441 1838 vacat
457 1809 582 1839 ibidem
595 1809 635 1838 ad
650 1818 787 1847 presens
804 1809 855 1838 vel
869 1818 968 1847 quam
979 1810 1123 1847 primum
1136 1810 1176 1839 ad

166 1861 201 1890 id
219 1861 375 1892 obtulerit
399 1871 433 1892 se
451 1861 608 1896 facultas,
627 1871 692 1891 non
715 1862 866 1892 obstante
892 1862 921 1891 si
944 1863 1084 1892 ecclesia
1104 1863 1176 1901 ipsa

167 1918 327 1943 statutum
348 1914 468 1944 habeat
488 1914 526 1944 de
546 1919 635 1944 certo
654 1915 889 1944 canonicorum
912 1924 1065 1950 numero,
1083 1916 1176 1954 jnra-

165 1971 276 1996 mento
293 1967 344 1996 vel
361 1967 611 1996 confirmatione
629 1967 723 1997 Sedis
740 1967 918 2004 apostolice
938 1976 996 1997 seu
1017 1977 1176 2006 quocum-

168 2027 231 2056 quc
248 2019 312 2049 alio
328 2019 514 2048 munimine
532 2019 734 2054 roboratum,
759 2023 815 2048 aut
840 2019 869 2048 si
890 2019 998 2049 dictus
1018 2020 1176 2057 magister

167 2071 250 2101 alias
267 2071 484 2101 beneficiatus
501 2071 636 2107 existat,
658 2071 791 2110 plenam
814 2072 875 2100 tibi
894 2072 1105 2102 concedimus
1126 2074 1176 2102 fa-

168 2124 335 2154 cultatem.
362 2125 490 2154 Statuto
512 2125 703 2164 hujusmodi
725 2129 797 2162 post
820 2125 1044 2163 receptionem
1069 2126 1175 2163 ipsius

168 2177 203 2206 in
221 2187 280 2206 suo
300 2177 415 2207 robore
433 2177 601 2207 duraturo.
619 2178 692 2207 Dat.
710 2178 872 2215 Anagnie,
894 2179 922 2208 V
942 2178 1101 2208 kalendas
1122 2188 1176 2208 oc—

169 2230 283 2265 tobris,
303 2238 389 2259 anno
406 2229 523 2267 primo.
543 2241 556 2256 n

242 2449 328 2476 832
650 2448 779 2482 Anagni,
795 2449 828 2474 26
845 2449 1008 2483 septembre
1029 2450 1103 2476 1255.

207 2522 337 2557 capitulo
354 2522 535 2549 Rutbenensi
551 2522 694 2554 concedit,
708 2526 738 2549 ut
749 2523 918 2557 magistrum
933 2523 1045 2550 Petrum
1063 2524 1176 2551 Bari-avi

171 2572 345 2606 praefatum,
369 2572 539 2597 canonicum
560 2572 620 2605 jam
645 2575 802 2606 receptum,
825 2572 890 2603 sed,
908 2573 974 2606 quia
990 2577 1049 2598 erat
1072 2573 1106 2598 de
1123 2582 1177 2599 ex-

172 2620 355 2655 pectantibus
373 2620 443 2645 ultra
460 2620 675 2654 quaternarium
693 2628 859 2653 numerum,
878 2621 1034 2655 privatum,
1052 2622 1086 2646 de
1104 2629 1177 2647 novo

171 2669 199 2695 in
224 2668 395 2694 canonicum
409 2672 437 2694 et
455 2668 482 2694 in
507 2668 620 2693 fratrem
639 2667 773 2702 recipiat,
792 2676 846 2694 non
871 2669 1003 2695 obstante
1019 2673 1126 2696 statuto
1142 2670 1177 2696 de

171 2721 249 2743 certo
267 2716 470 2742 canonicorum
489 2724 618 2743 numero.
635 2715 718 2750 (Rau.
733 2716 777 2748 94,
794 2724 819 2743 c.
837 2716 896 2748 661,
914 2718 933 2743 f.
950 2718 1018 2751 98¹.)

214 2843 227 2857 11
250 2831 390 2868 capitulo
410 2831 606 2859 liuthenensi.
627 2830 844 2868 Exigentibus
866 2837 972 2862 vestre
994 2832 1179 2863 devotionis

171 2900 221 2912 -.
237 2884 310 2912 Dat.
328 2882 490 2920 Anagnie,
509 2883 554 2913 VI
572 2882 732 2912 kalendas
749 2884 902 2920 octobris,
922 2893 1008 2915 anno
1026 2885 1144 2923 primo.
1164 2898 1177 2912 ³)

1319 306 1406 333 833

1822 305 1953 339 Anugni,
1970 305 1998 332 31
2018 304 2084 331 aout
2105 306 2178 332 1255.

1285 367 1433 394 Monachis
1449 368 1613 394 monasterii
1629 377 1654 395 s.
1669 368 1806 402 Stephani
1822 367 2021 400 Basiacensis,
2037 368 2253 395 Xanctonensis

1249 416 1383 447 diocesis,
1398 424 1449 450 pro
1461 416 1648 450 expediendis
1665 416 1788 450 negotiis
1801 416 1964 441 monasterii
1978 416 2113 450 praedicti
2125 421 2152 442 et
2165 425 2254 442 mein-

1249 464 1366 490 brorum
1393 466 1457 498 ejus
1481 465 1514 490 ad
1539 465 1641 490 Sedem
1667 465 1851 498 apostolicam
1878 464 2081 491 accedentibus
2100 470 2126 491 et
2152 473 2253 498 magna

1251 520 1337 538 onera
1359 521 1550 547 expensarum
1577 513 1784 542 subeuntibus,
1807 513 1937 538 concedit
1957 513 2117 539 facultatem
2140 518 2255 539 contra-

1250 560 1336 586 hendi
1363 564 1493 586 mutuum
1521 566 1635 595 propter
1659 561 1713 586 hoc
1736 569 1826 594 usque
1849 560 1881 585 ad
1905 569 2045 586 summam
2064 566 2253 587 trecentarum

1251 618 1411 636 marcarum
1428 611 1631 643 sterlingorum
1648 613 1675 635 et
1691 609 1834 642 obligandi
1851 618 1942 643 usque
1954 609 1985 635 ad
1998 618 2138 636 summam
2153 611 2255 644 buius-

1252 658 1327 684 modi
1343 659 1489 689 abbatem,
1507 662 1681 684 conventum
1698 661 1726 683 et.
1744 658 1817 683 bona
1835 659 1999 683 monasterii
2014 667 2046 683 ac
2063 659 2255 684 membrorum

1252 709 1326 742 ejus.
1348 707 1428 739 (Rae.
1446 707 1494 741 24,
1510 715 1536 733 c.
1553 707 1614 738 662,
1632 706 1650 732 f.
1667 707 1736 737 98'.)

1294 835 1306 848 (ι
1326 823 1456 858 Ranuiso
1470 822 1548 850 dicto
1565 821 1692 850 Carrion
1709 820 1742 848 de
1758 821 1904 848 Droreone
1920 824 1945 848 et
1960 820 2119 848 Gziiiieimo
2135 820 2168 847 de
2190 821 2258 848 Γαί-

1252 875 1361 904 ciliaco
1373 874 1530 911 prioribus
1546 878 1571 902 et
1590 874 1685 901 Herio
1699 873 1777 901 dicto
1790 873 1879 901 Pater
1893 873 2007 906 Noster,
2026 873 2184 900 monachis
2200 882 2257 900 7110-

1252 928 1382 956 nasterii
1403 927 1503 956 sancti
1520 927 1668 963 Stephani
1689 926 1893 959 Baciacerzsis,
1917 925 1956 953 ad
1975 925 2141 953 Romanam
2159 925 2260 953 Eccle-

1252 981 1332 1009 siam
1356 980 1443 1008 nulio
1475 980 1572 1008 medio
1590 979 1789 1016 pertinentis,
1817 978 1936 1006 ordinis
1962 978 2062 1006 sancti
2090 977 2258 1007 Benedicti.

1253 1033 1471 1062 Xanctonensis
1495 1032 1630 1061 diocesis.
1652 1031 1735 1061 Cum
1760 1031 1846 1060 sicut
1868 1030 1902 1059 in
1922 1047 1970 1058 —.
1992 1030 2065 1059 Dat.
2090 1030 2257 1067 Anagnie,

1254 1086 1287 1116 II
1302 1084 1461 1115 kalendas
1478 1084 1686 1122 septembris,
1708 1092 1794 1112 anno
1810 1082 1927 1121 primo.
1948 1095 1960 1109 1>

1326 1283 1415 1311 834

1292 1345 1478 1379 infrascripto
1495 1344 1637 1378 indulget,
1657 1347 1696 1375 nt,
1715 1346 1826 1377 praeter
1842 1342 2013 1368 beneficium
2029 1342 2259 1368 ecclesiasticum

1736 1281 1865 1315 Anagni,
1885 1282 1913 1307 17
1932 1281 2094 1314 septembre
2116 1280 2189 1306 1255.

1252 1396 1312 1429 jam
1328 1394 1486 1423 obtentum,
1504 1393 1561 1418 duo
1578 1393 1630 1418 alia
1646 1392 1768 1418 similem
1781 1399 1877 1417 curam
1889 1391 2047 1417 animarum
2067 1391 2199 1416 babentia
2216 1398 2263 1416 re-

1256 1444 1352 1478 cipere
1369 1442 1467 1468 valeat.
1481 1442 1564 1475 (itae.
1580 1441 1623 1473 2⁷4,
1640 1450 1666 1468 0.
1682 1441 1743 1472 663,
1763 1440 1781 1466 f.
1801 1441 1869 1471 93¹.)

1299 1571 1311 1584 «
1338 1559 1481 1594 Magistro
1504 1557 1564 1585 Azle
1588 1557 1621 1585 de
1647 1556 1799 1589 Daedone,
1832 1556 1942 1583 remori
1971 1555 2088 1583 ecclesie
2117 1555 2263 1582 Omnium

1256 1611 1440 1640 Sanctorum
1463 1610 1558 1645 juria
1584 1613 1719 1637 rastrum
1749 1608 1942 1643 Cati-ebzmyi,
1971 1607 2100 1635 Elicnsis
2127 1606 2262 1634 ‹lior-esis.

1258 1663 1328 1692 Etsi
1350 1666 1482 1700 propter
1504 1661 1703 1690 ambitiones
1720 1677 1768 1688 —.
1790 1661 1860 1689 Dat.
1880 1659 2047 1696 Anagnie.
2068 1659 2129 1687 XV
2149 1658 2264 1687 kalen-

1258 1716 1315 1745 das
1334 1714 1488 1749 octobris,
1507 1722 1592 1743 anno
1609 1713 1726 1751 primo.
1748 1725 1759 1738 n

1293 1841 1324 1867 In
1341 1849 1366 1866 ei
1386 1849 1422 1866 m.
1441 1848 1490 1874 pro
1508 1840 1644 1872 magistro
1662 1839 1723 1864 Ade
1743 1838 1776 1864 de
1794 1837 1946 1867 Lincolne,
1966 1841 2075 1863 rectore
2091 1837 2213 1862 ecclesie
2230 1837 2263 1861 de

1259 1889 1442 1923 Hmuedone,
1462 1889 1673 1915 Lincolniensis
1687 1887 1821 1913 diocesis.

1330 2084 1417 2113 835

1294 2146 1473 2173 Conventum
1490 2153 1513 2171 s.
1540 2144 1662 2170 Swituni
1684 2141 1910 2175 &Vintoniensiffi
1927 2148 2042 2167 causam
2065 2139 2139 2174 apud
2159 2139 2263 2164 Sedem

1807 2080 1931 2113 Anagni,
1950 2080 1964 2105 5
1981 2079 2097 2105 octobre
2116 2078 2192 2105 1255.

1259 2196 1443 2231 apostolicam
1461 2197 1560 2220 contra
1575 2194 1698 2219 electum
1714 2191 1950 2217 Wintoniensem
1978 2193 2215 2225 prosequentem,
2239 2192 2266 2213 et

1260 2245 1377 2272 nuntios
1402 2243 1494 2278 ipsius
1519 2243 1573 2268 sub
1600 2243 1626 2269 b.
1654 2241 1731 2267 Petri
1756 2240 1932 2275 protectione
1958 2238 2091 2272 suscipit.
2112 2237 2193 2270 (lise.
2216 2237 2265 2267 ⁶24,

1260 2302 1286 2321 0.
1307 2293 1368 2324 664,
1384 2293 1403 2319 f.
1421 2291 1488 2325 98³.)

1304 2421 1315 2435 α
1340 2408 1485 2436 Wiiielmo
1501 2407 1534 2435 de
1553 2407 1696 2439 Tantone,
1718 2405 1874 2442 capellano
1892 2407 2008 2437 nostro,
2030 2402 2132 2439 priori
2153 2405 2177 2429 et
2195 2409 2267 2429 con-

1260 2463 1367 2492 ventui
1389 2461 1488 2490 sancti
1512 2459 1643 2489 Swicuri
1664 2455 1891 2491 Ii'int'oniensis,
1913 2456 2033 2484 ordinis
2052 2455 2152 2483 sancti
2176 2454 2268 2482 Brac-

1261 2516 1346 2544 dieti.
1379 2514 1461 2543 Cum
1491 2510 1741 2550 prosequamini
1773 2509 1859 2547 apud
1898 2508 2015 2537 Sedem
2055 2505 2268 2545 apostolicam

1261 2576 1395 2598 causam
1409 2574 1472 2605 que
1485 2565 1572 2594 inter
1584 2572 1640 2593 vos
1657 2573 1694 2593 ex
1709 2567 1800 2601 parte
1814 2571 1881 2592 una
1895 2565 1925 2591 et
1940 2560 2097 2589 dilectum
2112 2559 2217 2588 filiuni
2234 2580 2266 2593 ..‚

1261 2621 1402 2651 electum
1430 2617 1700 2648 Wintoniensem
1725 2615 1873 2645 noscitur
1894 2613 2030 2651 agitari,
2052 2621 2122 2643 nos,
2149 2610 2268 2640 vestris

1263 2670 1561 2711 supplicationibus
1582 2669 1751 2703 inclinati,
1778 2671 1905 2697 vestras
1924 2670 1955 2695 et
1977 2664 2208 2695 adherentium
2233 2662 2267 2691 in

1262 2726 1324 2755 hoc
1349 2723 1443 2754 vobis
1467 2731 1625 2761 personas
1652 2725 1768 2751 euntes
1790 2724 1821 2750 et
1846 2722 2012 2748 morantes
2037 2717 2071 2745 in
2093 2715 2213 2752 Anglia
2237 2718 2267 2744 et

1264 2777 1381 2808 exinde
1402 2775 1578 2805 redeuntes
1605 2783 1641 2804 ac
1661 2782 1819 2812 personas
1839 2771 1971 2801 illorum
1995 2778 2087 2808 quos,
2113 2776 2186 2797 cum
2210 2776 2268 2795 ne-

1264 2839 1355 2861 ccsse
1365 2839 1401 2859 ac
1411 2828 1504 2858 vobis
1515 2828 1624 2857 visum
1635 2826 1736 2856 fuerit
1746 2825 1909 2864 expedire,
1922 2822 2082 2853 miseritis
2095 2820 2267 2850 occasione

1264 2892 1363 2913 cause
1379 2880 1570 2921 hujusmodi
1590 2880 1651 2910 sub
1672 2878 1760 2909 beati
1779 2877 1869 2908 Petri
1887 2881 1918 2906 et
1939 2879 2047 2905 nostra
2067 2872 2268 2911 protectione
