2498 3325
259 264 316 293 418
982 258 1221 290 REGISTRES
1243 257 1550 287 D'ALEXANDRE
1573 258 1625 287 IV.

262 342 275 356 »
300 329 385 368 quod
403 328 441 358 de
457 327 575 365 legatis
592 326 716 357 relictis
733 326 884 364 episcopo
900 325 1087 355 Tusculano
1110 334 1168 355 seu
1189 333 1262 362 pre-

262 396 275 409 »
300 382 377 411 satis
399 380 705 418 archipresbiteris,
729 379 922 417 presbiteris
942 379 1011 408 sive
1027 388 1140 411 eorum
1158 378 1262 408 eccle-

262 448 275 461 »
301 435 360 464 siis
386 434 426 463 ab
446 432 635 472 hujusmodi
657 431 902 470 parrochianis,
931 431 1021 460 nulla
1048 440 1183 470 prorsus
1208 430 1263 460 fiat

262 500 275 513 »
300 486 451 516 deductio
475 490 529 514 aut
555 485 778 523 compensatio
798 484 969 514 habeatur.
995 484 1058 514 Sed
1077 492 1129 518 ea,
1155 487 1264 522 preter

262 552 275 565 n
299 540 460 578 prefatam
478 538 624 573 terciam,
650 537 735 576 apud
757 537 866 575 ipsum
884 537 1073 575 episcopum
1100 541 1131 566 et
1153 535 1264 566 archi-

262 605 274 618 »
299 591 500 630 presbiteros
517 591 586 620 sive
603 599 714 620 corum
735 589 893 619 ecclesias
909 590 1039 627 integra
1061 593 1217 619 maneant
1233 592 1264 618 et

263 657 275 670 »
300 643 480 682 persistant
513 653 518 671 :
551 647 767 671 memoratum
797 645 1041 680 procuratorem
1074 641 1203 671 abbatis
1234 645 1264 670 et

262 709 275 723 2»
300 700 492 730 conventus,
510 696 657 734 ipsorum
673 695 816 727 nomine,
831 700 859 724 et
874 695 962 732 ipsos
977 694 1128 724 abbatem
1143 699 1173 724 et
1187 702 1264 723 con-

263 762 275 776 »
302 753 434 779 ventum
450 758 506 786 per
517 748 656 778 eundem
674 752 918 786 procuratorem
930 746 1174 777 sententialiter
1187 755 1266 776 con-

263 815 275 829 »
300 802 526 840 dempnamus,
540 800 730 830 inhibentes
743 800 866 830 eisdem
879 809 919 830 ne
931 808 1065 838 corpora
1078 799 1265 838 aliquorum

263 868 276 882 »
301 854 594 894 parrochianorum
612 854 832 892 predictorum
857 853 913 892 qui
935 853 1021 891 apud
1042 862 1097 883 eos
1117 862 1181 882 non
1199 852 1266 882 ele-

263 921 276 935 »
302 908 409 947 gerint
435 907 580 946 sepeliri,
609 907 647 937 ad
675 907 877 945 sepulturam
905 906 1091 935 admittant.
1120 905 1213 942 Quod
1238 905 1265 934 si

264 974 277 988 »
303 965 416 991 contra
436 960 520 990 hanc
543 964 688 989 nostram
708 959 943 989 inhibitionem
964 958 1103 998 [a]liqua
1123 958 1266 988 admise-

264 1026 277 1040 »
302 1014 379 1048 rint,
407 1012 628 1047 decernimus,
655 1017 690 1041 ut
714 1012 842 1047 omnia,
867 1021 930 1050 que
951 1011 1124 1042 occasione
1150 1011 1267 1050 hujus-

265 1079 277 1092 »
303 1066 391 1095 modi
415 1065 455 1094 ad
473 1065 562 1103 ipsos
583 1064 793 1099 obvenerint,
817 1065 973 1102 predictis
995 1064 1147 1102 episcopo
1166 1068 1196 1093 et
1214 1072 1266 1092 ar-

264 1131 277 1144 »
302 1117 553 1156 chipresbiteris
569 1121 599 1146 et
617 1117 812 1155 presbiteris
834 1117 962 1154 integre
985 1117 1179 1151 restituant,
1197 1116 1267 1145 sive

264 1184 277 1197 »
302 1171 402 1200 etiam
421 1169 571 1200 ecclesiis
586 1169 776 1203 eorundem,
790 1169 847 1199 sed
864 1173 894 1199 et
906 1169 1045 1198 firmiter
1062 1168 1264 1204 inhibemus,

263 1236 276 1250 ,ι
302 1223 389 1262 quod
408 1222 644 1261 parrochianos
666 1222 829 1260 predictos
847 1222 885 1251 ad
902 1221 1015 1260 aliqua
1031 1221 1144 1250 divina
1160 1221 1268 1251 officia

263 1288 276 1302 »
301 1285 358 1306 seu
378 1275 602 1306 ecclesiastica
617 1278 824 1304 sacramenta
839 1278 953 1303 contra
966 1274 1033 1312 jus,
1049 1283 1107 1304 seu
1124 1274 1266 1312 propriis

261 1342 273 1355 ›>
299 1328 496 1366 contemptis
516 1327 721 1365 presbiteris,
749 1327 787 1357 de
813 1331 921 1357 cetero
940 1335 1005 1356 non
1029 1326 1215 1361 admittant,
1236 1330 1267 1356 et

261 1394 274 1408 »
300 1382 340 1411 ad
357 1381 417 1411 bec
441 1381 552 1411 onmia
575 1381 741 1419 prefatum
761 1384 1007 1418 procuratorem
1026 1380 1188 1410 dictorum
1210 1380 1267 1410 ab·

262 1447 275 1461 »
299 1434 386 1464 batis
403 1439 434 1464 et
450 1437 643 1468 conventus,
662 1433 841 1463 eorundem
858 1433 1002 1469 nomine,
1019 1436 1050 1462 et
1066 1432 1155 1471 ipsos
1172 1433 1268 1462 ahba-

263 1499 276 1513 »
301 1491 367 1517 tem
390 1491 421 1517 et
441 1490 638 1516 conventum
660 1495 717 1524 per
740 1485 951 1515 diffinitivam
974 1486 1173 1516 sententiam
1191 1495 1268 1516 con-

265 1552 278 1567 »
303 1540 531 1579 dempnamus.
563 1540 668 1578 Super
699 1539 775 1569 aliis
805 1547 882 1568 vero
913 1539 948 1568 in
980 1539 1127 1577 predicto
1156 1539 1269 1570 libello

263 1606 276 1621 »
302 1593 430 1632 petitis.
449 1593 554 1623 dictos
577 1592 727 1622 abbatem
747 1596 778 1623 et
795 1596 993 1622 conventum
1010 1592 1213 1623 absolvimus
1230 1593 1269 1623 ab

265 1659 278 1673 »
303 1646 511 1685 impetitione
525 1645 670 1684 episcopi
681 1645 854 1675 memorati
867 1649 898 1675 et
910 1645 1073 1675 dictorum
1086 1645 1270 1684 archipres-

264 1712 278 1727 »
302 1699 495 1734 biterorum,
512 1698 771 1737 presbiterorum
786 1702 817 1728 et
830 1698 1026 1729 clericorum
1038 1698 1180 1729 diocesis
1192 1700 1270 1729 Tus-

266 1764 279 1778 »
305 1751 435 1782 calane.

306 1817 318 1831 »
349 1805 386 1834 In
414 1804 508 1843 cujus
535 1804 582 1834 rei
608 1804 847 1839 testimonium,
873 1808 1044 1842 presentes
1067 1805 1195 1835 litteras
1216 1815 1273 1843 per

266 1870 279 1884 »
304 1857 474 1888 Matheum
504 1857 669 1886 notarium
694 1857 946 1895 infrascriptum
973 1857 1047 1887 fieri
1075 1857 1215 1888 fecimus
1243 1862 1273 1887 et

267 1923 280 1937 »
305 1914 418 1940 nostro
446 1909 556 1947 sigillo
581 1909 719 1938 muniri.
748 1910 866 1939 Actum
891 1910 1047 1939 Laterani
1071 1919 1181 1940 coram
1207 1910 1273 1940 hiis

267 1975 280 1989 »
307 1962 457 1996 testibus,
476 1962 618 1997 Anthea,
639 1961 762 1992 decano
778 1962 1014 1999 Agrigentino,
1036 1963 1195 2000 magistro
1214 1964 1274 1993 Pe-

267 2028 280 2042 »
304 2019 369 2051 tro,
389 2015 562 2045 scolastico
579 2015 737 2049 Lucensi,
758 2015 900 2045 Geraldo
921 2015 1094 2051 Menendi,
1114 2016 1274 2046 canonico

267 2080 280 2095 n
306 2068 549 2106 Portugalensi,
569 2067 703 2105 Pelagio
718 2067 807 2097 Petri
825 2072 854 2098 et
872 2068 1015 2098 Martino
1032 2068 1199 2098 Dominici
1213 2068 1274 2098 cle-

268 2133 281 2147 »
306 2121 401 2155 ricis,
429 2130 516 2150 anno
550 2120 684 2150 Domini
714 2120 915 2155 M⁰CC⁰LVI⁷
949 2129 1064 2150 mense
1094 2121 1192 2156 maii,
1222 2121 1274 2151 die

268 2186 281 2201 »
307 2175 422 2213 quinto
434 2175 590 2205 intrante.
601 2174 783 2203 indictione
796 2175 909 2209 XIIII,
921 2174 1133 2212 pontificatus
1148 2175 1274 2204 domini

269 2239 282 2253 >t
307 2227 486 2257 Alexandri
506 2236 586 2265 pape
603 2228 671 2257 IIII
691 2236 777 2257 anno
795 2227 949 2256 secundo.

309 2292 322 2306 »
341 2280 407 2317 Ego
427 2280 578 2309 Mathcus
595 2280 806 2314 Narniensis,
823 2284 1031 2310 sacrosancte
1048 2281 1196 2311 Romane
1214 2282 1275 2311 Ec-

270 2345 283 2359 »
308 2332 408 2362 clesie
445 2333 639 2362 auctoritate
681 2333 829 2363 notarius
849 2356 854 2368 ‚
893 2333 1070 2371 prolationi
1110 2335 1275 2365 sententie

271 2396 284 2410 »
309 2385 489 2426 prescripto
517 2385 671 2420 interfui,
701 2389 731 2415 et
760 2385 799 2415 de
829 2385 983 2415 mandato
1014 2386 1092 2416 dicti
1124 2387 1276 2425 magistri

272 2449 285 2463 »
310 2437 445 2466 Martini
467 2437 584 2475 scripsi
608 2442 637 2467 et
658 2438 691 2466 in
712 2437 875 2475 publicam
897 2438 1036 2468 formam
1059 2439 1182 2477 redegi.
1208 2441 1275 2470 No-

273 2502 285 2515 »
311 2489 401 2518 mina
424 2498 499 2518 vero
522 2490 814 2527 pai-rochianorum
839 2495 867 2520 et
890 2492 1071 2521 mortuaria
1092 2501 1150 2522 seu
1169 2492 1276 2530 legata

273 2554 285 2567 >1
310 2541 361 2571 vel
377 2541 633 2571 fideicommissa
650 2542 700 2571 vel
716 2542 830 2572 relicta
847 2543 886 2572 ab
903 2543 985 2581 ipsis
1001 2544 1242 2582 parrochianis,
1259 2554 1277 2574 a

273 2606 286 2621 »
311 2594 468 2632 predictis
485 2594 601 2623 abbate
619 2599 647 2623 et
665 2599 829 2625 conventu
845 2600 1006 2634 percepta,
1023 2606 1085 2635 que
1102 2598 1276 2628 continen-

274 2659 286 2673 »
312 2650 365 2676 tur
384 2647 419 2675 in
441 2646 552 2676 libello
573 2647 677 2684 posito
700 2647 733 2676 in
754 2649 911 2685 Regesto,
930 2649 1009 2687 quia
1034 2649 1188 2680 dominus
1208 2660 1277 2680 ma-

274 2711 287 2726 »
313 2699 415 2736 gister
428 2698 592 2730 Martinus
608 2699 776 2728 mandavit
794 2700 876 2729 mihi
894 2701 980 2739 quod
995 2701 1029 2730 in
1042 2701 1154 2732 libello
1171 2703 1277 2740 posito

274 2764 287 2778 »
312 2752 346 2781 in
366 2751 531 2782 sententia
549 2752 730 2789 prescripta
753 2762 817 2782 non
836 2753 1029 2789 insererem,
1051 2764 1089 2784 ea
1108 2755 1185 2785 huic
1202 2766 1278 2786 sen-

276 2816 288 2831 »
315 2805 415 2834 tentie
433 2804 581 2833 inserere
596 2805 794 2842 pretermisi.
816 2818 827 2831 n

315 2869 328 2883 n
346 2856 438 2886 Nulli
456 2860 644 2895 eto—nostre
661 2858 922 2888 confirmationis
941 2864 1002 2888 etc.
1023 2860 1095 2890 Dat.
1114 2861 1277 2898 Anagnie,

274 2910 340 2938 IIII
359 2909 432 2938 idus
445 2909 544 2947 junii,
565 2918 650 2938 anno
666 2910 820 2939 secundo.
842 2922 853 2936 η

1417 322 1532 351 1366
1950 321 2052 349 Lati-an
2062 343 2068 353 .
2085 323 2101 350 9
2116 323 2187 349 avril
2206 322 2280 350 t‘356.

1380 383 1485 410 Abbati
1502 387 1530 410 et
1545 383 1700 410 conventui
1719 384 1885 410 monasterii
1903 382 1934 411 S.
1950 383 2085 410 Germani
2101 383 2136 410 de
2153 383 2266 419 Seleby,
2280 383 2357 411 Ebo-

1345 431 1476 458 racensis
1491 432 1626 463 diocesis,
1643 432 1676 458 ad
1694 431 1892 467 supportanda
1909 432 2112 466 hospitalitatis
2123 440 2210 458 onera
2221 432 2358 459 concedit

1345 480 1372 506 in
1388 487 1459 506 usus
1476 481 1608 515 proprios
1624 480 1831 515 parrochialem
1849 480 2003 507 ecclesiam
2025 480 2060 506 de
2081 479 2270 514 Ludyngton,
2287 479 2358 507 Lin-

1345 528 1503 555 colniensis
1519 529 1655 563 diocesis,
1673 529 1700 555 in
1714 537 1769 564 qua
1781 531 1833 563 Jus
1849 533 2017 563 patronatus
2032 525 2138 555 habent
2151 532 2179 555 et
2193 530 2280 563 quus
2291 536 2357 564 pro·

1346 581 1450 604 ventus
1473 577 1562 604 XXV
1586 586 1697 604 marcas
1717 578 1829 612 argenti
1852 578 1936 604 annis
1960 578 2086 611 singulis
2108 578 2155 604 vix
2177 577 2324 605 excedunt
2348 587 2355 604 ε

1347 636 1360 648 ‹-
1387 626 1530 660 Quicquid
1551 630 1650 652 contra
1675 626 1819 660 presentis
1839 625 1942 652 indulti
1964 626 2054 652 nostri
2078 629 2206 652 tenorem
2225 625 2260 652 de
2279 625 2357 653 dicta

1346 675 1469 701 ecclesia
1484 683 1550 701 cum
1563 675 1681 709 juribus
1696 679 1724 701 et
1741 675 1922 710 pertinentiis
1943 675 2006 701 suis
2027 675 2054 702 in
2078 675 2268 710 prejudicium
2285 682 2355 702 nos-

1347 727 1422 750 trum
1447 728 1543 750 nostra
1566 724 1609 750 vel
1630 724 1733 758 quavis
1753 723 1923 749 auctoritate
1944 731 1994 757 per
2013 731 2227 758 quemcumque
2248 723 2358 750 sactum

1347 773 1390 799 vel
1402 776 1600 807 attemptatum
1613 773 1708 803 fuerit,
1720 772 1905 799 decernimus
1916 772 2029 799 irritum
2042 776 2069 798 et
2081 772 2177 800 inane.
2188 783 2201 796 n
2215 771 2299 806 (Rzu.
2310 772 2357 806 24,

1347 822 1366 848 f.
1386 822 1458 854 1752
1475 830 1542 848 ann.
1555 820 1593 854 ll,
1608 829 1634 848 c.
1653 821 1726 854 301.)

1390 935 1402 949 α
1426 946 1458 959 ..,
1478 924 1595 958 abbati,
1613 928 1639 952 et
1657 925 1821 952 conventui
1841 923 2022 952 monasterii
2037 923 2144 952 Sancti
2163 922 2309 952 Germani
2323 922 2360 952 de

1346 977 1463 1014 Seleby,
1494 977 1614 1005 ordinis
1653 978 1754 1006 sancti
1784 977 1953 1011 Benedicti,
1992 976 2188 1005 Eboracensis
2221 975 2360 1006 diocesis.

1348 1029 1541 1059 Devotionis
1566 1033 1673 1058 vestre
1702 1029 1819 1059 merita
1845 1046 1894 1057 —-.
1924 1029 1997 1059 Dat.
2029 1028 2202 1062 Laterani.
2227 1029 2256 1058 V
2283 1027 2360 1058 idus

1349 1082 1476 1121 aprilis,
1494 1091 1580 1112 anno
1598 1082 1753 1112 secundo.
1774 1094 1786 1108 n

1425 1273 1537 1301 136¹?
1940 1272 2066 1306 Anagni,
2085 1271 2114 1299 31
2135 1272 2191 1298 mai
2210 1271 2288 1299 ¹256.

1386 1335 1493 1362 Abbati
1509 1334 1641 1370 ejusdem
1663 1334 1830 1361 monasterii
1849 1333 1984 1360 concedit
2002 1333 2030 1359 iu
2050 1336 2222 1368 perpetuum
2237 1333 2362 1360 faculta-

1351 1387 1407 1410 tem
1426 1384 1523 1410 utendi
1539 1384 1656 1416 annulo,
1673 1383 1766 1417 mitra,
1784 1382 1886 1408 baculo
1903 1381 2050 1417 pastorali,
2068 1382 2180 1416 tunica,
2196 1381 2360 1415 dalmatica,

1351 1432 1507 1458 cirothecis
1523 1435 1551 1458 et
1567 1431 1704 1458 sandaliis
1719 1439 1753 1457 ac
1775 1429 1964 1456 benedicendi
1985 1429 2073 1465 pallas
2089 1429 2187 1456 altaris
2203 1433 2232 1456 et
2245 1429 2300 1456 alia
2314 1437 2364 1457 or-

1351 1483 1486 1507 namenta
1493 1479 1692 1506 ecclesiastica
1701 1482 1729 1506 et
1739 1477 1904 1506 conferendi
1918 1478 2037 1513 primam
2048 1481 2207 1505 tonsuram.
2221 1477 2303 1510 (Rau.
2315 1477 2363 1512 24,

1351 1530 1371 1556 s.
1390 1529 1464 1561 t75v,
1481 1537 1549 1556 ann.
1567 1528 1604 1562 ΙΙ,
1621 1537 1646 1556 6.
1665 1528 1752 1561 3012.)

1395 1643 1408 1657 «
1425 1631 1555 1660 Eisdem.
1575 1630 1620 1661 Ut
1635 1629 1750 1668 pulcra
1765 1633 1797 1660 et
1812 1646 1862 1658 —.
1879 1630 1954 1659 Dat.
1971 1628 2134 1666 Anagnie,
2151 1629 2185 1659 II
2203 1627 2364 1659 kalendas

1350 1684 1451 1723 junii,
1469 1692 1556 1713 anno
1572 1682 1726 1713 secundo.
1751 1695 1764 1709 »

1431 1867 1547 1896 ¹368
1947 1867 2072 1900 Anagni,
2090 1866 2120 1893 31
2141 1865 2195 1892 mai
2216 1865 2292 1892 1256.

1392 1929 1508 1956 Eisdem
1524 1929 1619 1955 abbati
1635 1932 1662 1955 et
1677 1928 1833 1955 conventui
1849 1928 2000 1954 confirmat
2022 1927 2169 1954 libertates
2180 1949 2187 1960 ‚
2205 1929 2367 1954 consuetu-

1357 1978 1439 2005 dines
1455 1982 1621 2012 certamque
1634 1977 1868 2012 jtirisdictionem
1885 1980 2053 2003 consuetam
2070 1977 2098 2003 in
2115 1975 2248 2003 ecelesiis
2261 1974 2296 2002 de
2311 1974 2367 2002 Se-

1358 2027 1421 2062 leby
1446 2031 1475 2054 et
1499 2027 1534 2053 de
1559 2026 1659 2061 Snayt,
1684 2026 1878 2052 Eboracensis
1903 2025 2041 2052 diocesis.
2064 2024 2150 2058 (Rau.
2172 2024 2220 2056 ⁶24,
2246 2024 2266 2052 f.
2291 2024 2368 2056 175¹,

1357 2084 1424 2102 ann.
1445 2075 1488 2108 ΙΙ,
1503 2084 1528 2102 c.
1546 2075 1632 2107 301³.)

1401 2189 1413 2203 «
1434 2177 1564 2206 Eisdem.
1580 2176 1798 2214 Exigentibus
1814 2179 1922 2205 vestre
1937 2174 2122 2205 devotionis
2135 2191 2184 2202 —.
2201 2173 2284 2204 Cum
2302 2173 2369 2212 igi-

1359 2234 1422 2265 tur,
1438 2230 1523 2260 sieut
1543 2239 1580 2260 ex
1596 2234 1687 2268 parte
1706 2233 1815 2259 vestra
1831 2228 1895 2258 suit
1909 2227 2114 2266 propositum
2131 2235 2239 2256 coram
2257 2226 2367 2263 nobis,

1358 2284 1394 2313 in
1419 2284 1458 2313 de
1480 2283 1600 2322 Seleby
1625 2287 1655 2313 et
1681 2282 1720 2312 de
1739 2282 1845 2320 Snayt
1868 2281 2036 2316 ecclesiis,
2057 2279 2276 2310 Eboracensis
2295 2279 2368 2310 dio-

1359 2336 1456 2371 cesis,
1471 2345 1507 2365 ac
1521 2335 1714 2366 hominibus
1731 2340 1762 2365 et
1775 2334 2006 2373 parrochianis
2018 2334 2167 2372 ipsarum
2178 2342 2214 2363 ac
2226 2332 2316 2363 villis
2327 2332 2370 2363 ad

1360 2398 1415 2419 eas
1430 2388 1656 2427 spectantibus
1672 2389 1725 2418 usi
1738 2388 1882 2422 fueritis,
1901 2397 1919 2417 a
1934 2391 2079 2425 tempore
2091 2386 2185 2425 cujus
2201 2394 2267 2416 non
2282 2388 2370 2416 extat

1360 2442 1538 2475 memoria,
1570 2442 1770 2480 quibusdam
1799 2440 2030 2475 libertatibus,
2069 2438 2369 2469 consuetudinibus

1360 2499 1390 2525 61
1409 2494 1702 2533 jurisdictionibus
1725 2494 1813 2523 circa
1833 2493 2071 2523 correctionem
2088 2491 2242 2521 videlicet
2261 2499 2370 2521 exces-

1360 2557 1457 2577 suum
1485 2548 1648 2577 dictorum
1675 2547 1848 2577 hominum
1877 2551 1907 2576 et
1938 2545 2233 2584 parrochianorum
2264 2543 2370 2574 eccle-
2399 2570 2403 2573 .

1360 2601 1485 2630 siarum
1504 2601 1664 2638 ipsarum,
1682 2601 1770 2630 circa
1788 2599 1980 2630 citationem
1999 2602 2031 2627 et
2049 2597 2272 2635 cognitionem
2291 2605 2371 2626 eau-

1361 2662 1473 2683 sarum
1497 2653 1656 2691 ipsorum,
1684 2657 1748 2682 tarn
1774 2651 2000 2682 criminalium
2024 2659 2124 2689 quam
2144 2648 2305 2684 civilium,
2329 2647 2372 2678 ad

1361 2706 1625 2736 ecclesiasticum
1640 2707 1748 2736 forum
1765 2704 1997 2744 spectantium,
2018 2706 2049 2733 et
2067 2703 2155 2743 circa
2171 2701 2236 2732 alia
2252 2709 2316 2740 que
2329 2700 2371 2731 ad

1357 2759 1627 2797 jurisdictionem
1640 2768 1764 2788 noscun
1771 2763 1822 2788 tur
1833 2756 2094 2788 ecclesiasticam
2106 2755 2285 2794 pertinere,
2298 2761 2370 2790 uos,

1362 2811 1481 2841 vestris
1511 2811 1810 2849 supplicationibus
1841 2809 2011 2844 inclinati,
2044 2807 2248 2847 presentium
2277 2805 2372 2836 vobis

1362 2864 1557 2894 auctoritate
1577 2864 1804 2898 concedhnus,
1824 2868 1857 2893 ut
1880 2863 1914 2891 in
1932 2861 2104 2900 premissis
2125 2860 2211 2890 circa
2227 2859 2288 2890 hec
2305 2858 2372 2889 eis-

1362 2916 1434 2946 dem
1461 2916 1683 2951 libertatibus,
1710 2914 2009 2947 consuetudinibus
2029 2918 2056 2944 et
2078 2910 2371 2952 jurisdictionibus
