2441 3330
980 228 1202 267 PREMIERE
1225 231 1383 268 ANNEE.
2193 243 2229 271 75

135 302 279 342 posuisti
310 301 479 340 presentia
508 303 719 337 constitutus,
755 326 787 338 ..,
819 303 920 333 abbas
951 301 1146 331 monasterii

136 354 398 393 Moysiacensis,
421 354 569 393 ejusdem
587 355 731 390 ordinis,
751 355 892 385 diocesis
915 354 1143 389 Caturcensis,

138 415 291 437 asserens
313 406 552 436 monasterium
574 408 754 437 Lesatense
776 407 977 437 monasterio
1000 415 1058 436 suo
1083 406 1146 434 im-

136 459 280 489 mediate
297 458 444 494 subesse,
464 463 494 488 te
510 468 528 488 a
542 459 704 496 regimine
720 460 826 497 ipsius
840 459 1034 488 monasterii
1050 459 1146 488 Lesa-

137 511 243 541 tensis
259 514 331 549 post
349 510 604 548 appellationem
626 511 667 540 ad
691 511 808 541 Sedem
831 510 1044 549 apostolicam
1064 510 1147 547 legi-

136 563 218 593 time
234 562 442 601 interjectam
459 563 660 601 presumpsit
677 563 966 602 contrajustitiam
983 571 1144 595 amovere,

139 615 319 646 Geraldum
340 615 484 653 priorem
507 616 613 645 sancti
636 616 726 646 Petri
749 616 787 645 de
810 615 970 654 Coquinis
993 614 1148 644 Tolosani

138 667 339 698 monachum
369 677 465 697 suum
493 668 640 706 ejusdem
670 668 864 697 monasterii
892 667 1083 697 Lesatensis
1110 666 1148 696 de

137 721 225 751 facto
242 720 419 758 preficiens
435 720 469 749 in
487 720 651 750 abbatem.
669 720 752 751 Cum
774 720 886 758 itaque
909 719 1017 749 felicis
1040 728 1148 748 recor-

138 772 284 803 dationis
307 773 332 802 1.
359 782 443 810 papa
464 772 677 810 predecessor
702 776 814 802 noster
836 772 1009 809 negocium
1031 771 1149 810 hujus-

137 824 227 855 modi
246 824 286 854 ad
301 825 580 854 examinationem
597 825 691 855 Sedis
712 824 890 863 apostolice
908 824 1087 858 revocarit,
1108 832 1149 852 ne

136 886 195 915 pro
214 885 433 915 expensarum
453 877 584 907 defectu
603 877 690 916 juris
707 877 754 906 tui
771 876 982 914 dispendium
997 875 1147 914 patiaris,

137 939 198 960 nos
212 930 278 960 tuis
294 929 448 968 precibus
464 929 629 966 inclinati,
649 929 866 960 contrahendi
882 933 1034 958 mutuum
1053 938 1149 966 prop-

137 985 188 1013 ter
209 982 271 1012 hoc
292 992 399 1021 usque
415 983 456 1012 ad
474 992 637 1012 summam
652 984 742 1013 XLV
761 991 947 1012 marcarum
971 981 1100 1019 argenti
1119 985 1150 1010 et

137 1035 248 1073 ipsum
268 1036 507 1066 monasterium
528 1035 706 1065 Lesatense
730 1044 766 1065 ac
787 1036 858 1074 ejus
874 1035 960 1064 bona
976 1034 1149 1064 creditori-

136 1087 199 1117 bus
222 1087 392 1125 obligandi
410 1097 446 1117 ac
466 1088 688 1118 renunciandi
707 1088 939 1118 constitutioni
961 1088 998 1117 de
1020 1087 1148 1116 duabus

138 1140 237 1170 dietis
260 1140 365 1170 edicte
385 1141 420 1170 in
444 1141 583 1170 concilio
606 1141 753 1179 generali
774 1145 803 1171 et
826 1140 988 1170 beneficio
1012 1139 1148 1169 restitu—

138 1192 241 1223 tionis
256 1193 292 1222 in
311 1193 479 1230 integrum
499 1198 529 1222 et
548 1193 761 1223 conventioni
778 1193 929 1232 judicum
944 1210 998 1226 —‚
1017 1192 1149 1230 plenam

138 1245 202 1275 tibi
219 1245 430 1276 concedimus
447 1247 642 1276 auctoritate
658 1246 864 1285 presentium
880 1245 1082 1275 facultatem.
1099 1246 1149 1275 lta

138 1301 250 1328 tamen
279 1298 367 1336 quod
395 1299 614 1329 creditoribus
644 1299 726 1337 ipsis
752 1298 944 1337 hujusmodi
972 1298 1149 1336 pecuniam

138 1350 277 1385 solvere,
292 1360 421 1381 necnon
438 1355 469 1381 et
485 1351 636 1389 dampna,
656 1361 816 1390 expensas
833 1355 864 1381 et
880 1351 1053 1385 interesse,
1070 1350 1099 1379 si
1112 1349 1147 1378 in

138 1403 281 1434 termino
311 1407 433 1433 statuto
462 1404 637 1442 pecuniam
666 1413 732 1434 non
762 1404 901 1434 solveris
932 1406 1148 1432 memoratam

137 1456 314 1486 restituere
331 1457 476 1486 tenearis
491 1461 521 1486 et
534 1457 672 1494 prefatis
689 1457 908 1487 creditoribus
924 1459 1074 1494 pretextu
1091 1455 1148 1484 ali-

137 1509 232 1548 cujus
261 1509 510 1540 constitutionis
537 1510 694 1540 canonice
721 1510 773 1540 vel
797 1509 921 1545 civilis,
954 1513 1009 1538 aut
1036 1509 1147 1547 cujus-

137 1570 279 1600 cumque
294 1561 463 1600 privilegii
483 1562 535 1592 vel
551 1562 758 1600 indulgentie
779 1562 817 1592 de
836 1561 957 1601 quihus
973 1562 1008 1590 in
1026 1561 1147 1591 nostris

136 1613 259 1644 litteris
275 1614 452 1652 specialem
478 1619 508 1644 et
526 1614 659 1653 plenam
680 1615 754 1645 fieri
776 1619 922 1653 oporteat
945 1614 1148 1644 mentionem

137 1670 169 1696 et
192 1675 249 1704 per
269 1675 332 1705 que
348 1670 379 1696 te
396 1667 458 1705 (sic)
481 1676 517 1697 ac
538 1676 746 1698 successores
767 1668 815 1698 tui
833 1667 969 1705 possitis
985 1667 1020 1696 in
1037 1667 1147 1705 aliquo

138 1728 195 1749 vos
211 1719 309 1754 tueri,
327 1719 448 1749 dictam
462 1720 639 1758 pecuniam
654 1721 689 1750 in
707 1721 855 1759 ejusdem
870 1720 1066 1750 monasterii
1082 1720 1148 1749 uti-

137 1772 268 1802 litatem
287 1772 393 1803 fuisse
414 1782 607 1803 conversam
623 1773 784 1811 probandi
800 1774 1002 1803 neccessitas
1019 1782 1083 1802 non
1100 1773 1148 1801 in-

138 1825 282 1855 cumbat.
315 1826 389 1854 Dat.
424 1825 582 1863 Neapoli,
613 1827 676 1856 XV
705 1826 865 1856 kalendas
896 1825 1029 1867 aprilis,
1061 1834 1147 1855 anno

135 1878 255 1916 primo.
275 1890 287 1904 n

207 2043 297 2071 223

171 2103 303 2138 Suggero
320 2103 395 2130 Petri
413 2104 554 2136 concedit,
574 2108 604 2131 ut
619 2113 685 2131 cum
701 2105 981 2131 archidiaconatibus
998 2106 1031 2130 de
1049 2105 1146 2131 Arcu-

718 2043 835 2078 Naples,
856 2043 885 2070 16
902 2052 978 2070 mars
999 2044 1074 2070 1255.

81 2174 89 2178 s
134 2151 190 2178 hus
207 2151 235 2178 in
251 2151 392 2186 Ispalensi
410 2157 438 2179 et
453 2153 487 2178 de
502 2152 649 2179 Calan-ava
666 2153 693 2178 in
706 2152 841 2179 Toletana
854 2154 985 2179 ecclesiis
996 2154 1144 2179 canoniam

133 2199 275 2226 ccclesiae
289 2199 443 2227 Toletanae
459 2202 582 2227 retinere
599 2202 699 2227 valeat.
717 2201 800 2234 (Rae.
817 2202 861 2233 Qli,
878 2210 903 2228 c.
920 2202 982 2235 2⁴29,
1001 2202 1018 2228 f.
1037 2202 1091 2233 31.)

175 2313 188 2327 <x
206 2302 339 2339 Suqqero
354 2303 452 2337 Petri,
471 2303 504 2331 de
519 2303 656 2332 stratibus
672 2304 706 2332 in
724 2304 872 2340 [spalensi
888 2308 913 2332 et
931 2304 964 2331 de
981 2304 1145 2333 Cnlatrcwa

133 2354 168 2383 in
188 2354 329 2383 Toletana
345 2355 475 2384 ecclesiis
488 2356 718 2385 archidiacono.
736 2355 928 2385 Devotionis
947 2359 998 2385 [uc
1016 2355 1144 2384 meritis

133 2405 248 2435 deberi
276 2407 497 2444 perspicimus
526 2412 561 2436 ut
587 2407 622 2436 in
655 2407 720 2437 hiis
751 2417 814 2446 quc
842 2412 918 2437 sunt
948 2407 1084 2437 honoris
1114 2411 1144 2437 et

134 2458 240 2496 gratie
263 2468 322 2488 nos
347 2459 407 2488 11111
427 2460 586 2498 propitios
611 2461 754 2498 gaudeas
780 2461 961 2490 invenisse.
988 2460 1072 2489 Ilinc
1095 2463 1144 2490 est

134 2510 223 2549 quod
239 2519 298 2540 nos
317 2515 371 2541 tuc
393 2512 578 2541 devotionis
601 2513 753 2551 precibus
775 2513 945 2547 inclinati,
965 2517 995 2541 nt
1015 2522 1088 2541 cum
1105 2512 1143 2542 dc

132 2563 287 2593 Arcubus
305 2568 336 2592 et
353 2563 391 2593 de
407 2564 581 2594 Calatrava
597 2565 923 2595 archidiaconatibus
938 2575 1019 2603 qnos
1035 2565 1070 2594 111
1086 2566 1143 2594 To-

131 2605 290 2646 letana'et
307 2616 469 2654 Ispalensi
485 2617 635 2647 ecclesiis
649 2627 686 2647 ex
700 2618 948 2656 dispensatione
966 2618 1143 2656 apostolica

132 2670 164 2697 te
180 2668 329 2698 obtinere
345 2669 501 2707 proponis
522 2670 696 2699 canoniam
719 2675 749 2699 et
772 2671 972 2708 prebendam
990 2680 1071 2709 quas
1089 2680 1142 2699 an-

132 2720 329 2750 tedietorum
349 2721 652 2751 archidiaconatum
673 2722 880 2760 adeptionem
899 2723 933 2751 in
950 2723 1063 2752 cadem
1081 2723 1143 2752 To-

130 2771 244 2802 letana
270 2772 408 2802 ecclesia
437 2773 621 2809 obtinebas,
651 2774 741 2804 licite
763 2780 793 2804 et
821 2775 893 2805 sinc
921 2775 1142 2805 diminutione

132 2823 281 2862 qualibet
296 2824 407 2855 valcas
423 2825 584 2855 retinere.
604 2827 840 2857 constitutione
857 2837 955 2866 quam
974 2828 1057 2857 lione
1074 2836 1142 2856 me-

133 2877 240 2907 morie
262 2878 287 2908 I.
317 2878 513 2908 Sabincnsis
538 2879 711 2917 episcopus
740 2884 816 2910 tunc
839 2881 872 2909 in
899 2881 1047 2918 pai-tilius
1074 2880 1142 2909 illis

1228 303 1403 340 apostolice
1421 305 1514 335 Sedis
1534 305 1662 343 legatus
1683 309 1796 335 contra
1813 305 1999 335 obtinentes
2014 306 2107 344 plura
2125 307 2228 337 eccle-

1228 354 1362 384 siastica
1377 356 1536 386 beneficia
1560 358 1660 386 edidit
1683 367 1741 387 seu
1762 358 1847 395 quod
1865 358 1903 387 de
1923 359 2160 389 consuetudine
2177 359 2229 389 vel

1229 410 1350 436 statuto
1374 408 1511 438 ecclesie
1531 409 1686 438 Toletane
1709 409 1829 438 (licitur
1852 410 2019 439 observari
2036 415 2068 439 ut
2086 411 2114 439 si
2131 420 2228 441 cano-

1230 458 1324 487 nicus
1346 459 1451 496 ipsius
1468 460 1604 490 ecclesie
1622 461 1865 491 mansionarius
1882 462 1915 490 in
1939 462 2004 491 alia
2021 462 2159 492 ecclesia
2178 472 2228 493 re-

1230 511 1352 548 ceperit
1375 512 1585 549 dignitatem,
1609 513 1726 542 deinde
1754 517 1967 550 extravagans
1990 514 2149 543 habeatur
2174 520 2229 544 aut

1231 563 1493 602 quibuscumque
1511 565 1585 594 aliis
1602 565 1911 600 constitutionibus,
1934 567 2228 596 consuetudinilms

1230 615 1281 644 vel
1298 616 1429 645 statutis
1446 617 1593 654 ejusdem
1611 617 1748 646 ecclesie
1761 617 1915 646 Toletane
1932 618 2105 647 contrariis
2118 641 2123 648 ,
2138 619 2229 657 jura-

1231 671 1358 702 mento,
1384 668 1631 697 confirmatione
1655 669 1749 697 Sedis
1773 668 1919 707 ejusdcm
1944 678 2002 697 seu
2027 670 2142 706 quavis
2167 669 2231 699 alia

1230 719 1416 749 firmatione
1435 719 1566 749 vallatis
1583 730 1791 758 nequaquam
1807 720 2025 755 obstantibus,
2045 721 2103 750 11111
2120 726 2231 751 aucto-

1231 771 1328 800 ritate
1350 772 1553 809 presentium
1570 773 1607 801 de
1627 773 1732 809 gratia
1750 773 1959 802 concedimus
1978 772 2118 802 liberali.
2139 773 2232 803 Nulli

1232 829 1291 854 etc.
1311 829 1421 854 nostre
1436 825 1696 855 confirmationis
1715 830 1773 855 etc.
1796 826 1868 854 Dat.
1886 825 2040 863 Neapoli,
2062 826 2157 856 XVII
2173 826 2231 855 ka-

1230 877 1345 907 lendas
1362 877 1492 915 aprilis,
1513 886 1598 907 anno
1614 878 1730 915 primo.
1753 890 1765 903 11

1302 1036 1390 1063 2ἵ4

1266 1095 1418 1122 Universis
1439 1095 1545 1122 Christi
1568 1095 1700 1121 fidelibus
1725 1104 1774 1130 pet·
1795 1096 1919 1121 Africani
1945 1096 2109 1122 constitutis
2135 1100 2231 1121 notum

1231 1145 1311 1174 facit,
1331 1153 1361 1170 se
1383 1144 1477 1179 [Lupo]
1490 1165 1496 1175 ,
1514 1144 1708 1170 Marocliitano
1725 1143 1872 1178 episcopo,
1893 1144 1990 1178 plenae
2008 1143 2156 1177 legationis
2173 1144 2231 1169 offi-

1807 1034 1927 1069 Naples,
1946 1034 1976 1060 18
1993 1043 2067 1060 mars
2085 1034 2159 1060 1955.

1231 1195 1308 1220 cium
1324 1194 1351 1219 111
1370 1193 1468 1218 Africa
1485 1193 1676 1224 commisisse,
1689 1200 1795 1226 cosque
1810 1193 1938 1218 hortatur
1950 1191 2085 1217 mandans
2097 1196 2124 1217 ut
2137 1193 2231 1225 ipsum

1231 1250 1295 1268 011111
1322 1241 1416 1267 debita
1441 1241 1599 1266 reverentia
1622 1240 1796 1274 suscipiant,
1819 1241 1911 1274 ipsius
1935 1240 2050 1265 monitis
2073 1239 2227 1265 intendant.

1231 1291 1303 1325 (Rae
1331 1291 1379 1323 ³24,
1397 1299 1422 1318 c.
1441 1290 1503 1323 230,
1519 1290 1536 1316 ft
1556 1290 1604 1320 31;
1625 1289 1768 1316 I'o‘r’rntxsr
1786 1289 1890 1316 15752.)

1272 1399 1284 1412 «
1319 1386 1472 1415 Unlrcrsis
1501 1385 1615 1414 Clio-isti
1635 1384 1773 1421 fidelibus
1796 1393 1850 1421 per
1875 1384 2017 1419 Affrieam
2046 1384 2228 1412 constitutis.

1230 1439 1315 1476 Quia
1336 1437 1497 1476 corporali
1518 1437 1685 1475 presentia
1702 1454 1750 1465 ——.
1768 1437 1840 1466 Dat.
1862 1435 2014 1474 Neapoli,
2035 1436 2095 1465 XV
2115 1435 2230 1464 kalen-

1230 1493 1287 1522 das
1301 1491 1427 1530 aprilis,
1447 1500 1531 1520 anno
1544 1490 1661 1528 primo.
1672 1500 1693 1515 ·»

1301 1649 1388 1677 9ἔῖ5
1808 1645 1923 1680 Napies,
1942 1645 1973 1672 18
1990 1653 2065 1671 mai-s
2084 1644 2159 1671 1255.

1271 1710 1383 1745 [Lupo]‚
1402 1710 1538 1744 episcopo
1556 1708 1764 1739 Marochitano,
1780 1707 1855 1733 idem
1876 1710 1973 1732 notum
1996 1706 2076 1738 facit,
2094 1705 2231 1731 mandans

1231 1763 1261 1786 ut
1277 1760 1352 1785 circa
1368 1758 1525 1792 praemissa
1542 1760 1623 1791 prout
1640 1764 1713 1782 onus
1730 1755 1783 1790 ipsi
1805 1755 1922 1789 requirit
1942 1754 2107 1788 impositum
2124 1754 2232 1779 sollici-

1230 1812 1286 1834 tam
1303 1815 1401 1833 01113111
1417 1810 1506 1840 gerat.
1524 1805 1606 1838 (Hm.
1625 1804 1656 1830 ‘24
1668 1825 1675 1838 ‚
1692 1812 1718 1831 0.
1734 1804 1806 1834 230²,
1825 1803 1843 1829 f.
1861 1803 1915 1833 31.)

1272 1914 1284 1928 ι(
1305 1924 1337 1936 ..,
1356 1903 1488 1939 episcopo
1503 1900 1740 1933 Marrochilano,
1758 1898 1916 1935 apostolice
1931 1897 2013 1926 Sedis
2029 1897 2133 1933 leyczlo.
2147 1895 2229 1931 Quia

1230 1953 1391 1993 corporali
1408 1957 1466 1983 etc.
1486 1962 1591 1990 usque
1611 1961 1617 1980 t
1636 1960 1714 1981 sane
1730 1968 1778 1978 —.
1797 1951 1869 1979 Dat.
1884 1953 1919 1978 ut
1936 1958 2044 1987 supra.
2068 1960 2080 1973 ›>

1822 2105 1939 2140 Naples,
1955 2105 1970 2131 ‘2
1988 2112 2063 2130 mars
2083 2104 2157 2130 1255.

1300 2111 1387 2139 226

1265 2174 1438 2207 Berengario
1459 2172 1493 2197 de
1514 2171 1614 2196 Pulcro
1630 2170 1738 2201 vicino,
1757 2168 1858 2194 rectori
1874 2167 2012 2193 ecclcsiae
2029 2166 2058 2191 S.
2077 2166 2178 2192 Felicis
2194 2165 2228 2191 de

1229 2223 1365 2252 Rabona,
1387 2219 1628 2246 Barchinonensis
1652 2218 1791 2246 diocesis,
1815 2216 1942 2249 indulget
1964 2219 1994 2241 ut
2015 2222 2080 2240 cum
2107 2213 2228 2239 ccclesia

1228 2271 1372 2307 praedicta
1390 2268 1465 2295 aliud
1487 2266 1715 2294 ecclesiasticum
1739 2265 1923 2297 beneficium,
1949 2264 2032 2289 etiam
2058 2263 2081 2288 si
2106 2262 2226 2287 similem

1227 2328 1324 2347 cui-ain
1343 2318 1458 2351 babeat,
1477 2316 1504 2342 in
1521 2314 1726 2341 Tarraconensi
1745 2313 1888 2347 provincia
1910 2311 2034 2345 recipere
2052 2311 2155 2343 valcat,
2172 2317 2225 2335 non

1226 2367 1407 2395 obstantibus
1422 2363 1676 2392 constitutionibus
1692 2361 1804 2388 concilii
1821 2361 1963 2395 genet-:ilis
1979 2363 2007 2385 et
2023 2359 2045 2385 Ι.
2059 2358 2226 2384 sabinensis

1227 2415 1370 2452 episcopi,
1388 2415 1414 2440 in
1431 2412 1559 2448 partibus
1577 2410 1730 2445 Hispaniae
1747 2408 1935 2443 legatitss‘ino.
1952 2407 1995 2437 ς24,
2013 2415 2037 2433 c.
2055 2405 2117 2436 231,
2136 2406 2155 2432 f.
2172 2405 2226 2438 31.)

1269 2524 1280 2537 ι(
1313 2508 1493 2546 Berenqario
1520 2507 1553 2534 de
1576 2506 1683 2534 I’ulcro
1713 2505 1826 2538 vicino,
1855 2503 1963 2531 rectori
1986 2502 2102 2530 ecclesie
2129 2500 2226 2527 suncti

1226 2564 1332 2593 Felicis
1354 2562 1387 2590 de
1408 2561 1549 2592 Italicum,
1570 2557 1825 2586 lxarolmzonensis
1847 2555 1977 2583 diocesis.
2004 2552 2072 2582 Etsi
2097 2555 2226 2589 propter

1226 2615 1441 2646 ambitionem
1462 2629 1509 2640 -—.
1533 2612 1607 2640 Dat.
1631 2608 1782 2646 Neapoli,
1802 2608 1846 2637 vt
1867 2615 1969 2636 nonas
1992 2604 2115 2634 martii.
2141 2612 2225 2631 1111110

1226 2670 1340 2708 primo.
1365 2679 1377 2693 »

1806 2809 1920 2843 Naples,
1937 2809 1966 2833 Ἠ
1987 2814 2061 2832 mars
2079 2804 2152 2830 ¹355).

1262 2879 1365 2907 Abbati
1389 2886 1413 2904 s.
1438 2876 1541 2902 F'elicis
1562 2873 1758 2901 Get-undensis
1785 2869 1906 2898 mandat,
1925 2872 1954 2894 ut
1975 2868 2000 2892 in
2023 2862 2230 2891 executioncm'
