<?xml version="1.0" encoding="UTF-8"?>
<!DOCTYPE html PUBLIC "-//W3C//DTD XHTML 1.0 Transitional//EN"
    "http://www.w3.org/TR/xhtml1/DTD/xhtml1-transitional.dtd">
<html xmlns="http://www.w3.org/1999/xhtml" xml:lang="en" lang="en">
 <head>
  <title>
</title>
<meta http-equiv="Content-Type" content="text/html;charset=utf-8" />
  <meta name='ocr-system' content='tesseract 3.04.00' />
  <meta name='ocr-capabilities' content='ocr_page ocr_carea ocr_par ocr_line ocrx_word'/>
</head>
<body>
  <div class='ocr_page' id='page_1' title='image "./lesregistresdale01cathuoft_0332.png"; bbox 0 0 2498 3325; ppageno 0'>
   <div class='ocr_carea' id='block_1_1' title="bbox 249 279 1624 313">
    <p class='ocr_par' dir='ltr' id='par_1_1' title="bbox 249 279 1624 313">
     <span class='ocr_line' id='line_1_1' title="bbox 249 279 1624 313; baseline -0.001 -1"><span class='ocrx_word' id='word_1_1' title='bbox 249 282 305 313; x_wconf 70' lang='lat'>322</span> <span class='ocrx_word' id='word_1_2' title='bbox 976 280 1216 312; x_wconf 87' lang='lat' dir='ltr'>REGISTRES</span> <span class='ocrx_word' id='word_1_3' title='bbox 1238 279 1545 311; x_wconf 72' lang='lat' dir='ltr'><strong>D&#39;ALEXANDRE</strong></span> <span class='ocrx_word' id='word_1_4' title='bbox 1568 282 1624 312; x_wconf 74' lang='lat' dir='ltr'>IV.</span> 
     </span>
    </p>
   </div>
   <div class='ocr_carea' id='block_1_2' title="bbox 322 348 436 376">
    <p class='ocr_par' dir='ltr' id='par_1_2' title="bbox 322 348 436 376">
     <span class='ocr_line' id='line_1_2' title="bbox 322 348 436 376; baseline 0 0"><span class='ocrx_word' id='word_1_5' title='bbox 322 348 436 376; x_wconf 62' lang='lat'>1022</span> 
     </span>
    </p>
   </div>
   <div class='ocr_carea' id='block_1_3' title="bbox 796 346 1185 382">
    <p class='ocr_par' dir='ltr' id='par_1_3' title="bbox 796 346 1185 382">
     <span class='ocr_line' id='line_1_3' title="bbox 796 346 1185 382; baseline -0.003 -9"><span class='ocrx_word' id='word_1_6' title='bbox 796 347 896 374; x_wconf 84' lang='lat' dir='ltr'>Latran</span> <span class='ocrx_word' id='word_1_7' title='bbox 907 369 913 380; x_wconf 93' lang='lat'>‚</span> <span class='ocrx_word' id='word_1_8' title='bbox 929 347 963 374; x_wconf 75' lang='lat'>‘29</span> <span class='ocrx_word' id='word_1_9' title='bbox 975 347 1089 382; x_wconf 86' lang='lat' dir='ltr'>janvier</span> <span class='ocrx_word' id='word_1_10' title='bbox 1108 346 1185 373; x_wconf 67' lang='lat'>1256.</span> 
     </span>
    </p>
   </div>
   <div class='ocr_carea' id='block_1_4' title="bbox 247 415 1256 500">
    <p class='ocr_par' dir='ltr' id='par_1_4' title="bbox 247 415 1256 500">
     <span class='ocr_line' id='line_1_4' title="bbox 283 415 1256 452; baseline -0.001 -9"><span class='ocrx_word' id='word_1_11' title='bbox 283 417 459 444; x_wconf 80' lang='lat' dir='ltr'>Leonardnm</span> <span class='ocrx_word' id='word_1_12' title='bbox 472 416 506 442; x_wconf 87' lang='lat' dir='ltr'>de</span> <span class='ocrx_word' id='word_1_13' title='bbox 516 416 672 443; x_wconf 86' lang='lat' dir='ltr'>Turricella</span> <span class='ocrx_word' id='word_1_14' title='bbox 681 416 707 442; x_wconf 89' lang='lat' dir='ltr'>in</span> <span class='ocrx_word' id='word_1_15' title='bbox 719 425 805 443; x_wconf 88' lang='lat' dir='ltr'>suum</span> <span class='ocrx_word' id='word_1_16' title='bbox 819 417 1108 452; x_wconf 79' lang='lat' dir='ltr'>recipitcapellanum</span> <span class='ocrx_word' id='word_1_17' title='bbox 1119 415 1256 450; x_wconf 57' lang='lat' dir='ltr'>(namt,</span> 
     </span>
     <span class='ocr_line' id='line_1_5' title="bbox 247 465 614 500; baseline -0.005 -7"><span class='ocrx_word' id='word_1_18' title='bbox 247 466 266 493; x_wconf 81' lang='lat' dir='ltr'>s.</span> <span class='ocrx_word' id='word_1_19' title='bbox 289 466 360 500; x_wconf 83' lang='lat' dir='ltr'>131v‚</span> <span class='ocrx_word' id='word_1_20' title='bbox 377 474 443 492; x_wconf 87' lang='lat' dir='ltr'>ann.</span> <span class='ocrx_word' id='word_1_21' title='bbox 460 465 498 499; x_wconf 90' lang='grc' dir='ltr'>ΙΙ,</span> <span class='ocrx_word' id='word_1_22' title='bbox 514 474 540 492; x_wconf 92' lang='lat' dir='ltr'>c.</span> <span class='ocrx_word' id='word_1_23' title='bbox 557 465 614 498; x_wconf 89' lang='grc'>61.)</span> 
     </span>
    </p>
   </div>
   <div class='ocr_carea' id='block_1_5' title="bbox 247 586 1254 676">
    <p class='ocr_par' dir='ltr' id='par_1_5' title="bbox 247 586 1254 676">
     <span class='ocr_line' id='line_1_6' title="bbox 289 586 1254 624; baseline -0.001 -8"><span class='ocrx_word' id='word_1_24' title='bbox 289 599 302 613; x_wconf 76' lang='grc' dir='ltr'>α</span> <span class='ocrx_word' id='word_1_25' title='bbox 314 588 466 616; x_wconf 71' lang='lat' dir='ltr'>Leonardo</span> <span class='ocrx_word' id='word_1_26' title='bbox 477 588 510 616; x_wconf 73' lang='lat' dir='ltr'>tle</span> <span class='ocrx_word' id='word_1_27' title='bbox 524 588 704 616; x_wconf 82' lang='lat' dir='ltr'>Turricella.</span> <span class='ocrx_word' id='word_1_28' title='bbox 718 586 876 617; x_wconf 79' lang='lat' dir='ltr'>Volentes</span> <span class='ocrx_word' id='word_1_29' title='bbox 890 586 950 616; x_wconf 88' lang='lat' dir='ltr'>tibi</span> <span class='ocrx_word' id='word_1_30' title='bbox 966 587 1117 624; x_wconf 82' lang='lat' dir='ltr'>gratiam.</span> <span class='ocrx_word' id='word_1_31' title='bbox 1129 604 1168 608; x_wconf 90' lang='lat'>-—</span> <span class='ocrx_word' id='word_1_32' title='bbox 1181 587 1254 617; x_wconf 83' lang='lat' dir='ltr'>Dat.</span> 
     </span>
     <span class='ocr_line' id='line_1_7' title="bbox 247 640 1135 676; baseline -0.001 -5"><span class='ocrx_word' id='word_1_33' title='bbox 247 641 413 675; x_wconf 70' lang='lat' dir='ltr'>Laterani,</span> <span class='ocrx_word' id='word_1_34' title='bbox 431 642 459 671; x_wconf 77' lang='lat' dir='ltr'>V</span> <span class='ocrx_word' id='word_1_35' title='bbox 475 640 633 670; x_wconf 76' lang='lat' dir='ltr'>kalendas</span> <span class='ocrx_word' id='word_1_36' title='bbox 650 641 821 676; x_wconf 73' lang='lat' dir='ltr'>februarii,</span> <span class='ocrx_word' id='word_1_37' title='bbox 841 649 927 670; x_wconf 86' lang='lat' dir='ltr'>anno</span> <span class='ocrx_word' id='word_1_38' title='bbox 946 641 1102 671; x_wconf 85' lang='lat' dir='ltr'>secundo.</span> <span class='ocrx_word' id='word_1_39' title='bbox 1122 653 1135 667; x_wconf 73' lang='lat' dir='ltr'>n</span> 
     </span>
    </p>
   </div>
   <div class='ocr_carea' id='block_1_6' title="bbox 322 858 1184 894">
    <p class='ocr_par' dir='ltr' id='par_1_6' title="bbox 322 858 1184 894">
     <span class='ocr_line' id='line_1_8' title="bbox 322 858 1184 894; baseline 0.001 -8"><span class='ocrx_word' id='word_1_40' title='bbox 322 858 436 887; x_wconf 67' lang='lat'>{⁰¹23</span> <span class='ocrx_word' id='word_1_41' title='bbox 791 858 910 891; x_wconf 72' lang='lat' dir='ltr'>Latran,</span> <span class='ocrx_word' id='word_1_42' title='bbox 932 859 964 886; x_wconf 85' lang='grc'>18</span> <span class='ocrx_word' id='word_1_43' title='bbox 980 860 1091 894; x_wconf 79' lang='lat' dir='ltr'>janvier</span> <span class='ocrx_word' id='word_1_44' title='bbox 1110 860 1184 888; x_wconf 66' lang='lat'>1256.</span> 
     </span>
    </p>
   </div>
   <div class='ocr_carea' id='block_1_7' title="bbox 245 926 1259 1154">
    <p class='ocr_par' dir='ltr' id='par_1_7' title="bbox 245 926 1259 1154">
     <span class='ocr_line' id='line_1_9' title="bbox 283 926 1257 961; baseline 0.004 -9"><span class='ocrx_word' id='word_1_45' title='bbox 283 926 544 961; x_wconf 69' lang='lat' dir='ltr'>Areliiprcsliytero</span> <span class='ocrx_word' id='word_1_46' title='bbox 561 930 589 952; x_wconf 78' lang='lat' dir='ltr'>ct</span> <span class='ocrx_word' id='word_1_47' title='bbox 610 927 734 961; x_wconf 80' lang='lat' dir='ltr'>capitulo</span> <span class='ocrx_word' id='word_1_48' title='bbox 757 927 897 954; x_wconf 83' lang='lat' dir='ltr'>ecclesiae</span> <span class='ocrx_word' id='word_1_49' title='bbox 923 927 1113 955; x_wconf 85' lang='lat' dir='ltr'>Modotiensis</span> <span class='ocrx_word' id='word_1_50' title='bbox 1134 929 1257 956; x_wconf 83' lang='lat' dir='ltr'>faculta-</span> 
     </span>
     <span class='ocr_line' id='line_1_10' title="bbox 247 974 1258 1012; baseline 0.003 -11"><span class='ocrx_word' id='word_1_51' title='bbox 247 978 304 1001; x_wconf 85' lang='lat' dir='ltr'>tem</span> <span class='ocrx_word' id='word_1_52' title='bbox 321 974 453 1001; x_wconf 86' lang='lat' dir='ltr'>concedit</span> <span class='ocrx_word' id='word_1_53' title='bbox 470 975 660 1009; x_wconf 79' lang='lat' dir='ltr'>compellendi</span> <span class='ocrx_word' id='word_1_54' title='bbox 678 983 727 1009; x_wconf 84' lang='lat' dir='ltr'>per</span> <span class='ocrx_word' id='word_1_55' title='bbox 742 983 894 1002; x_wconf 82' lang='lat' dir='ltr'>censuram</span> <span class='ocrx_word' id='word_1_56' title='bbox 909 976 1135 1003; x_wconf 78' lang='lat' dir='ltr'>ecclesiasticam</span> <span class='ocrx_word' id='word_1_57' title='bbox 1158 986 1258 1012; x_wconf 85' lang='lat' dir='ltr'>parro-</span> 
     </span>
     <span class='ocr_line' id='line_1_11' title="bbox 246 1022 1258 1056; baseline 0.004 -7"><span class='ocrx_word' id='word_1_58' title='bbox 246 1022 365 1049; x_wconf 83' lang='lat' dir='ltr'>chianos</span> <span class='ocrx_word' id='word_1_59' title='bbox 382 1031 492 1055; x_wconf 83' lang='lat' dir='ltr'>eornm,</span> <span class='ocrx_word' id='word_1_60' title='bbox 507 1022 729 1050; x_wconf 84' lang='lat' dir='ltr'>Mediolanensis</span> <span class='ocrx_word' id='word_1_61' title='bbox 745 1023 880 1056; x_wconf 81' lang='lat' dir='ltr'>diocesis,</span> <span class='ocrx_word' id='word_1_62' title='bbox 897 1024 931 1050; x_wconf 89' lang='lat' dir='ltr'>ad</span> <span class='ocrx_word' id='word_1_63' title='bbox 948 1024 1117 1052; x_wconf 82' lang='lat' dir='ltr'>solvendum</span> <span class='ocrx_word' id='word_1_64' title='bbox 1130 1025 1258 1053; x_wconf 85' lang='lat' dir='ltr'>decimas</span> 
     </span>
     <span class='ocr_line' id='line_1_12' title="bbox 247 1070 1259 1107; baseline 0.005 -11"><span class='ocrx_word' id='word_1_65' title='bbox 247 1070 281 1097; x_wconf 88' lang='lat' dir='ltr'>de</span> <span class='ocrx_word' id='word_1_66' title='bbox 306 1072 390 1097; x_wconf 85' lang='lat' dir='ltr'>terris</span> <span class='ocrx_word' id='word_1_67' title='bbox 416 1071 583 1106; x_wconf 71' lang='lat' dir='ltr'>parrochiae</span> <span class='ocrx_word' id='word_1_68' title='bbox 611 1071 694 1104; x_wconf 64' lang='lat' dir='ltr'>(neo.</span> <span class='ocrx_word' id='word_1_69' title='bbox 711 1072 760 1103; x_wconf 72' lang='lat'>⁶24,</span> <span class='ocrx_word' id='word_1_70' title='bbox 780 1073 798 1099; x_wconf 88' lang='lat' dir='ltr'>f.</span> <span class='ocrx_word' id='word_1_71' title='bbox 824 1072 886 1105; x_wconf 71' lang='lat'>132,</span> <span class='ocrx_word' id='word_1_72' title='bbox 908 1081 974 1100; x_wconf 88' lang='lat' dir='ltr'>ann.</span> <span class='ocrx_word' id='word_1_73' title='bbox 997 1073 1039 1105; x_wconf 89' lang='lat'>11,</span> <span class='ocrx_word' id='word_1_74' title='bbox 1064 1082 1089 1100; x_wconf 86' lang='lat' dir='ltr'>o.</span> <span class='ocrx_word' id='word_1_75' title='bbox 1115 1074 1166 1107; x_wconf 76' lang='lat'>63;</span> <span class='ocrx_word' id='word_1_76' title='bbox 1186 1074 1259 1101; x_wconf 74' lang='lat' dir='ltr'>Por-</span> 
     </span>
     <span class='ocr_line' id='line_1_13' title="bbox 245 1119 457 1154; baseline -0.005 -8"><span class='ocrx_word' id='word_1_77' title='bbox 245 1128 333 1146; x_wconf 55' lang='lat' dir='ltr'>·rnssr</span> <span class='ocrx_word' id='word_1_78' title='bbox 349 1119 457 1154; x_wconf 75' lang='grc'>16193.)</span> 
     </span>
    </p>
   </div>
   <div class='ocr_carea' id='block_1_8' title="bbox 245 1242 1257 1382">
    <p class='ocr_par' dir='ltr' id='par_1_8' title="bbox 245 1242 1257 1382">
     <span class='ocr_line' id='line_1_14' title="bbox 288 1242 1255 1281; baseline 0.007 -13"><span class='ocrx_word' id='word_1_79' title='bbox 288 1253 301 1267; x_wconf 88' lang='lat'>«</span> <span class='ocrx_word' id='word_1_80' title='bbox 330 1264 362 1276; x_wconf 82' lang='grc'>..,</span> <span class='ocrx_word' id='word_1_81' title='bbox 391 1242 663 1279; x_wconf 72' lang='lat' dir='ltr'>archipresbytero,</span> <span class='ocrx_word' id='word_1_82' title='bbox 691 1248 716 1271; x_wconf 81' lang='lat' dir='ltr'>et</span> <span class='ocrx_word' id='word_1_83' title='bbox 744 1244 880 1280; x_wconf 75' lang='lat' dir='ltr'>capitulo</span> <span class='ocrx_word' id='word_1_84' title='bbox 906 1245 1024 1273; x_wconf 78' lang='lat' dir='ltr'><em>ecclesie</em></span> <span class='ocrx_word' id='word_1_85' title='bbox 1047 1245 1255 1281; x_wconf 68' lang='lat' dir='ltr'>Modonensis,</span> 
     </span>
     <span class='ocr_line' id='line_1_15' title="bbox 245 1294 1257 1330; baseline 0.007 -9"><span class='ocrx_word' id='word_1_86' title='bbox 245 1294 478 1323; x_wconf 69' lang='lat' dir='ltr'>Metliolanensis</span> <span class='ocrx_word' id='word_1_87' title='bbox 494 1294 629 1323; x_wconf 82' lang='lat' dir='ltr'>diocesis.</span> <span class='ocrx_word' id='word_1_88' title='bbox 648 1294 709 1324; x_wconf 92' lang='lat' dir='ltr'>Illa</span> <span class='ocrx_word' id='word_1_89' title='bbox 726 1295 819 1330; x_wconf 73' lang='lat' dir='ltr'>vobis</span> <span class='ocrx_word' id='word_1_90' title='bbox 839 1295 983 1326; x_wconf 75' lang='lat' dir='ltr'>libenter</span> <span class='ocrx_word' id='word_1_91' title='bbox 1001 1314 1049 1325; x_wconf 85' lang='lat'>—.</span> <span class='ocrx_word' id='word_1_92' title='bbox 1066 1297 1140 1327; x_wconf 90' lang='lat' dir='ltr'>Dat.</span> <span class='ocrx_word' id='word_1_93' title='bbox 1160 1298 1257 1328; x_wconf 85' lang='lat' dir='ltr'>Late-</span> 
     </span>
     <span class='ocr_line' id='line_1_16' title="bbox 246 1347 1086 1382; baseline 0.002 -7"><span class='ocrx_word' id='word_1_94' title='bbox 246 1347 331 1381; x_wconf 84' lang='lat' dir='ltr'>rani,</span> <span class='ocrx_word' id='word_1_95' title='bbox 349 1347 410 1377; x_wconf 82' lang='lat' dir='ltr'>XV</span> <span class='ocrx_word' id='word_1_96' title='bbox 424 1347 584 1377; x_wconf 76' lang='lat' dir='ltr'>kalendas</span> <span class='ocrx_word' id='word_1_97' title='bbox 600 1347 779 1382; x_wconf 83' lang='lat' dir='ltr'>februarii,</span> <span class='ocrx_word' id='word_1_98' title='bbox 797 1357 883 1378; x_wconf 88' lang='lat' dir='ltr'>anno</span> <span class='ocrx_word' id='word_1_99' title='bbox 897 1350 1053 1380; x_wconf 90' lang='lat' dir='ltr'>secundo.</span> <span class='ocrx_word' id='word_1_100' title='bbox 1073 1362 1086 1377; x_wconf 87' lang='lat'>»</span> 
     </span>
    </p>
   </div>
   <div class='ocr_carea' id='block_1_9' title="bbox 321 1565 1185 1602">
    <p class='ocr_par' dir='ltr' id='par_1_9' title="bbox 321 1565 1185 1602">
     <span class='ocr_line' id='line_1_17' title="bbox 321 1565 1185 1602; baseline 0.003 -10"><span class='ocrx_word' id='word_1_101' title='bbox 321 1565 435 1593; x_wconf 69' lang='lat'>1074</span> <span class='ocrx_word' id='word_1_102' title='bbox 793 1566 894 1593; x_wconf 84' lang='lat' dir='ltr'>Latran</span> <span class='ocrx_word' id='word_1_103' title='bbox 905 1589 911 1599; x_wconf 90' lang='lat'>,</span> <span class='ocrx_word' id='word_1_104' title='bbox 927 1567 961 1594; x_wconf 74' lang='lat'>‘23</span> <span class='ocrx_word' id='word_1_105' title='bbox 975 1568 1090 1602; x_wconf 76' lang='lat' dir='ltr'>Janvier</span> <span class='ocrx_word' id='word_1_106' title='bbox 1106 1568 1185 1596; x_wconf 69' lang='lat'>1256.</span> 
     </span>
    </p>
   </div>
   <div class='ocr_carea' id='block_1_10' title="bbox 247 1631 1258 1767">
    <p class='ocr_par' dir='ltr' id='par_1_10' title="bbox 247 1631 1258 1767">
     <span class='ocr_line' id='line_1_18' title="bbox 283 1631 1258 1671; baseline 0.005 -13"><span class='ocrx_word' id='word_1_107' title='bbox 283 1631 428 1659; x_wconf 75' lang='lat' dir='ltr'>Bet-nardo</span> <span class='ocrx_word' id='word_1_108' title='bbox 445 1633 479 1659; x_wconf 87' lang='lat' dir='ltr'>de</span> <span class='ocrx_word' id='word_1_109' title='bbox 503 1633 677 1665; x_wconf 85' lang='lat' dir='ltr'>Fenoliario,</span> <span class='ocrx_word' id='word_1_110' title='bbox 695 1635 804 1661; x_wconf 86' lang='lat' dir='ltr'>cantori</span> <span class='ocrx_word' id='word_1_111' title='bbox 828 1635 968 1662; x_wconf 84' lang='lat' dir='ltr'>eeclesiae</span> <span class='ocrx_word' id='word_1_112' title='bbox 993 1635 1196 1671; x_wconf 84' lang='lat' dir='ltr'>Dertusensis‚</span> <span class='ocrx_word' id='word_1_113' title='bbox 1213 1637 1258 1663; x_wconf 91' lang='lat' dir='ltr'>in-</span> 
     </span>
     <span class='ocr_line' id='line_1_19' title="bbox 247 1680 1257 1720; baseline 0.006 -14"><span class='ocrx_word' id='word_1_114' title='bbox 247 1680 359 1714; x_wconf 83' lang='lat' dir='ltr'>dulget,</span> <span class='ocrx_word' id='word_1_115' title='bbox 384 1685 430 1712; x_wconf 82' lang='lat' dir='ltr'>ut,</span> <span class='ocrx_word' id='word_1_116' title='bbox 454 1689 509 1707; x_wconf 88' lang='lat' dir='ltr'>non</span> <span class='ocrx_word' id='word_1_117' title='bbox 533 1682 665 1709; x_wconf 84' lang='lat' dir='ltr'>obstante</span> <span class='ocrx_word' id='word_1_118' title='bbox 689 1682 803 1710; x_wconf 78' lang='lat' dir='ltr'>defectu</span> <span class='ocrx_word' id='word_1_119' title='bbox 830 1685 981 1715; x_wconf 82' lang='lat' dir='ltr'>natalium,</span> <span class='ocrx_word' id='word_1_120' title='bbox 1007 1684 1041 1711; x_wconf 89' lang='lat' dir='ltr'>ad</span> <span class='ocrx_word' id='word_1_121' title='bbox 1063 1685 1257 1720; x_wconf 84' lang='lat' dir='ltr'>episcopalem</span> 
     </span>
     <span class='ocr_line' id='line_1_20' title="bbox 247 1728 1254 1767; baseline 0.007 -13"><span class='ocrx_word' id='word_1_122' title='bbox 247 1728 416 1763; x_wconf 80' lang='lat' dir='ltr'>dignitatem</span> <span class='ocrx_word' id='word_1_123' title='bbox 435 1731 596 1764; x_wconf 83' lang='lat' dir='ltr'>promoveri</span> <span class='ocrx_word' id='word_1_124' title='bbox 619 1731 718 1758; x_wconf 83' lang='lat' dir='ltr'>valeat.</span> <span class='ocrx_word' id='word_1_125' title='bbox 737 1731 820 1766; x_wconf 76' lang='lat' dir='ltr'>(Rea.</span> <span class='ocrx_word' id='word_1_126' title='bbox 837 1732 881 1764; x_wconf 71' lang='lat'>24.</span> <span class='ocrx_word' id='word_1_127' title='bbox 898 1732 918 1759; x_wconf 87' lang='lat' dir='ltr'>f.</span> <span class='ocrx_word' id='word_1_128' title='bbox 939 1732 998 1765; x_wconf 71' lang='lat'>132,</span> <span class='ocrx_word' id='word_1_129' title='bbox 1016 1742 1082 1761; x_wconf 85' lang='lat' dir='ltr'>ann.</span> <span class='ocrx_word' id='word_1_130' title='bbox 1100 1733 1137 1765; x_wconf 91' lang='grc' dir='ltr'>ΙΙ,</span> <span class='ocrx_word' id='word_1_131' title='bbox 1155 1742 1181 1760; x_wconf 90' lang='lat' dir='ltr'>c.</span> <span class='ocrx_word' id='word_1_132' title='bbox 1199 1734 1254 1767; x_wconf 79' lang='lat'><strong>64.)</strong></span> 
     </span>
    </p>
   </div>
   <div class='ocr_carea' id='block_1_11' title="bbox 246 1852 1255 1993">
    <p class='ocr_par' dir='ltr' id='par_1_11' title="bbox 246 1852 1255 1993">
     <span class='ocr_line' id='line_1_21' title="bbox 289 1852 1255 1889; baseline 0.008 -11"><span class='ocrx_word' id='word_1_133' title='bbox 289 1862 302 1877; x_wconf 85' lang='lat'>«</span> <span class='ocrx_word' id='word_1_134' title='bbox 329 1852 483 1881; x_wconf 78' lang='lat' dir='ltr'>Bernardo</span> <span class='ocrx_word' id='word_1_135' title='bbox 503 1852 537 1881; x_wconf 74' lang='lat' dir='ltr'>cle</span> <span class='ocrx_word' id='word_1_136' title='bbox 558 1853 750 1889; x_wconf 77' lang='lat' dir='ltr'>Fenoliari0‚</span> <span class='ocrx_word' id='word_1_137' title='bbox 775 1856 896 1883; x_wconf 82' lang='lat' dir='ltr'>cantori</span> <span class='ocrx_word' id='word_1_138' title='bbox 919 1856 1036 1884; x_wconf 76' lang='lat' dir='ltr'><em>ecclesie</em></span> <span class='ocrx_word' id='word_1_139' title='bbox 1056 1856 1255 1886; x_wconf 82' lang='lat' dir='ltr'>Dertusensis.</span> 
     </span>
     <span class='ocr_line' id='line_1_22' title="bbox 247 1903 1254 1945; baseline 0.008 -14"><span class='ocrx_word' id='word_1_140' title='bbox 247 1903 317 1932; x_wconf 88' lang='lat' dir='ltr'>Etsi</span> <span class='ocrx_word' id='word_1_141' title='bbox 337 1903 441 1940; x_wconf 83' lang='lat' dir='ltr'>geniti</span> <span class='ocrx_word' id='word_1_142' title='bbox 464 1908 524 1933; x_wconf 87' lang='lat' dir='ltr'>etc.</span> <span class='ocrx_word' id='word_1_143' title='bbox 550 1914 655 1944; x_wconf 84' lang='lat' dir='ltr'>usque</span> <span class='ocrx_word' id='word_1_144' title='bbox 674 1915 680 1934; x_wconf 78' lang='lat' dir='ltr'><em>z</em></span> <span class='ocrx_word' id='word_1_145' title='bbox 699 1906 908 1944; x_wconf 69' lang='lat' dir='ltr'>dispensator</span> <span class='ocrx_word' id='word_1_146' title='bbox 929 1925 976 1936; x_wconf 95' lang='lat'>—.</span> <span class='ocrx_word' id='word_1_147' title='bbox 996 1908 1070 1938; x_wconf 86' lang='lat' dir='ltr'>Dat.</span> <span class='ocrx_word' id='word_1_148' title='bbox 1088 1909 1254 1945; x_wconf 85' lang='lat' dir='ltr'>Laterani⁷</span> 
     </span>
     <span class='ocr_line' id='line_1_23' title="bbox 246 1955 955 1993; baseline 0.003 -9"><span class='ocrx_word' id='word_1_149' title='bbox 246 1955 278 1984; x_wconf 89' lang='lat' dir='ltr'>X</span> <span class='ocrx_word' id='word_1_150' title='bbox 292 1955 450 1986; x_wconf 76' lang='lat' dir='ltr'>kalendas</span> <span class='ocrx_word' id='word_1_151' title='bbox 467 1956 640 1993; x_wconf 74' lang='lat' dir='ltr'>februarii,</span> <span class='ocrx_word' id='word_1_152' title='bbox 662 1967 748 1989; x_wconf 90' lang='lat' dir='ltr'>anno</span> <span class='ocrx_word' id='word_1_153' title='bbox 767 1959 922 1989; x_wconf 90' lang='lat' dir='ltr'>secundo.</span> <span class='ocrx_word' id='word_1_154' title='bbox 942 1971 955 1986; x_wconf 54' lang='lat' dir='ltr'>»s</span> 
     </span>
    </p>
   </div>
   <div class='ocr_carea' id='block_1_12' title="bbox 323 2173 1186 2213">
    <p class='ocr_par' dir='ltr' id='par_1_12' title="bbox 323 2173 1186 2213">
     <span class='ocr_line' id='line_1_24' title="bbox 323 2173 1186 2213; baseline 0.006 -12"><span class='ocrx_word' id='word_1_155' title='bbox 323 2173 439 2201; x_wconf 70' lang='lat'>¹075</span> <span class='ocrx_word' id='word_1_156' title='bbox 796 2176 914 2212; x_wconf 79' lang='lat' dir='ltr'>Lati-an,</span> <span class='ocrx_word' id='word_1_157' title='bbox 930 2178 964 2205; x_wconf 73' lang='lat'>‘20</span> <span class='ocrx_word' id='word_1_158' title='bbox 976 2179 1091 2213; x_wconf 83' lang='lat' dir='ltr'>janvier</span> <span class='ocrx_word' id='word_1_159' title='bbox 1109 2178 1186 2206; x_wconf 73' lang='lat'><strong>1256.</strong></span> 
     </span>
    </p>
   </div>
   <div class='ocr_carea' id='block_1_13' title="bbox 247 2240 1258 2376">
    <p class='ocr_par' dir='ltr' id='par_1_13' title="bbox 247 2240 1258 2376">
     <span class='ocr_line' id='line_1_25' title="bbox 284 2240 1258 2283; baseline 0.011 -17"><span class='ocrx_word' id='word_1_160' title='bbox 284 2240 433 2267; x_wconf 80' lang='lat' dir='ltr'>Fratribus</span> <span class='ocrx_word' id='word_1_161' title='bbox 458 2241 575 2269; x_wconf 82' lang='lat' dir='ltr'>Militiae</span> <span class='ocrx_word' id='word_1_162' title='bbox 600 2243 710 2278; x_wconf 79' lang='lat' dir='ltr'>Templi</span> <span class='ocrx_word' id='word_1_163' title='bbox 737 2244 972 2281; x_wconf 77' lang='lat' dir='ltr'>Jerosolymitani</span> <span class='ocrx_word' id='word_1_164' title='bbox 996 2247 1143 2283; x_wconf 84' lang='lat' dir='ltr'>indulget,</span> <span class='ocrx_word' id='word_1_165' title='bbox 1170 2253 1202 2277; x_wconf 86' lang='lat' dir='ltr'>ut</span> <span class='ocrx_word' id='word_1_166' title='bbox 1224 2250 1258 2277; x_wconf 91' lang='lat' dir='ltr'>ad</span> 
     </span>
     <span class='ocr_line' id='line_1_26' title="bbox 247 2289 1258 2326; baseline 0.011 -12"><span class='ocrx_word' id='word_1_167' title='bbox 247 2289 488 2316; x_wconf 77' lang='lat' dir='ltr'>contribuendum</span> <span class='ocrx_word' id='word_1_168' title='bbox 512 2291 540 2317; x_wconf 89' lang='lat' dir='ltr'>in</span> <span class='ocrx_word' id='word_1_169' title='bbox 564 2291 707 2326; x_wconf 73' lang='lat' dir='ltr'>aliquibus</span> <span class='ocrx_word' id='word_1_170' title='bbox 730 2293 830 2326; x_wconf 83' lang='lat' dir='ltr'>talliis,</span> <span class='ocrx_word' id='word_1_171' title='bbox 849 2295 978 2322; x_wconf 78' lang='lat' dir='ltr'>collectis</span> <span class='ocrx_word' id='word_1_172' title='bbox 999 2299 1055 2323; x_wconf 87' lang='lat' dir='ltr'>etc.</span> <span class='ocrx_word' id='word_1_173' title='bbox 1077 2297 1193 2324; x_wconf 86' lang='lat' dir='ltr'>minime</span> <span class='ocrx_word' id='word_1_174' title='bbox 1216 2301 1258 2325; x_wconf 87' lang='lat' dir='ltr'>te-</span> 
     </span>
     <span class='ocr_line' id='line_1_27' title="bbox 248 2337 910 2376; baseline 0.011 -13"><span class='ocrx_word' id='word_1_175' title='bbox 248 2341 377 2364; x_wconf 79' lang='lat' dir='ltr'>neantur.</span> <span class='ocrx_word' id='word_1_176' title='bbox 397 2337 481 2371; x_wconf 78' lang='grc' dir='ltr'>(Ιίεο.</span> <span class='ocrx_word' id='word_1_177' title='bbox 496 2338 541 2370; x_wconf 70' lang='lat'>⁶24,</span> <span class='ocrx_word' id='word_1_178' title='bbox 558 2340 577 2365; x_wconf 85' lang='lat' dir='ltr'>f.</span> <span class='ocrx_word' id='word_1_179' title='bbox 596 2339 656 2374; x_wconf 75' lang='lat'><strong>13⁵2,</strong></span> <span class='ocrx_word' id='word_1_180' title='bbox 673 2349 739 2368; x_wconf 87' lang='lat' dir='ltr'>ann.</span> <span class='ocrx_word' id='word_1_181' title='bbox 756 2340 794 2374; x_wconf 87' lang='grc' dir='ltr'>ΙΙ,</span> <span class='ocrx_word' id='word_1_182' title='bbox 811 2350 836 2368; x_wconf 90' lang='lat' dir='ltr'>c.</span> <span class='ocrx_word' id='word_1_183' title='bbox 854 2342 910 2376; x_wconf 86' lang='lat'>65.)</span> 
     </span>
    </p>
   </div>
   <div class='ocr_carea' id='block_1_14' title="bbox 248 2461 1258 2981">
    <p class='ocr_par' dir='ltr' id='par_1_14' title="bbox 248 2461 1258 2981">
     <span class='ocr_line' id='line_1_28' title="bbox 291 2461 1255 2502; baseline 0.012 -16"><span class='ocrx_word' id='word_1_184' title='bbox 291 2471 303 2485; x_wconf 74' lang='grc' dir='ltr'>ιι</span> <span class='ocrx_word' id='word_1_185' title='bbox 327 2482 359 2493; x_wconf 82' lang='grc'>..,</span> <span class='ocrx_word' id='word_1_186' title='bbox 378 2461 525 2497; x_wconf 65' lang='lat' dir='ltr'>magistro</span> <span class='ocrx_word' id='word_1_187' title='bbox 540 2466 565 2489; x_wconf 84' lang='lat' dir='ltr'>et</span> <span class='ocrx_word' id='word_1_188' title='bbox 580 2462 732 2497; x_wconf 79' lang='lat' dir='ltr'>fratribus</span> <span class='ocrx_word' id='word_1_189' title='bbox 747 2463 856 2492; x_wconf 80' lang='lat' dir='ltr'>Miiitie</span> <span class='ocrx_word' id='word_1_190' title='bbox 872 2465 987 2502; x_wconf 82' lang='lat' dir='ltr'><em>Templi</em></span> <span class='ocrx_word' id='word_1_191' title='bbox 1000 2467 1255 2498; x_wconf 49' lang='lat' dir='ltr'>„ierosolimitana</span> 
     </span>
     <span class='ocr_line' id='line_1_29' title="bbox 249 2511 1258 2557; baseline 0.012 -18"><span class='ocrx_word' id='word_1_192' title='bbox 249 2511 378 2547; x_wconf 86' lang='lat' dir='ltr'>Quanto</span> <span class='ocrx_word' id='word_1_193' title='bbox 406 2511 555 2541; x_wconf 82' lang='lat' dir='ltr'>devotius</span> <span class='ocrx_word' id='word_1_194' title='bbox 576 2513 688 2544; x_wconf 81' lang='lat' dir='ltr'>divino</span> <span class='ocrx_word' id='word_1_195' title='bbox 713 2515 838 2544; x_wconf 83' lang='lat' dir='ltr'>vacatis</span> <span class='ocrx_word' id='word_1_196' title='bbox 862 2516 1021 2556; x_wconf 82' lang='lat' dir='ltr'>obsequio</span> <span class='ocrx_word' id='word_1_197' title='bbox 1044 2528 1203 2557; x_wconf 78' lang='lat' dir='ltr'>personas</span> <span class='ocrx_word' id='word_1_198' title='bbox 1227 2525 1258 2551; x_wconf 88' lang='lat' dir='ltr'>et</span> 
     </span>
     <span class='ocr_line' id='line_1_30' title="bbox 248 2562 1256 2611; baseline 0.012 -20"><span class='ocrx_word' id='word_1_199' title='bbox 248 2562 335 2593; x_wconf 85' lang='lat' dir='ltr'>bona</span> <span class='ocrx_word' id='word_1_200' title='bbox 350 2567 461 2593; x_wconf 88' lang='lat' dir='ltr'>vestra</span> <span class='ocrx_word' id='word_1_201' title='bbox 482 2573 540 2602; x_wconf 88' lang='lat' dir='ltr'>pro</span> <span class='ocrx_word' id='word_1_202' title='bbox 559 2565 659 2595; x_wconf 89' lang='lat' dir='ltr'>Terre</span> <span class='ocrx_word' id='word_1_203' title='bbox 685 2566 803 2597; x_wconf 85' lang='lat' dir='ltr'>Sancte</span> <span class='ocrx_word' id='word_1_204' title='bbox 830 2568 979 2599; x_wconf 83' lang='lat' dir='ltr'>subsidio</span> <span class='ocrx_word' id='word_1_205' title='bbox 1001 2571 1146 2601; x_wconf 85' lang='lat' dir='ltr'>totaliter</span> <span class='ocrx_word' id='word_1_206' title='bbox 1164 2582 1256 2611; x_wconf 85' lang='lat' dir='ltr'>expo-</span> 
     </span>
     <span class='ocr_line' id='line_1_31' title="bbox 249 2616 1256 2660; baseline 0.012 -16"><span class='ocrx_word' id='word_1_207' title='bbox 249 2616 374 2651; x_wconf 83' lang='lat' dir='ltr'>nendo,</span> <span class='ocrx_word' id='word_1_208' title='bbox 394 2620 485 2646; x_wconf 84' lang='lat' dir='ltr'>tanto</span> <span class='ocrx_word' id='word_1_209' title='bbox 502 2617 607 2656; x_wconf 79' lang='lat' dir='ltr'>quieti</span> <span class='ocrx_word' id='word_1_210' title='bbox 625 2623 733 2649; x_wconf 85' lang='lat' dir='ltr'>vestre</span> <span class='ocrx_word' id='word_1_211' title='bbox 748 2619 908 2651; x_wconf 88' lang='lat' dir='ltr'>libentius</span> <span class='ocrx_word' id='word_1_212' title='bbox 926 2623 1149 2660; x_wconf 79' lang='lat' dir='ltr'>providemus.</span> <span class='ocrx_word' id='word_1_213' title='bbox 1170 2626 1256 2656; x_wconf 85' lang='lat' dir='ltr'>Hinc</span> 
     </span>
     <span class='ocr_line' id='line_1_32' title="bbox 249 2668 1255 2716; baseline 0.013 -20"><span class='ocrx_word' id='word_1_214' title='bbox 249 2671 299 2698; x_wconf 87' lang='lat' dir='ltr'>est</span> <span class='ocrx_word' id='word_1_215' title='bbox 315 2668 402 2707; x_wconf 86' lang='lat' dir='ltr'>quod</span> <span class='ocrx_word' id='word_1_216' title='bbox 418 2678 488 2703; x_wconf 77' lang='lat' dir='ltr'>nos,</span> <span class='ocrx_word' id='word_1_217' title='bbox 506 2670 626 2700; x_wconf 86' lang='lat' dir='ltr'>vestris</span> <span class='ocrx_word' id='word_1_218' title='bbox 638 2670 764 2701; x_wconf 84' lang='lat' dir='ltr'>devotis</span> <span class='ocrx_word' id='word_1_219' title='bbox 777 2673 1075 2711; x_wconf 81' lang='lat' dir='ltr'>supplicationibus</span> <span class='ocrx_word' id='word_1_220' title='bbox 1090 2677 1255 2716; x_wconf 86' lang='lat' dir='ltr'>inclinati,</span> 
     </span>
     <span class='ocr_line' id='line_1_33' title="bbox 250 2721 1256 2763; baseline 0.012 -14"><span class='ocrx_word' id='word_1_221' title='bbox 250 2721 446 2751; x_wconf 87' lang='lat' dir='ltr'>auctoritate</span> <span class='ocrx_word' id='word_1_222' title='bbox 462 2721 556 2752; x_wconf 77' lang='lat' dir='ltr'>vobis</span> <span class='ocrx_word' id='word_1_223' title='bbox 572 2723 777 2760; x_wconf 85' lang='lat' dir='ltr'>presentium</span> <span class='ocrx_word' id='word_1_224' title='bbox 794 2724 1016 2763; x_wconf 79' lang='lat' dir='ltr'>indulgemus,</span> <span class='ocrx_word' id='word_1_225' title='bbox 1034 2732 1071 2758; x_wconf 88' lang='lat' dir='ltr'>ut</span> <span class='ocrx_word' id='word_1_226' title='bbox 1085 2729 1125 2758; x_wconf 91' lang='lat' dir='ltr'>ad</span> <span class='ocrx_word' id='word_1_227' title='bbox 1138 2732 1256 2761; x_wconf 91' lang='lat' dir='ltr'>contri-</span> 
     </span>
     <span class='ocr_line' id='line_1_34' title="bbox 249 2773 1257 2815; baseline 0.012 -13"><span class='ocrx_word' id='word_1_228' title='bbox 249 2773 419 2803; x_wconf 86' lang='lat' dir='ltr'>buendum</span> <span class='ocrx_word' id='word_1_229' title='bbox 438 2774 473 2803; x_wconf 91' lang='lat' dir='ltr'>in</span> <span class='ocrx_word' id='word_1_230' title='bbox 497 2774 666 2813; x_wconf 80' lang='lat' dir='ltr'>aliquibus</span> <span class='ocrx_word' id='word_1_231' title='bbox 685 2776 805 2812; x_wconf 84' lang='lat' dir='ltr'>talliis,</span> <span class='ocrx_word' id='word_1_232' title='bbox 830 2778 993 2815; x_wconf 71' lang='lat' dir='ltr'>collectis,</span> <span class='ocrx_word' id='word_1_233' title='bbox 1019 2781 1179 2813; x_wconf 84' lang='lat' dir='ltr'>subsidiis</span> <span class='ocrx_word' id='word_1_234' title='bbox 1198 2794 1257 2815; x_wconf 92' lang='lat' dir='ltr'>seu</span> 
     </span>
     <span class='ocr_line' id='line_1_35' title="bbox 249 2826 1257 2876; baseline 0.012 -21"><span class='ocrx_word' id='word_1_235' title='bbox 249 2826 389 2864; x_wconf 83' lang='lat' dir='ltr'>pecunie</span> <span class='ocrx_word' id='word_1_236' title='bbox 417 2828 556 2857; x_wconf 87' lang='lat' dir='ltr'>summis</span> <span class='ocrx_word' id='word_1_237' title='bbox 586 2832 642 2858; x_wconf 86' lang='lat' dir='ltr'>aut</span> <span class='ocrx_word' id='word_1_238' title='bbox 669 2829 897 2861; x_wconf 79' lang='lat' dir='ltr'>exactionibus</span> <span class='ocrx_word' id='word_1_239' title='bbox 924 2831 1018 2869; x_wconf 81' lang='lat' dir='ltr'>aliis,</span> <span class='ocrx_word' id='word_1_240' title='bbox 1049 2843 1257 2876; x_wconf 84' lang='lat' dir='ltr'>quocumque</span> 
     </span>
     <span class='ocr_line' id='line_1_36' title="bbox 250 2878 1258 2926; baseline 0.014 -20"><span class='ocrx_word' id='word_1_241' title='bbox 250 2878 384 2908; x_wconf 91' lang='lat' dir='ltr'>nomine</span> <span class='ocrx_word' id='word_1_242' title='bbox 409 2885 618 2916; x_wconf 77' lang='lat' dir='ltr'>censeantur,</span> <span class='ocrx_word' id='word_1_243' title='bbox 646 2885 701 2911; x_wconf 88' lang='lat' dir='ltr'>aut</span> <span class='ocrx_word' id='word_1_244' title='bbox 724 2882 765 2911; x_wconf 87' lang='lat' dir='ltr'>ad</span> <span class='ocrx_word' id='word_1_245' title='bbox 787 2883 1010 2915; x_wconf 75' lang='lat' dir='ltr'>exhibendum</span> <span class='ocrx_word' id='word_1_246' title='bbox 1032 2886 1084 2917; x_wconf 90' lang='lat' dir='ltr'>vel</span> <span class='ocrx_word' id='word_1_247' title='bbox 1104 2894 1258 2926; x_wconf 85' lang='lat' dir='ltr'>prestan-</span> 
     </span>
     <span class='ocr_line' id='line_1_37' title="bbox 251 2929 1256 2981; baseline 0.013 -22"><span class='ocrx_word' id='word_1_248' title='bbox 251 2929 328 2959; x_wconf 89' lang='lat' dir='ltr'>dum</span> <span class='ocrx_word' id='word_1_249' title='bbox 354 2931 486 2961; x_wconf 85' lang='lat' dir='ltr'>easdem</span> <span class='ocrx_word' id='word_1_250' title='bbox 510 2941 569 2970; x_wconf 90' lang='lat' dir='ltr'>pro</span> <span class='ocrx_word' id='word_1_251' title='bbox 596 2933 713 2972; x_wconf 83' lang='lat' dir='ltr'>quavis</span> <span class='ocrx_word' id='word_1_252' title='bbox 740 2943 879 2972; x_wconf 88' lang='lat' dir='ltr'>persona</span> <span class='ocrx_word' id='word_1_253' title='bbox 905 2941 961 2966; x_wconf 88' lang='lat' dir='ltr'>aut</span> <span class='ocrx_word' id='word_1_254' title='bbox 987 2947 1024 2969; x_wconf 78' lang='lat' dir='ltr'>ex</span> <span class='ocrx_word' id='word_1_255' title='bbox 1048 2948 1256 2981; x_wconf 82' lang='lat' dir='ltr'>quacumque</span> 
     </span>
    </p>
   </div>
   <div class='ocr_carea' id='block_1_15' title="bbox 1298 426 1300 1102">
    <p class='ocr_par' dir='ltr' id='par_1_15' title="bbox 1298 426 1300 1102">
     <span class='ocr_line' id='line_1_38' title="bbox 1298 426 1300 1102; baseline 0 0"><span class='ocrx_word' id='word_1_256' title='bbox 1298 426 1300 1102; x_wconf 95' lang='lat' dir='ltr'> </span> 
     </span>
    </p>
   </div>
   <div class='ocr_carea' id='block_1_16' title="bbox 1338 347 2352 703">
    <p class='ocr_par' dir='ltr' id='par_1_16' title="bbox 1338 347 2352 703">
     <span class='ocr_line' id='line_1_39' title="bbox 1341 347 2352 386; baseline 0.004 -11"><span class='ocrx_word' id='word_1_257' title='bbox 1341 354 1440 376; x_wconf 87' lang='lat' dir='ltr'>causa</span> <span class='ocrx_word' id='word_1_258' title='bbox 1455 347 1544 385; x_wconf 87' lang='lat' dir='ltr'>ipsas</span> <span class='ocrx_word' id='word_1_259' title='bbox 1563 347 1687 386; x_wconf 89' lang='lat' dir='ltr'>imponi</span> <span class='ocrx_word' id='word_1_260' title='bbox 1708 348 1888 385; x_wconf 69' lang='lat' dir='ltr'>contingat,</span> <span class='ocrx_word' id='word_1_261' title='bbox 1907 348 2034 378; x_wconf 86' lang='lat' dir='ltr'>ratione</span> <span class='ocrx_word' id='word_1_262' title='bbox 2051 348 2278 384; x_wconf 82' lang='lat' dir='ltr'>ecclesiarum,</span> <span class='ocrx_word' id='word_1_263' title='bbox 2293 349 2352 379; x_wconf 90' lang='lat' dir='ltr'>do-</span> 
     </span>
     <span class='ocr_line' id='line_1_40' title="bbox 1341 401 2347 440; baseline 0.003 -12"><span class='ocrx_word' id='word_1_264' title='bbox 1341 408 1469 429; x_wconf 84' lang='lat' dir='ltr'>morum</span> <span class='ocrx_word' id='word_1_265' title='bbox 1491 410 1547 430; x_wconf 83' lang='lat' dir='ltr'>seu</span> <span class='ocrx_word' id='word_1_266' title='bbox 1569 410 1854 440; x_wconf 76' lang='lat' dir='ltr'>‹pun-unicumque</span> <span class='ocrx_word' id='word_1_267' title='bbox 1875 401 2124 439; x_wconf 80' lang='lat' dir='ltr'>posscssionum</span> <span class='ocrx_word' id='word_1_268' title='bbox 2146 406 2347 437; x_wconf 82' lang='lat' dir='ltr'>vestrarum,</span> 
     </span>
     <span class='ocr_line' id='line_1_41' title="bbox 1340 452 2352 493; baseline 0.003 -12"><span class='ocrx_word' id='word_1_269' title='bbox 1340 452 1477 482; x_wconf 86' lang='lat' dir='ltr'>minime</span> <span class='ocrx_word' id='word_1_270' title='bbox 1495 453 1674 482; x_wconf 73' lang='lat' dir='ltr'>teneamini</span> <span class='ocrx_word' id='word_1_271' title='bbox 1696 462 1754 483; x_wconf 82' lang='lat' dir='ltr'>nec</span> <span class='ocrx_word' id='word_1_272' title='bbox 1772 454 1811 483; x_wconf 89' lang='lat' dir='ltr'>ad</span> <span class='ocrx_word' id='word_1_273' title='bbox 1832 453 1865 482; x_wconf 90' lang='lat' dir='ltr'>id</span> <span class='ocrx_word' id='word_1_274' title='bbox 1888 453 2040 492; x_wconf 82' lang='lat' dir='ltr'>compelli</span> <span class='ocrx_word' id='word_1_275' title='bbox 2065 453 2276 493; x_wconf 77' lang='lat' dir='ltr'>aliquatenus</span> <span class='ocrx_word' id='word_1_276' title='bbox 2292 463 2352 484; x_wconf 85' lang='lat' dir='ltr'>va-</span> 
     </span>
     <span class='ocr_line' id='line_1_42' title="bbox 1338 504 2350 545; baseline 0.003 -11"><span class='ocrx_word' id='word_1_277' title='bbox 1338 504 1446 539; x_wconf 82' lang='lat' dir='ltr'>leatis,</span> <span class='ocrx_word' id='word_1_278' title='bbox 1466 506 1660 535; x_wconf 74' lang='lat' dir='ltr'>anctoritate</span> <span class='ocrx_word' id='word_1_279' title='bbox 1678 505 1864 535; x_wconf 81' lang='lat' dir='ltr'>litterarum</span> <span class='ocrx_word' id='word_1_280' title='bbox 1883 506 2061 544; x_wconf 86' lang='lat' dir='ltr'>apostolice</span> <span class='ocrx_word' id='word_1_281' title='bbox 2085 507 2180 536; x_wconf 65' lang='lat' dir='ltr'>Sedis</span> <span class='ocrx_word' id='word_1_282' title='bbox 2197 506 2247 536; x_wconf 79' lang='lat' dir='ltr'>vel</span> <span class='ocrx_word' id='word_1_283' title='bbox 2264 506 2350 545; x_wconf 80' lang='lat' dir='ltr'>lega-</span> 
     </span>
     <span class='ocr_line' id='line_1_43' title="bbox 1342 557 2348 598; baseline 0.004 -13"><span class='ocrx_word' id='word_1_284' title='bbox 1342 561 1447 586; x_wconf 86' lang='lat' dir='ltr'>torum</span> <span class='ocrx_word' id='word_1_285' title='bbox 1471 557 1576 595; x_wconf 80' lang='lat' dir='ltr'>ipsius</span> <span class='ocrx_word' id='word_1_286' title='bbox 1598 558 1847 596; x_wconf 77' lang='lat' dir='ltr'>impeti-alarum</span> <span class='ocrx_word' id='word_1_287' title='bbox 1866 558 1915 588; x_wconf 76' lang='lat' dir='ltr'>vel</span> <span class='ocrx_word' id='word_1_288' title='bbox 1936 559 2035 588; x_wconf 84' lang='lat' dir='ltr'>etiam</span> <span class='ocrx_word' id='word_1_289' title='bbox 2053 559 2348 598; x_wconf 71' lang='lat' dir='ltr'>impetrantlarum,</span> 
     </span>
     <span class='ocr_line' id='line_1_44' title="bbox 1341 610 2351 651; baseline 0.004 -12"><span class='ocrx_word' id='word_1_290' title='bbox 1341 610 1464 649; x_wconf 82' lang='lat' dir='ltr'>absque</span> <span class='ocrx_word' id='word_1_291' title='bbox 1493 611 1629 649; x_wconf 83' lang='lat' dir='ltr'>speciali</span> <span class='ocrx_word' id='word_1_292' title='bbox 1652 611 1806 640; x_wconf 87' lang='lat' dir='ltr'>mandato</span> <span class='ocrx_word' id='word_1_293' title='bbox 1828 611 1923 640; x_wconf 73' lang='lat' dir='ltr'>Sedis</span> <span class='ocrx_word' id='word_1_294' title='bbox 1946 612 2094 650; x_wconf 71' lang='lat' dir='ltr'>ejusdem</span> <span class='ocrx_word' id='word_1_295' title='bbox 2117 613 2259 642; x_wconf 66' lang='lat' dir='ltr'>szuficnte</span> <span class='ocrx_word' id='word_1_296' title='bbox 2280 612 2351 651; x_wconf 83' lang='lat' dir='ltr'>ple-</span> 
     </span>
     <span class='ocr_line' id='line_1_45' title="bbox 1340 663 2348 703; baseline 0.001 -10"><span class='ocrx_word' id='word_1_297' title='bbox 1340 672 1416 693; x_wconf 86' lang='lat' dir='ltr'>nam</span> <span class='ocrx_word' id='word_1_298' title='bbox 1442 668 1471 693; x_wconf 88' lang='lat' dir='ltr'>ct</span> <span class='ocrx_word' id='word_1_299' title='bbox 1496 672 1683 702; x_wconf 76' lang='lat' dir='ltr'>expressam</span> <span class='ocrx_word' id='word_1_300' title='bbox 1707 664 1744 694; x_wconf 85' lang='lat' dir='ltr'>de</span> <span class='ocrx_word' id='word_1_301' title='bbox 1770 664 1898 694; x_wconf 86' lang='lat' dir='ltr'>indulto</span> <span class='ocrx_word' id='word_1_302' title='bbox 1919 663 2107 703; x_wconf 85' lang='lat' dir='ltr'>hujusmodi</span> <span class='ocrx_word' id='word_1_303' title='bbox 2134 665 2348 695; x_wconf 77' lang='lat' dir='ltr'>mentionem.</span> 
     </span>
    </p>
   </div>
   <div class='ocr_carea' id='block_1_17' title="bbox 1339 706 2380 754">
    <p class='ocr_par' dir='ltr' id='par_1_17' title="bbox 1339 706 2380 754">
     <span class='ocr_line' id='line_1_46' title="bbox 1339 706 2380 754; baseline 0.002 -8"><span class='ocrx_word' id='word_1_304' title='bbox 1339 717 1407 746; x_wconf 79' lang='lat' dir='ltr'>Nos</span> <span class='ocrx_word' id='word_1_305' title='bbox 1425 717 1525 751; x_wconf 87' lang='lat' dir='ltr'>enim,</span> <span class='ocrx_word' id='word_1_306' title='bbox 1544 717 1897 746; x_wconf 79' lang='lat' dir='ltr'>excommunicationis</span> <span class='ocrx_word' id='word_1_307' title='bbox 1916 721 1944 746; x_wconf 84' lang='lat' dir='ltr'>ct</span> <span class='ocrx_word' id='word_1_308' title='bbox 1963 717 2133 747; x_wconf 71' lang='lat' dir='ltr'>interdicti</span> <span class='ocrx_word' id='word_1_309' title='bbox 2152 718 2347 754; x_wconf 84' lang='lat' dir='ltr'>sententias,</span> <span class='ocrx_word' id='word_1_310' title='bbox 2371 706 2380 713; x_wconf 53' lang='lat'><em>⁶</em></span> 
     </span>
    </p>
   </div>
   <div class='ocr_carea' id='block_1_18' title="bbox 1338 769 2352 863">
    <p class='ocr_par' dir='ltr' id='par_1_18' title="bbox 1338 769 2352 863">
     <span class='ocr_line' id='line_1_47' title="bbox 1340 769 2352 808; baseline 0.003 -9"><span class='ocrx_word' id='word_1_311' title='bbox 1340 770 1367 799; x_wconf 87' lang='lat' dir='ltr'>si</span> <span class='ocrx_word' id='word_1_312' title='bbox 1385 778 1467 808; x_wconf 83' lang='lat' dir='ltr'>quas</span> <span class='ocrx_word' id='word_1_313' title='bbox 1487 770 1520 799; x_wconf 91' lang='lat' dir='ltr'>in</span> <span class='ocrx_word' id='word_1_314' title='bbox 1545 779 1601 799; x_wconf 82' lang='lat' dir='ltr'>vos</span> <span class='ocrx_word' id='word_1_315' title='bbox 1624 769 1675 799; x_wconf 71' lang='lat' dir='ltr'>vel</span> <span class='ocrx_word' id='word_1_316' title='bbox 1699 769 1843 808; x_wconf 79' lang='lat' dir='ltr'>aliquem</span> <span class='ocrx_word' id='word_1_317' title='bbox 1862 775 2007 800; x_wconf 83' lang='lat' dir='ltr'>vestrum</span> <span class='ocrx_word' id='word_1_318' title='bbox 2027 770 2078 800; x_wconf 79' lang='lat' dir='ltr'>vel</span> <span class='ocrx_word' id='word_1_319' title='bbox 2101 770 2258 802; x_wconf 70' lang='lat' dir='ltr'>ecclesias</span> <span class='ocrx_word' id='word_1_320' title='bbox 2274 779 2352 802; x_wconf 87' lang='lat' dir='ltr'>ves-</span> 
     </span>
     <span class='ocr_line' id='line_1_48' title="bbox 1338 823 2350 863; baseline 0.003 -11"><span class='ocrx_word' id='word_1_321' title='bbox 1338 827 1407 853; x_wconf 85' lang='lat' dir='ltr'>tras</span> <span class='ocrx_word' id='word_1_322' title='bbox 1426 826 1539 852; x_wconf 87' lang='lat' dir='ltr'>contra</span> <span class='ocrx_word' id='word_1_323' title='bbox 1556 826 1702 852; x_wconf 83' lang='lat' dir='ltr'>tenorem</span> <span class='ocrx_word' id='word_1_324' title='bbox 1719 823 1839 853; x_wconf 86' lang='lat' dir='ltr'>indulti</span> <span class='ocrx_word' id='word_1_325' title='bbox 1855 823 2045 862; x_wconf 81' lang='lat' dir='ltr'>hujusmodi</span> <span class='ocrx_word' id='word_1_326' title='bbox 2062 833 2079 853; x_wconf 91' lang='lat' dir='ltr'>a</span> <span class='ocrx_word' id='word_1_327' title='bbox 2096 833 2263 863; x_wconf 83' lang='lat' dir='ltr'>quoquam</span> <span class='ocrx_word' id='word_1_328' title='bbox 2278 832 2350 863; x_wconf 90' lang='lat' dir='ltr'>pro-</span> 
     </span>
    </p>
   </div>
   <div class='ocr_carea' id='block_1_19' title="bbox 1339 875 2391 913">
    <p class='ocr_par' dir='ltr' id='par_1_19' title="bbox 1339 875 2391 913">
     <span class='ocr_line' id='line_1_49' title="bbox 1339 875 2391 913; baseline 0.002 -9"><span class='ocrx_word' id='word_1_329' title='bbox 1339 875 1482 913; x_wconf 74' lang='lat' dir='ltr'>mulgari</span> <span class='ocrx_word' id='word_1_330' title='bbox 1499 875 1689 913; x_wconf 66' lang='lat' dir='ltr'>contigerit,</span> <span class='ocrx_word' id='word_1_331' title='bbox 1707 875 1917 905; x_wconf 85' lang='lat' dir='ltr'>decernimus</span> <span class='ocrx_word' id='word_1_332' title='bbox 1935 876 2046 905; x_wconf 82' lang='lat' dir='ltr'>irritas</span> <span class='ocrx_word' id='word_1_333' title='bbox 2063 880 2093 906; x_wconf 87' lang='lat' dir='ltr'>et</span> <span class='ocrx_word' id='word_1_334' title='bbox 2111 876 2240 907; x_wconf 86' lang='lat' dir='ltr'>inanes.</span> <span class='ocrx_word' id='word_1_335' title='bbox 2255 876 2351 907; x_wconf 86' lang='lat' dir='ltr'>Nulli</span> <span class='ocrx_word' id='word_1_336' title='bbox 2387 888 2391 893; x_wconf 89' lang='lat'>·</span> 
     </span>
    </p>
   </div>
   <div class='ocr_carea' id='block_1_20' title="bbox 1341 928 2352 1016">
    <p class='ocr_par' dir='ltr' id='par_1_20' title="bbox 1341 928 2352 1016">
     <span class='ocr_line' id='line_1_50' title="bbox 1341 928 2352 959; baseline 0.001 -1"><span class='ocrx_word' id='word_1_337' title='bbox 1341 932 1402 958; x_wconf 43' lang='lat' dir='ltr'>etc⁴</span> <span class='ocrx_word' id='word_1_338' title='bbox 1420 932 1530 958; x_wconf 85' lang='lat' dir='ltr'>nostre</span> <span class='ocrx_word' id='word_1_339' title='bbox 1548 928 1774 958; x_wconf 74' lang='lat' dir='ltr'>concessionis</span> <span class='ocrx_word' id='word_1_340' title='bbox 1796 932 1825 958; x_wconf 85' lang='lat' dir='ltr'>et</span> <span class='ocrx_word' id='word_1_341' title='bbox 1847 928 2095 958; x_wconf 77' lang='lat' dir='ltr'>constitutionis</span> <span class='ocrx_word' id='word_1_342' title='bbox 2112 934 2173 959; x_wconf 85' lang='lat' dir='ltr'>etc.</span> <span class='ocrx_word' id='word_1_343' title='bbox 2195 930 2269 959; x_wconf 84' lang='lat' dir='ltr'>Dat.</span> <span class='ocrx_word' id='word_1_344' title='bbox 2287 930 2352 959; x_wconf 88' lang='lat' dir='ltr'>La-</span> 
     </span>
     <span class='ocr_line' id='line_1_51' title="bbox 1341 980 2239 1016; baseline 0 -6"><span class='ocrx_word' id='word_1_345' title='bbox 1341 980 1458 1015; x_wconf 66' lang='lat' dir='ltr'>terani,</span> <span class='ocrx_word' id='word_1_346' title='bbox 1476 981 1560 1010; x_wconf 79' lang='lat' dir='ltr'>XIII</span> <span class='ocrx_word' id='word_1_347' title='bbox 1578 980 1736 1010; x_wconf 81' lang='lat' dir='ltr'>kalendas</span> <span class='ocrx_word' id='word_1_348' title='bbox 1757 981 1929 1016; x_wconf 82' lang='lat' dir='ltr'>februarii,</span> <span class='ocrx_word' id='word_1_349' title='bbox 1949 990 2035 1011; x_wconf 89' lang='lat' dir='ltr'>anno</span> <span class='ocrx_word' id='word_1_350' title='bbox 2052 981 2208 1012; x_wconf 82' lang='lat' dir='ltr'>secundo.</span> <span class='ocrx_word' id='word_1_351' title='bbox 2226 994 2239 1008; x_wconf 79' lang='lat' dir='ltr'><em>n</em></span> 
     </span>
    </p>
   </div>
   <div class='ocr_carea' id='block_1_21' title="bbox 1414 1185 1531 1214">
    <p class='ocr_par' dir='ltr' id='par_1_21' title="bbox 1414 1185 1531 1214">
     <span class='ocr_line' id='line_1_52' title="bbox 1414 1185 1531 1214; baseline -0.009 0"><span class='ocrx_word' id='word_1_352' title='bbox 1414 1185 1531 1214; x_wconf 67' lang='lat' dir='ltr'>¹⁰7ss</span> 
     </span>
    </p>
   </div>
   <div class='ocr_carea' id='block_1_22' title="bbox 1894 1186 2280 1222">
    <p class='ocr_par' dir='ltr' id='par_1_22' title="bbox 1894 1186 2280 1222">
     <span class='ocr_line' id='line_1_53' title="bbox 1894 1186 2280 1222; baseline 0.005 -10"><span class='ocrx_word' id='word_1_353' title='bbox 1894 1186 2008 1219; x_wconf 73' lang='lat' dir='ltr'>Latmo,</span> <span class='ocrx_word' id='word_1_354' title='bbox 2026 1187 2058 1214; x_wconf 73' lang='lat'>25</span> <span class='ocrx_word' id='word_1_355' title='bbox 2070 1187 2184 1222; x_wconf 86' lang='lat' dir='ltr'>janvier</span> <span class='ocrx_word' id='word_1_356' title='bbox 2202 1186 2280 1214; x_wconf 73' lang='lat'>1256.</span> 
     </span>
    </p>
   </div>
   <div class='ocr_carea' id='block_1_23' title="bbox 1340 1254 2352 1386">
    <p class='ocr_par' dir='ltr' id='par_1_23' title="bbox 1340 1254 2352 1386">
     <span class='ocr_line' id='line_1_54' title="bbox 1376 1254 2349 1290; baseline 0.002 -10"><span class='ocrx_word' id='word_1_357' title='bbox 1376 1254 1501 1280; x_wconf 79' lang='lat' dir='ltr'>Plebano</span> <span class='ocrx_word' id='word_1_358' title='bbox 1528 1254 1619 1288; x_wconf 84' lang='lat' dir='ltr'>plebis</span> <span class='ocrx_word' id='word_1_359' title='bbox 1643 1262 1666 1280; x_wconf 85' lang='lat' dir='ltr'>s.</span> <span class='ocrx_word' id='word_1_360' title='bbox 1689 1254 1848 1289; x_wconf 77' lang='lat' dir='ltr'>Hippolyti,</span> <span class='ocrx_word' id='word_1_361' title='bbox 1868 1254 2047 1281; x_wconf 83' lang='lat' dir='ltr'>Florentinae</span> <span class='ocrx_word' id='word_1_362' title='bbox 2063 1255 2200 1289; x_wconf 85' lang='lat' dir='ltr'>diocesis,</span> <span class='ocrx_word' id='word_1_363' title='bbox 2218 1254 2349 1290; x_wconf 85' lang='lat' dir='ltr'>mandat,</span> 
     </span>
     <span class='ocr_line' id='line_1_55' title="bbox 1341 1303 2352 1338; baseline 0.002 -9"><span class='ocrx_word' id='word_1_364' title='bbox 1341 1307 1371 1330; x_wconf 85' lang='lat' dir='ltr'>ut</span> <span class='ocrx_word' id='word_1_365' title='bbox 1388 1303 1431 1334; x_wconf 77' lang='lat' dir='ltr'>P..</span> <span class='ocrx_word' id='word_1_366' title='bbox 1448 1303 1611 1329; x_wconf 80' lang='lat' dir='ltr'>abbatissae</span> <span class='ocrx_word' id='word_1_367' title='bbox 1627 1303 1734 1329; x_wconf 81' lang='lat' dir='ltr'>electae</span> <span class='ocrx_word' id='word_1_368' title='bbox 1753 1304 1918 1330; x_wconf 81' lang='lat' dir='ltr'>monasterii</span> <span class='ocrx_word' id='word_1_369' title='bbox 1931 1303 1966 1329; x_wconf 86' lang='lat' dir='ltr'>de</span> <span class='ocrx_word' id='word_1_370' title='bbox 1981 1303 2126 1338; x_wconf 79' lang='lat' dir='ltr'>Capraria,</span> <span class='ocrx_word' id='word_1_371' title='bbox 2143 1312 2250 1331; x_wconf 82' lang='lat' dir='ltr'>munus</span> <span class='ocrx_word' id='word_1_372' title='bbox 2263 1304 2352 1331; x_wconf 85' lang='lat' dir='ltr'>bene-</span> 
     </span>
     <span class='ocr_line' id='line_1_56' title="bbox 1340 1351 2181 1386; baseline 0 -8"><span class='ocrx_word' id='word_1_373' title='bbox 1340 1351 1475 1378; x_wconf 84' lang='lat' dir='ltr'>dictionis</span> <span class='ocrx_word' id='word_1_374' title='bbox 1490 1351 1646 1386; x_wconf 77' lang='lat' dir='ltr'>impendat.</span> <span class='ocrx_word' id='word_1_375' title='bbox 1665 1351 1749 1382; x_wconf 76' lang='lat' dir='ltr'>(Rea.</span> <span class='ocrx_word' id='word_1_376' title='bbox 1766 1352 1810 1386; x_wconf 62' lang='grc' dir='ltr'>ΞΜ,</span> <span class='ocrx_word' id='word_1_377' title='bbox 1829 1352 1847 1379; x_wconf 84' lang='lat' dir='ltr'>s.</span> <span class='ocrx_word' id='word_1_378' title='bbox 1869 1352 1926 1386; x_wconf 64' lang='lat'>¹32,</span> <span class='ocrx_word' id='word_1_379' title='bbox 1943 1360 2010 1379; x_wconf 90' lang='lat' dir='ltr'>ann.</span> <span class='ocrx_word' id='word_1_380' title='bbox 2027 1351 2064 1386; x_wconf 85' lang='lat'>11,</span> <span class='ocrx_word' id='word_1_381' title='bbox 2081 1361 2108 1380; x_wconf 88' lang='lat' dir='ltr'>c.</span> <span class='ocrx_word' id='word_1_382' title='bbox 2125 1352 2181 1386; x_wconf 86' lang='grc'>66.)</span> 
     </span>
    </p>
   </div>
   <div class='ocr_carea' id='block_1_24' title="bbox 1338 1467 2353 2974">
    <p class='ocr_par' dir='ltr' id='par_1_24' title="bbox 1338 1467 2353 2974">
     <span class='ocr_line' id='line_1_57' title="bbox 1382 1467 2348 1504; baseline 0.003 -10"><span class='ocrx_word' id='word_1_383' title='bbox 1382 1478 1395 1493; x_wconf 76' lang='grc' dir='ltr'>α</span> <span class='ocrx_word' id='word_1_384' title='bbox 1425 1489 1457 1501; x_wconf 77' lang='grc'>..,</span> <span class='ocrx_word' id='word_1_385' title='bbox 1479 1467 1607 1504; x_wconf 81' lang='lat' dir='ltr'>plebano</span> <span class='ocrx_word' id='word_1_386' title='bbox 1625 1467 1720 1504; x_wconf 81' lang='lat' dir='ltr'>plebis</span> <span class='ocrx_word' id='word_1_387' title='bbox 1741 1468 1842 1496; x_wconf 83' lang='lat' dir='ltr'>sancti</span> <span class='ocrx_word' id='word_1_388' title='bbox 1871 1467 1990 1504; x_wconf 76' lang='lat' dir='ltr'>l&#39;politi,</span> <span class='ocrx_word' id='word_1_389' title='bbox 2015 1467 2190 1496; x_wconf 70' lang='lat' dir='ltr'>Florentiae</span> <span class='ocrx_word' id='word_1_390' title='bbox 2211 1467 2348 1497; x_wconf 83' lang='lat' dir='ltr'>diocesis.</span> 
     </span>
     <span class='ocr_line' id='line_1_58' title="bbox 1339 1518 2352 1550; baseline 0.001 -2"><span class='ocrx_word' id='word_1_391' title='bbox 1339 1519 1438 1548; x_wconf 84' lang='lat' dir='ltr'>Lecta</span> <span class='ocrx_word' id='word_1_392' title='bbox 1455 1527 1565 1549; x_wconf 83' lang='lat' dir='ltr'>coram</span> <span class='ocrx_word' id='word_1_393' title='bbox 1581 1518 1677 1548; x_wconf 87' lang='lat' dir='ltr'>nobis</span> <span class='ocrx_word' id='word_1_394' title='bbox 1696 1518 1891 1548; x_wconf 85' lang='lat' dir='ltr'>dilectarum</span> <span class='ocrx_word' id='word_1_395' title='bbox 1908 1519 1943 1548; x_wconf 93' lang='lat' dir='ltr'>in</span> <span class='ocrx_word' id='word_1_396' title='bbox 1958 1519 2092 1549; x_wconf 88' lang='lat' dir='ltr'>Christo</span> <span class='ocrx_word' id='word_1_397' title='bbox 2107 1519 2253 1549; x_wconf 83' lang='lat' dir='ltr'>filiarum</span> <span class='ocrx_word' id='word_1_398' title='bbox 2271 1528 2352 1550; x_wconf 91' lang='lat' dir='ltr'>con-</span> 
     </span>
     <span class='ocr_line' id='line_1_59' title="bbox 1338 1571 2352 1609; baseline 0.002 -8"><span class='ocrx_word' id='word_1_399' title='bbox 1338 1575 1457 1602; x_wconf 88' lang='lat' dir='ltr'>ventus</span> <span class='ocrx_word' id='word_1_400' title='bbox 1480 1571 1675 1601; x_wconf 82' lang='lat' dir='ltr'>monasterii</span> <span class='ocrx_word' id='word_1_401' title='bbox 1697 1571 1736 1601; x_wconf 90' lang='lat' dir='ltr'>de</span> <span class='ocrx_word' id='word_1_402' title='bbox 1761 1571 1933 1609; x_wconf 74' lang='lat' dir='ltr'>Capraria,</span> <span class='ocrx_word' id='word_1_403' title='bbox 1959 1572 2087 1602; x_wconf 88' lang='lat' dir='ltr'>ordinis</span> <span class='ocrx_word' id='word_1_404' title='bbox 2109 1572 2216 1602; x_wconf 86' lang='lat' dir='ltr'>sancti</span> <span class='ocrx_word' id='word_1_405' title='bbox 2241 1573 2352 1603; x_wconf 91' lang='lat' dir='ltr'>Bene-</span> 
     </span>
     <span class='ocr_line' id='line_1_60' title="bbox 1339 1624 2352 1660; baseline 0.002 -7"><span class='ocrx_word' id='word_1_406' title='bbox 1339 1624 1430 1660; x_wconf 85' lang='lat' dir='ltr'>dicti,</span> <span class='ocrx_word' id='word_1_407' title='bbox 1446 1624 1663 1654; x_wconf 83' lang='lat' dir='ltr'>Pistoriensis</span> <span class='ocrx_word' id='word_1_408' title='bbox 1679 1624 1833 1659; x_wconf 85' lang='lat' dir='ltr'>diocesis,</span> <span class='ocrx_word' id='word_1_409' title='bbox 1852 1624 1891 1654; x_wconf 90' lang='lat' dir='ltr'>ad</span> <span class='ocrx_word' id='word_1_410' title='bbox 1906 1625 2089 1654; x_wconf 81' lang='lat' dir='ltr'>Romanam</span> <span class='ocrx_word' id='word_1_411' title='bbox 2104 1624 2300 1660; x_wconf 86' lang='lat' dir='ltr'>Ecclesiam,</span> <span class='ocrx_word' id='word_1_412' title='bbox 2314 1628 2352 1655; x_wconf 84' lang='lat' dir='ltr'>ut</span> 
     </span>
     <span class='ocr_line' id='line_1_61' title="bbox 1339 1676 2350 1716; baseline 0.001 -10"><span class='ocrx_word' id='word_1_413' title='bbox 1339 1677 1471 1712; x_wconf 77' lang='lat' dir='ltr'>dicitur,</span> <span class='ocrx_word' id='word_1_414' title='bbox 1503 1677 1594 1707; x_wconf 90' lang='lat' dir='ltr'>nullo</span> <span class='ocrx_word' id='word_1_415' title='bbox 1619 1677 1728 1707; x_wconf 81' lang='lat' dir='ltr'>medio</span> <span class='ocrx_word' id='word_1_416' title='bbox 1755 1677 1972 1715; x_wconf 80' lang='lat' dir='ltr'>pertinentis,</span> <span class='ocrx_word' id='word_1_417' title='bbox 2000 1677 2117 1716; x_wconf 88' lang='lat' dir='ltr'>petitio</span> <span class='ocrx_word' id='word_1_418' title='bbox 2145 1676 2350 1714; x_wconf 82' lang='lat' dir='ltr'>continebat,</span> 
     </span>
     <span class='ocr_line' id='line_1_62' title="bbox 1339 1729 2349 1769; baseline 0 -9"><span class='ocrx_word' id='word_1_419' title='bbox 1339 1730 1440 1769; x_wconf 82' lang='lat' dir='ltr'>quod,</span> <span class='ocrx_word' id='word_1_420' title='bbox 1470 1730 1672 1760; x_wconf 82' lang='lat' dir='ltr'>monasterio</span> <span class='ocrx_word' id='word_1_421' title='bbox 1697 1730 1768 1768; x_wconf 87' lang='lat' dir='ltr'>ipso</span> <span class='ocrx_word' id='word_1_422' title='bbox 1794 1729 1961 1760; x_wconf 74' lang='lat' dir='ltr'>abbatisse</span> <span class='ocrx_word' id='word_1_423' title='bbox 1984 1730 2147 1767; x_wconf 78' lang='lat' dir='ltr'>regimine</span> <span class='ocrx_word' id='word_1_424' title='bbox 2169 1730 2349 1766; x_wconf 79' lang='lat' dir='ltr'>destituto,</span> 
     </span>
     <span class='ocr_line' id='line_1_63' title="bbox 1339 1781 2350 1821; baseline -0.002 -7"><span class='ocrx_word' id='word_1_425' title='bbox 1339 1783 1452 1814; x_wconf 87' lang='lat' dir='ltr'>eedem</span> <span class='ocrx_word' id='word_1_426' title='bbox 1475 1783 1711 1813; x_wconf 85' lang='lat' dir='ltr'>convenientes</span> <span class='ocrx_word' id='word_1_427' title='bbox 1731 1782 1765 1811; x_wconf 89' lang='lat' dir='ltr'>in</span> <span class='ocrx_word' id='word_1_428' title='bbox 1783 1791 1886 1812; x_wconf 89' lang='lat' dir='ltr'>unum</span> <span class='ocrx_word' id='word_1_429' title='bbox 1903 1787 1945 1815; x_wconf 75' lang='lat' dir='ltr'>et,</span> <span class='ocrx_word' id='word_1_430' title='bbox 1966 1787 2001 1812; x_wconf 89' lang='lat' dir='ltr'>ut</span> <span class='ocrx_word' id='word_1_431' title='bbox 2018 1782 2119 1812; x_wconf 87' lang='lat' dir='ltr'>moris</span> <span class='ocrx_word' id='word_1_432' title='bbox 2138 1786 2187 1813; x_wconf 87' lang='lat' dir='ltr'>est</span> <span class='ocrx_word' id='word_1_433' title='bbox 2205 1781 2350 1821; x_wconf 85' lang='lat' dir='ltr'>Spiritus</span> 
     </span>
     <span class='ocr_line' id='line_1_64' title="bbox 1339 1834 2350 1874; baseline -0.001 -9"><span class='ocrx_word' id='word_1_434' title='bbox 1339 1836 1447 1865; x_wconf 82' lang='lat' dir='ltr'>sancti</span> <span class='ocrx_word' id='word_1_435' title='bbox 1460 1835 1566 1873; x_wconf 72' lang='lat' dir='ltr'>gratia</span> <span class='ocrx_word' id='word_1_436' title='bbox 1579 1835 1742 1869; x_wconf 81' lang='lat' dir='ltr'>invocata,</span> <span class='ocrx_word' id='word_1_437' title='bbox 1759 1835 1912 1864; x_wconf 83' lang='lat' dir='ltr'>dilectam</span> <span class='ocrx_word' id='word_1_438' title='bbox 1926 1835 1961 1864; x_wconf 92' lang='lat' dir='ltr'>in</span> <span class='ocrx_word' id='word_1_439' title='bbox 1978 1834 2110 1866; x_wconf 86' lang='lat' dir='ltr'>Christo</span> <span class='ocrx_word' id='word_1_440' title='bbox 2122 1835 2226 1864; x_wconf 86' lang='lat' dir='ltr'>filiam</span> <span class='ocrx_word' id='word_1_441' title='bbox 2238 1835 2288 1870; x_wconf 83' lang='lat' dir='ltr'>P.,</span> <span class='ocrx_word' id='word_1_442' title='bbox 2303 1834 2350 1874; x_wconf 88' lang='lat' dir='ltr'>ip-</span> 
     </span>
     <span class='ocr_line' id='line_1_65' title="bbox 1340 1887 2351 1925; baseline 0 -7"><span class='ocrx_word' id='word_1_443' title='bbox 1340 1888 1410 1918; x_wconf 89' lang='lat' dir='ltr'>sius</span> <span class='ocrx_word' id='word_1_444' title='bbox 1424 1888 1618 1917; x_wconf 84' lang='lat' dir='ltr'>monasterii</span> <span class='ocrx_word' id='word_1_445' title='bbox 1633 1887 1821 1917; x_wconf 87' lang='lat' dir='ltr'>monialem.</span> <span class='ocrx_word' id='word_1_446' title='bbox 1836 1887 1869 1916; x_wconf 93' lang='lat' dir='ltr'>in</span> <span class='ocrx_word' id='word_1_447' title='bbox 1886 1887 2118 1925; x_wconf 87' lang='lat' dir='ltr'>spiritualibus</span> <span class='ocrx_word' id='word_1_448' title='bbox 2135 1887 2305 1925; x_wconf 91' lang='lat' dir='ltr'>providam</span> <span class='ocrx_word' id='word_1_449' title='bbox 2318 1890 2351 1918; x_wconf 76' lang='lat' dir='ltr'>et</span> 
     </span>
     <span class='ocr_line' id='line_1_66' title="bbox 1339 1939 2351 1978; baseline -0.001 -8"><span class='ocrx_word' id='word_1_450' title='bbox 1339 1940 1577 1978; x_wconf 86' lang='lat' dir='ltr'>temporalibus</span> <span class='ocrx_word' id='word_1_451' title='bbox 1593 1940 1878 1977; x_wconf 77' lang='lat' dir='ltr'>circumspectam,</span> <span class='ocrx_word' id='word_1_452' title='bbox 1896 1939 1930 1968; x_wconf 91' lang='lat' dir='ltr'>in</span> <span class='ocrx_word' id='word_1_453' title='bbox 1948 1948 2062 1969; x_wconf 88' lang='lat' dir='ltr'>earum</span> <span class='ocrx_word' id='word_1_454' title='bbox 2078 1940 2282 1970; x_wconf 82' lang='lat' dir='ltr'>abbatissam</span> <span class='ocrx_word' id='word_1_455' title='bbox 2299 1947 2351 1969; x_wconf 86' lang='lat' dir='ltr'>ca·</span> 
     </span>
     <span class='ocr_line' id='line_1_67' title="bbox 1340 1992 2352 2029; baseline 0 -7"><span class='ocrx_word' id='word_1_456' title='bbox 1340 1993 1458 2023; x_wconf 86' lang='lat' dir='ltr'>nonice</span> <span class='ocrx_word' id='word_1_457' title='bbox 1472 2001 1508 2022; x_wconf 87' lang='lat' dir='ltr'>ac</span> <span class='ocrx_word' id='word_1_458' title='bbox 1525 1992 1731 2022; x_wconf 82' lang='lat' dir='ltr'>concorditer</span> <span class='ocrx_word' id='word_1_459' title='bbox 1742 1992 1925 2029; x_wconf 78' lang='lat' dir='ltr'>elegerunt.</span> <span class='ocrx_word' id='word_1_460' title='bbox 1943 1993 2051 2028; x_wconf 85' lang='lat' dir='ltr'>Quare</span> <span class='ocrx_word' id='word_1_461' title='bbox 2068 1992 2164 2022; x_wconf 90' lang='lat' dir='ltr'>nobis</span> <span class='ocrx_word' id='word_1_462' title='bbox 2177 1992 2352 2023; x_wconf 83' lang='lat' dir='ltr'>humiliter</span> 
     </span>
     <span class='ocr_line' id='line_1_68' title="bbox 1340 2045 2353 2084; baseline 0 -9"><span class='ocrx_word' id='word_1_463' title='bbox 1340 2045 1580 2084; x_wconf 83' lang='lat' dir='ltr'>supplicarunt,</span> <span class='ocrx_word' id='word_1_464' title='bbox 1599 2049 1645 2079; x_wconf 75' lang='lat' dir='ltr'>ut,</span> <span class='ocrx_word' id='word_1_465' title='bbox 1663 2054 1736 2075; x_wconf 90' lang='lat' dir='ltr'>cum</span> <span class='ocrx_word' id='word_1_466' title='bbox 1751 2049 1883 2083; x_wconf 83' lang='lat' dir='ltr'>propter</span> <span class='ocrx_word' id='word_1_467' title='bbox 1900 2049 2125 2083; x_wconf 84' lang='lat' dir='ltr'>paupertatem</span> <span class='ocrx_word' id='word_1_468' title='bbox 2141 2054 2205 2074; x_wconf 93' lang='lat' dir='ltr'>non</span> <span class='ocrx_word' id='word_1_469' title='bbox 2221 2045 2353 2083; x_wconf 80' lang='lat' dir='ltr'>possint</span> 
     </span>
     <span class='ocr_line' id='line_1_69' title="bbox 1340 2097 2352 2136; baseline 0 -8"><span class='ocrx_word' id='word_1_470' title='bbox 1340 2098 1552 2136; x_wconf 86' lang='lat' dir='ltr'>apostolicam</span> <span class='ocrx_word' id='word_1_471' title='bbox 1583 2098 1700 2127; x_wconf 84' lang='lat' dir='ltr'>Sedem</span> <span class='ocrx_word' id='word_1_472' title='bbox 1727 2097 1817 2127; x_wconf 87' lang='lat' dir='ltr'>adire</span> <span class='ocrx_word' id='word_1_473' title='bbox 1846 2107 1904 2135; x_wconf 87' lang='lat' dir='ltr'>pro</span> <span class='ocrx_word' id='word_1_474' title='bbox 1928 2097 2190 2128; x_wconf 84' lang='lat' dir='ltr'>confirmationis</span> <span class='ocrx_word' id='word_1_475' title='bbox 2213 2105 2352 2128; x_wconf 79' lang='lat' dir='ltr'>munere</span> 
     </span>
     <span class='ocr_line' id='line_1_70' title="bbox 1340 2149 2353 2188; baseline 0 -8"><span class='ocrx_word' id='word_1_476' title='bbox 1340 2150 1537 2185; x_wconf 87' lang='lat' dir='ltr'>obtinendo,</span> <span class='ocrx_word' id='word_1_477' title='bbox 1560 2150 1754 2180; x_wconf 83' lang='lat' dir='ltr'>electionem</span> <span class='ocrx_word' id='word_1_478' title='bbox 1773 2149 1965 2188; x_wconf 85' lang='lat' dir='ltr'>hujusmodi</span> <span class='ocrx_word' id='word_1_479' title='bbox 1988 2150 2178 2179; x_wconf 83' lang='lat' dir='ltr'>confirmari</span> <span class='ocrx_word' id='word_1_480' title='bbox 2197 2154 2228 2180; x_wconf 88' lang='lat' dir='ltr'>et</span> <span class='ocrx_word' id='word_1_481' title='bbox 2243 2149 2353 2180; x_wconf 83' lang='lat' dir='ltr'>eidem</span> 
     </span>
     <span class='ocr_line' id='line_1_71' title="bbox 1340 2201 2351 2240; baseline -0.001 -7"><span class='ocrx_word' id='word_1_482' title='bbox 1340 2203 1442 2234; x_wconf 85' lang='lat' dir='ltr'>electe</span> <span class='ocrx_word' id='word_1_483' title='bbox 1460 2203 1645 2233; x_wconf 83' lang='lat' dir='ltr'>faceremus</span> <span class='ocrx_word' id='word_1_484' title='bbox 1662 2202 1697 2231; x_wconf 91' lang='lat' dir='ltr'>in</span> <span class='ocrx_word' id='word_1_485' title='bbox 1714 2201 1782 2231; x_wconf 89' lang='lat' dir='ltr'>illis</span> <span class='ocrx_word' id='word_1_486' title='bbox 1802 2202 1952 2240; x_wconf 86' lang='lat' dir='ltr'>partibus</span> <span class='ocrx_word' id='word_1_487' title='bbox 1969 2211 2090 2231; x_wconf 88' lang='lat' dir='ltr'>munus</span> <span class='ocrx_word' id='word_1_488' title='bbox 2108 2201 2351 2232; x_wconf 86' lang='lat' dir='ltr'>benedictionis</span> 
     </span>
     <span class='ocr_line' id='line_1_72' title="bbox 1339 2253 2352 2295; baseline -0.001 -9"><span class='ocrx_word' id='word_1_489' title='bbox 1339 2256 1500 2295; x_wconf 85' lang='lat' dir='ltr'>impendi.</span> <span class='ocrx_word' id='word_1_490' title='bbox 1527 2256 1610 2286; x_wconf 90' lang='lat' dir='ltr'>Cum</span> <span class='ocrx_word' id='word_1_491' title='bbox 1628 2255 1731 2292; x_wconf 77' lang='lat' dir='ltr'>igitur</span> <span class='ocrx_word' id='word_1_492' title='bbox 1748 2255 1847 2284; x_wconf 79' lang='lat' dir='ltr'>rectis</span> <span class='ocrx_word' id='word_1_493' title='bbox 1870 2254 2146 2293; x_wconf 80' lang='lat' dir='ltr'>dispositionibus</span> <span class='ocrx_word' id='word_1_494' title='bbox 2169 2253 2275 2284; x_wconf 86' lang='lat' dir='ltr'>nichil</span> <span class='ocrx_word' id='word_1_495' title='bbox 2299 2254 2352 2285; x_wconf 86' lang='lat' dir='ltr'>de-</span> 
     </span>
     <span class='ocr_line' id='line_1_73' title="bbox 1340 2306 2352 2346; baseline -0.003 -7"><span class='ocrx_word' id='word_1_496' title='bbox 1340 2309 1415 2339; x_wconf 88' lang='lat' dir='ltr'>beat</span> <span class='ocrx_word' id='word_1_497' title='bbox 1431 2308 1636 2338; x_wconf 85' lang='lat' dir='ltr'>difficultatis</span> <span class='ocrx_word' id='word_1_498' title='bbox 1653 2307 1782 2341; x_wconf 74' lang='lat' dir='ltr'>afferri,</span> <span class='ocrx_word' id='word_1_499' title='bbox 1806 2307 2002 2336; x_wconf 83' lang='lat' dir='ltr'>mandamus</span> <span class='ocrx_word' id='word_1_500' title='bbox 2025 2307 2184 2346; x_wconf 84' lang='lat' dir='ltr'>quatinus</span> <span class='ocrx_word' id='word_1_501' title='bbox 2200 2306 2240 2337; x_wconf 85' lang='lat' dir='ltr'>de</span> <span class='ocrx_word' id='word_1_502' title='bbox 2255 2306 2352 2337; x_wconf 89' lang='lat' dir='ltr'>modo</span> 
     </span>
     <span class='ocr_line' id='line_1_74' title="bbox 1340 2358 2352 2400; baseline -0.004 -8"><span class='ocrx_word' id='word_1_503' title='bbox 1340 2361 1513 2392; x_wconf 84' lang='lat' dir='ltr'>electionis</span> <span class='ocrx_word' id='word_1_504' title='bbox 1529 2360 1719 2400; x_wconf 88' lang='lat' dir='ltr'>hujusmodi</span> <span class='ocrx_word' id='word_1_505' title='bbox 1741 2360 1848 2398; x_wconf 83' lang='lat' dir='ltr'>ipsius</span> <span class='ocrx_word' id='word_1_506' title='bbox 1870 2359 1971 2390; x_wconf 85' lang='lat' dir='ltr'>electe</span> <span class='ocrx_word' id='word_1_507' title='bbox 1989 2364 2019 2389; x_wconf 88' lang='lat' dir='ltr'>et</span> <span class='ocrx_word' id='word_1_508' title='bbox 2036 2359 2232 2397; x_wconf 74' lang='lat' dir='ltr'>eligentium</span> <span class='ocrx_word' id='word_1_509' title='bbox 2250 2358 2352 2388; x_wconf 88' lang='lat' dir='ltr'>meri-</span> 
     </span>
     <span class='ocr_line' id='line_1_75' title="bbox 1339 2411 2351 2453; baseline -0.004 -8"><span class='ocrx_word' id='word_1_510' title='bbox 1339 2415 1383 2445; x_wconf 83' lang='lat' dir='ltr'>tis</span> <span class='ocrx_word' id='word_1_511' title='bbox 1400 2414 1577 2453; x_wconf 83' lang='lat' dir='ltr'>diligenter</span> <span class='ocrx_word' id='word_1_512' title='bbox 1589 2413 1776 2452; x_wconf 83' lang='lat' dir='ltr'>inquirens,</span> <span class='ocrx_word' id='word_1_513' title='bbox 1790 2416 1832 2448; x_wconf 74' lang='lat' dir='ltr'>et,</span> <span class='ocrx_word' id='word_1_514' title='bbox 1846 2413 1874 2442; x_wconf 85' lang='lat' dir='ltr'>si</span> <span class='ocrx_word' id='word_1_515' title='bbox 1888 2412 2083 2442; x_wconf 82' lang='lat' dir='ltr'>electionem</span> <span class='ocrx_word' id='word_1_516' title='bbox 2097 2412 2203 2450; x_wconf 84' lang='lat' dir='ltr'>ipsam</span> <span class='ocrx_word' id='word_1_517' title='bbox 2217 2411 2351 2442; x_wconf 86' lang='lat' dir='ltr'>invene-</span> 
     </span>
     <span class='ocr_line' id='line_1_76' title="bbox 1340 2464 2352 2504; baseline -0.004 -7"><span class='ocrx_word' id='word_1_518' title='bbox 1340 2468 1386 2497; x_wconf 89' lang='lat' dir='ltr'>ris</span> <span class='ocrx_word' id='word_1_519' title='bbox 1404 2476 1476 2497; x_wconf 84' lang='lat' dir='ltr'>esse</span> <span class='ocrx_word' id='word_1_520' title='bbox 1492 2467 1531 2496; x_wconf 88' lang='lat' dir='ltr'>de</span> <span class='ocrx_word' id='word_1_521' title='bbox 1551 2475 1691 2504; x_wconf 86' lang='lat' dir='ltr'>persona</span> <span class='ocrx_word' id='word_1_522' title='bbox 1708 2465 1837 2504; x_wconf 64' lang='lat' dir='ltr'>ydonea</span> <span class='ocrx_word' id='word_1_523' title='bbox 1856 2465 2014 2495; x_wconf 86' lang='lat' dir='ltr'>canonice</span> <span class='ocrx_word' id='word_1_524' title='bbox 2037 2464 2235 2494; x_wconf 84' lang='lat' dir='ltr'>celebratam</span> <span class='ocrx_word' id='word_1_525' title='bbox 2248 2487 2255 2499; x_wconf 89' lang='lat'>,</span> <span class='ocrx_word' id='word_1_526' title='bbox 2277 2472 2352 2494; x_wconf 87' lang='lat' dir='ltr'>eam</span> 
     </span>
     <span class='ocr_line' id='line_1_77' title="bbox 1341 2516 2351 2550; baseline -0.004 0"><span class='ocrx_word' id='word_1_527' title='bbox 1341 2520 1536 2550; x_wconf 87' lang='lat' dir='ltr'>auctoritate</span> <span class='ocrx_word' id='word_1_528' title='bbox 1553 2523 1664 2548; x_wconf 84' lang='lat' dir='ltr'>nostra</span> <span class='ocrx_word' id='word_1_529' title='bbox 1681 2519 1897 2549; x_wconf 78' lang='lat' dir='ltr'>confirmans,</span> <span class='ocrx_word' id='word_1_530' title='bbox 1915 2517 2019 2547; x_wconf 82' lang='lat' dir='ltr'>facias</span> <span class='ocrx_word' id='word_1_531' title='bbox 2035 2517 2142 2547; x_wconf 87' lang='lat' dir='ltr'>eidem</span> <span class='ocrx_word' id='word_1_532' title='bbox 2158 2516 2261 2547; x_wconf 89' lang='lat' dir='ltr'>electe</span> <span class='ocrx_word' id='word_1_533' title='bbox 2276 2525 2351 2546; x_wconf 91' lang='lat' dir='ltr'>mu-</span> 
     </span>
     <span class='ocr_line' id='line_1_78' title="bbox 1341 2569 2351 2609; baseline -0.004 -6"><span class='ocrx_word' id='word_1_534' title='bbox 1341 2582 1404 2603; x_wconf 87' lang='lat' dir='ltr'>nus</span> <span class='ocrx_word' id='word_1_535' title='bbox 1420 2571 1662 2603; x_wconf 85' lang='lat' dir='ltr'>benedictionis</span> <span class='ocrx_word' id='word_1_536' title='bbox 1680 2570 1827 2609; x_wconf 90' lang='lat' dir='ltr'>impendi</span> <span class='ocrx_word' id='word_1_537' title='bbox 1845 2574 1875 2599; x_wconf 89' lang='lat' dir='ltr'>et</span> <span class='ocrx_word' id='word_1_538' title='bbox 1899 2579 1915 2599; x_wconf 90' lang='lat' dir='ltr'>a</span> <span class='ocrx_word' id='word_1_539' title='bbox 1937 2570 2007 2600; x_wconf 86' lang='lat' dir='ltr'>suis</span> <span class='ocrx_word' id='word_1_540' title='bbox 2029 2569 2172 2600; x_wconf 87' lang='lat' dir='ltr'>subditis</span> <span class='ocrx_word' id='word_1_541' title='bbox 2190 2569 2351 2600; x_wconf 90' lang='lat' dir='ltr'>obedien-</span> 
     </span>
     <span class='ocr_line' id='line_1_79' title="bbox 1340 2621 2348 2660; baseline -0.005 -4"><span class='ocrx_word' id='word_1_542' title='bbox 1340 2626 1420 2656; x_wconf 89' lang='lat' dir='ltr'>tiam</span> <span class='ocrx_word' id='word_1_543' title='bbox 1440 2630 1471 2656; x_wconf 88' lang='lat' dir='ltr'>et</span> <span class='ocrx_word' id='word_1_544' title='bbox 1493 2624 1714 2655; x_wconf 80' lang='lat' dir='ltr'>reverentiam</span> <span class='ocrx_word' id='word_1_545' title='bbox 1732 2623 1876 2653; x_wconf 85' lang='lat' dir='ltr'>debitam</span> <span class='ocrx_word' id='word_1_546' title='bbox 1900 2622 2070 2657; x_wconf 77' lang='lat' dir='ltr'>exhiberi,</span> <span class='ocrx_word' id='word_1_547' title='bbox 2091 2626 2284 2660; x_wconf 86' lang='lat' dir='ltr'>recepturus</span> <span class='ocrx_word' id='word_1_548' title='bbox 2308 2621 2348 2652; x_wconf 88' lang='lat' dir='ltr'>ab</span> 
     </span>
     <span class='ocr_line' id='line_1_80' title="bbox 1341 2674 2348 2717; baseline -0.004 -8"><span class='ocrx_word' id='word_1_549' title='bbox 1341 2688 1379 2709; x_wconf 87' lang='lat' dir='ltr'>ea</span> <span class='ocrx_word' id='word_1_550' title='bbox 1394 2678 1603 2717; x_wconf 86' lang='lat' dir='ltr'>postmodum</span> <span class='ocrx_word' id='word_1_551' title='bbox 1620 2681 1731 2706; x_wconf 81' lang='lat' dir='ltr'>nostro</span> <span class='ocrx_word' id='word_1_552' title='bbox 1746 2680 1776 2705; x_wconf 88' lang='lat' dir='ltr'>et</span> <span class='ocrx_word' id='word_1_553' title='bbox 1792 2675 1939 2706; x_wconf 73' lang='lat' dir='ltr'>Ecclesie</span> <span class='ocrx_word' id='word_1_554' title='bbox 1952 2676 2099 2705; x_wconf 82' lang='lat' dir='ltr'>Romane</span> <span class='ocrx_word' id='word_1_555' title='bbox 2112 2674 2282 2704; x_wconf 86' lang='lat' dir='ltr'>fidelitatis</span> <span class='ocrx_word' id='word_1_556' title='bbox 2299 2683 2348 2705; x_wconf 89' lang='lat' dir='ltr'>so-</span> 
     </span>
     <span class='ocr_line' id='line_1_81' title="bbox 1339 2725 2350 2770; baseline -0.006 -9"><span class='ocrx_word' id='word_1_557' title='bbox 1339 2731 1398 2762; x_wconf 89' lang='lat' dir='ltr'>lite</span> <span class='ocrx_word' id='word_1_558' title='bbox 1420 2732 1665 2770; x_wconf 62' lang='lat' dir='ltr'>juramentum,</span> <span class='ocrx_word' id='word_1_559' title='bbox 1687 2729 1780 2768; x_wconf 78' lang='lat' dir='ltr'>juxta</span> <span class='ocrx_word' id='word_1_560' title='bbox 1805 2729 1946 2757; x_wconf 78' lang='lat' dir='ltr'>sormam</span> <span class='ocrx_word' id='word_1_561' title='bbox 1968 2736 2066 2766; x_wconf 88' lang='lat' dir='ltr'>quam</span> <span class='ocrx_word' id='word_1_562' title='bbox 2090 2726 2151 2756; x_wconf 87' lang='lat' dir='ltr'>tibi</span> <span class='ocrx_word' id='word_1_563' title='bbox 2174 2726 2235 2756; x_wconf 89' lang='lat' dir='ltr'>sub</span> <span class='ocrx_word' id='word_1_564' title='bbox 2257 2725 2350 2756; x_wconf 85' lang='lat' dir='ltr'>bulla</span> 
     </span>
     <span class='ocr_line' id='line_1_82' title="bbox 1340 2777 2350 2818; baseline -0.006 -4"><span class='ocrx_word' id='word_1_565' title='bbox 1340 2788 1452 2814; x_wconf 86' lang='lat' dir='ltr'>nostra</span> <span class='ocrx_word' id='word_1_566' title='bbox 1464 2783 1628 2812; x_wconf 85' lang='lat' dir='ltr'>mittimus</span> <span class='ocrx_word' id='word_1_567' title='bbox 1642 2781 1869 2811; x_wconf 84' lang='lat' dir='ltr'>interclusam.</span> <span class='ocrx_word' id='word_1_568' title='bbox 1886 2781 2037 2809; x_wconf 89' lang='lat' dir='ltr'>Formam</span> <span class='ocrx_word' id='word_1_569' title='bbox 2049 2777 2350 2818; x_wconf 86' lang='lat' dir='ltr'>autemjuramenti</span> 
     </span>
     <span class='ocr_line' id='line_1_83' title="bbox 1340 2832 2350 2874; baseline -0.007 -7"><span class='ocrx_word' id='word_1_570' title='bbox 1340 2841 1402 2867; x_wconf 88' lang='lat' dir='ltr'>ete.</span> <span class='ocrx_word' id='word_1_571' title='bbox 1420 2844 1525 2874; x_wconf 82' lang='lat' dir='ltr'>usque</span> <span class='ocrx_word' id='word_1_572' title='bbox 1541 2845 1547 2864; x_wconf 89' lang='lat'>:</span> <span class='ocrx_word' id='word_1_573' title='bbox 1565 2835 1732 2864; x_wconf 82' lang='lat' dir='ltr'>destinare</span> <span class='ocrx_word' id='word_1_574' title='bbox 1749 2844 1755 2862; x_wconf 93' lang='lat'>:</span> <span class='ocrx_word' id='word_1_575' title='bbox 1771 2833 1921 2871; x_wconf 80' lang='lat' dir='ltr'>alioquin</span> <span class='ocrx_word' id='word_1_576' title='bbox 1937 2841 1975 2862; x_wconf 85' lang='lat' dir='ltr'>ea</span> <span class='ocrx_word' id='word_1_577' title='bbox 1991 2832 2053 2861; x_wconf 87' lang='lat' dir='ltr'>rite</span> <span class='ocrx_word' id='word_1_578' title='bbox 2068 2835 2197 2861; x_wconf 80' lang='lat' dir='ltr'>cassata</span> <span class='ocrx_word' id='word_1_579' title='bbox 2213 2835 2274 2861; x_wconf 88' lang='lat' dir='ltr'>etc.</span> <span class='ocrx_word' id='word_1_580' title='bbox 2291 2839 2350 2861; x_wconf 88' lang='lat' dir='ltr'>us-</span> 
     </span>
     <span class='ocr_line' id='line_1_84' title="bbox 1340 2882 2350 2928; baseline -0.005 -9"><span class='ocrx_word' id='word_1_581' title='bbox 1340 2898 1403 2928; x_wconf 82' lang='lat' dir='ltr'>que</span> <span class='ocrx_word' id='word_1_582' title='bbox 1419 2899 1425 2918; x_wconf 76' lang='grc' dir='ltr'>ε</span> <span class='ocrx_word' id='word_1_583' title='bbox 1443 2888 1621 2927; x_wconf 83' lang='lat' dir='ltr'>provideri.</span> <span class='ocrx_word' id='word_1_584' title='bbox 1637 2886 1903 2917; x_wconf 85' lang='lat' dir='ltr'>Contradictores</span> <span class='ocrx_word' id='word_1_585' title='bbox 1917 2889 1978 2914; x_wconf 85' lang='lat' dir='ltr'>ete.</span> <span class='ocrx_word' id='word_1_586' title='bbox 1995 2885 2069 2914; x_wconf 87' lang='lat' dir='ltr'>Dat.</span> <span class='ocrx_word' id='word_1_587' title='bbox 2087 2883 2253 2919; x_wconf 81' lang='lat' dir='ltr'>Laterani,</span> <span class='ocrx_word' id='word_1_588' title='bbox 2266 2882 2350 2914; x_wconf 85' lang='lat' dir='ltr'>VIII</span> 
     </span>
     <span class='ocr_line' id='line_1_85' title="bbox 1338 2937 1996 2974; baseline -0.014 -2"><span class='ocrx_word' id='word_1_589' title='bbox 1338 2941 1498 2972; x_wconf 83' lang='lat' dir='ltr'>kalendas</span> <span class='ocrx_word' id='word_1_590' title='bbox 1515 2939 1687 2974; x_wconf 79' lang='lat' dir='ltr'>februarii,</span> <span class='ocrx_word' id='word_1_591' title='bbox 1705 2947 1792 2968; x_wconf 89' lang='lat' dir='ltr'>anno</span> <span class='ocrx_word' id='word_1_592' title='bbox 1808 2937 1964 2968; x_wconf 89' lang='lat' dir='ltr'>secundo.</span> <span class='ocrx_word' id='word_1_593' title='bbox 1984 2949 1996 2963; x_wconf 83' lang='lat'>»</span> 
     </span>
    </p>
   </div>
   <div class='ocr_carea' id='block_1_25' title="bbox 2439 3175 2458 3236">
    <p class='ocr_par' dir='ltr' id='par_1_25' title="bbox 2439 3175 2458 3236">
     <span class='ocr_line' id='line_1_86' title="bbox 2439 3175 2458 3236; textangle 90"><span class='ocrx_word' id='word_1_594' title='bbox 2439 3208 2455 3236; x_wconf 50' lang='lat' dir='ltr'>x„</span> <span class='ocrx_word' id='word_1_595' title='bbox 2447 3175 2458 3186; x_wconf 31' lang='lat' dir='ltr'>N</span> 
     </span>
    </p>
   </div>
  </div>
 </body>
</html>
