2441 3330
163 205 219 235 160

113 278 116 282 “
164 282 177 297 n

164 335 176 349 1)

164 387 176 401 ))

164 440 177 454 ὶ)

164 492 177 506 ))

164 545 177 559 1)

164 598 177 612 ))

164 650 176 664 n

164 703 176 717 ))

165 756 177 770 ))

164 809 177 823 ))

165 862 178 876 ))

165 914 178 928 ))

165 968 178 982 ))

166 1021 178 1034 7>

165 1073 178 1087 1)

166 1125 178 1139 ))

165 1178 178 1193 >J

166 1231 178 1245 ))

165 1283 178 1298 ))

164 1336 177 1351 ))

164 1389 177 1404 ))

165 1442 178 1456 ))

165 1495 177 1509 ))

165 1548 178 1562 ))

166 1601 179 1614 1)

165 1654 178 1669 ))

164 1760 177 1774 ))

165 1813 177 1826 l)

165 1866 177 1879 ))

164 1918 177 1932 ))

163 1971 177 1985 ))

164 2024 170 2037 )

163 2077 176 2091 Ἃ)

163 2181 176 2195 D

163 2234 176 2249 2)

163 2288 175 2302 ))

163 2341 175 2355 ))

163 2394 175 2407 ))

162 2446 176 2459 ))

163 2497 176 2512 ὶ)

162 2551 176 2566 ))

162 2605 176 2619 3>

162 2657 175 2671 ))

162 2710 176 2724 ))

162 2762 175 2776 ))

163 2868 175 2881 ))

201 274 273 300 orta
289 271 499 302 contentione
516 272 603 301 inter
622 272 721 310 ipsos,
740 272 819 302 dicti
835 272 979 301 decanus
996 276 1027 301 et
1043 270 1170 308 capitu-

203 322 271 352 lum
294 322 332 352 de
353 323 508 353 omnibus
529 324 798 354 contentionibus
823 324 909 353 inter
934 324 1023 361 ipsos
1046 322 1170 352 habitis

202 375 374 405 occasione
390 376 611 406 ordinationis
630 377 775 415 predicte
794 381 824 406 et
841 385 940 419 super
958 376 1034 406 aliis
1050 383 1171 413 suppo-

203 428 349 458 suissent
360 437 393 458 sc
408 428 472 459 alte
481 434 511 458 et
522 429 617 459 basse
627 434 657 459 et
672 429 733 459 sub
748 438 830 467 pena
843 434 974 459 centum
986 436 1172 457 marcarum

202 481 331 518 argenti
347 481 549 510 ordinationi
564 482 747 511 venerabili
764 482 826 511 viri
844 481 993 519 magistri
1014 480 1171 519 Pliylippi

202 534 348 563 cantoris
373 534 595 564 Bituricensis
619 539 648 565 et
673 539 799 569 nostre,
828 535 974 564 volentes
999 539 1029 564 et
1054 542 1171 563 conce-

202 586 328 622 dentes,
350 587 436 625 quod
455 596 525 619 nos,
544 588 666 617 auditis
679 587 865 617 rationibus
882 587 1056 624 utriusque
1069 586 1171 624 partis

202 647 302 676 super
323 640 507 677 premissis,
528 644 672 669 nostram
690 640 874 670 faceremus
890 639 1038 678 plenarie
1056 638 1172 668 volun-

203 695 314 721 tatem.
332 692 400 721 Nos
417 693 479 722 (1110
495 693 532 721 (10
548 702 712 723 consensu
728 693 871 731 partium
889 702 952 731 que
969 692 1002 720 in
1021 691 1081 721 1100
1098 701 1172 730 spe-

202 744 332 774 cialiter
359 750 610 781 consenserunt,
639 750 673 775 ut
701 754 760 775 nos
789 745 853 775 duo
880 745 1172 783 pronuntiaremus

202 801 334 835 propter
350 798 533 827 absentiam
551 799 713 833 cantoris,
733 798 875 828 maxime
891 807 964 828 cum
982 807 1081 835 super
1098 806 1173 835 pre-

202 850 316 880 missis
336 859 410 879 cum
430 850 515 880 dicto
532 856 665 881 cantore
684 851 818 889 plenum
834 851 1070 880 habuissemus
1087 854 1173 879 trac-

203 907 319 937 tatum,
340 904 463 933 vocatis
480 912 578 941 super
594 904 654 934 1100
671 903 847 933 evocandis
863 907 893 933 et
910 903 1080 932 canonicis
1099 911 1173 940 pre-

203 956 354 985 sentibus
364 956 420 994 41111
431 961 601 994 presentes
611 966 683 986 esse
691 956 878 991 volucrunt,
889 956 1012 985 dictum
1023 960 1173 985 nostrum
1211 972 1213 994 j

202 1008 401 1046 protulimus
424 1009 457 1037 in
482 1008 570 1037 huuc
592 1009 724 1038 niodum
750 1018 755 1037 :

203 1061 341 1096 ciamus,
371 1061 572 1090 arbitramur
598 1061 684 1091 sicut
711 1061 949 1091 ordinaverunt
974 1060 1171 1095 cardinales,

204 1114 291 1152 quod
302 1114 446 1143 decanus
458 1114 576 1143 habeat
594 1124 687 1143 suam
704 1114 1173 1153 consuetamjurisdictionem

204 1167 239 1196 in
248 1167 391 1196 vicarios
406 1166 544 1196 ecclesie
557 1167 789 1201 Bituricensis,
804 1170 835 1196 et
847 1175 1001 1195 excessus
1015 1171 1046 1195 01
1060 1166 1172 1204 culpas

203 1227 316 1248 eorum
347 1228 573 1257 quascumque
605 1220 747 1255 corrigaat
782 1219 816 1248 111
849 1218 1009 1257 capitulo,
1042 1218 1173 1256 pulsata

783 1008 1000 1041 Ordinamus,
1026 1016 1172 1046 pronun·

203 1280 374 1309 campana.
388 1272 426 1300 Et
443 1272 470 1301 si
487 1272 671 1310 requisitus
688 1282 705 1301 a
724 1271 867 1309 capitulo
883 1271 1056 1309 negligens
1074 1271 1174 1301 fuerit

202 1324 238 1353 in
256 1324 450 1361 corrigendo
471 1328 501 1354 01
517 1328 649 1362 propter
667 1324 920 1362 requisitionem
938 1324 1002 1353 sibi
1018 1325 1138 1353 factam
1155 1334 1173 1354 a

202 1376 346 1415 capitulo
363 1385 427 1406 0011
445 1377 623 1407 correxerit
636 1377 724 1406 infra
740 1377 821 1406 duos
839 1386 982 1409 menses,
1000 1381 1118 1407 extunc
1135 1386 1174 1407 ea

203 1430 274 1459 vice
291 1438 347 1467 per
363 1429 544 1467 capitulum
558 1429 777 1467 corrigantur,
795 1438 897 1468 quare
910 1430 956 1459 ita
973 1430 1127 1459 dixerunt.
1142 1434 1173 1460 et.

1212 1340 1214 1354 1

1212 1358 1214 1377 l

1212 1429 1213 1444 1

1211 1450 1213 1476 l

203 1483 411 1521 interpretati
426 1483 560 1511 suerunt
576 1482 773 1518 cardinales,
790 1488 922 1520 excepto
939 1482 1025 1521 quod
1042 1492 1100 1512 nos
1117 1492 1173 1513 ex-
1211 1481 1213 1516 ἶ

203 1539 372 1574 ceptamus
398 1544 635 1573 quascumque.
669 1535 736 1565 Nos
764 1539 874 1565 autem
901 1535 1170 1574 interpretamur,

204 1588 397 1619 ordinamus
434 1591 465 1618 et
498 1587 657 1624 dicimus,
694 1588 782 1626 quod
813 1577 876 1618 1100
905 1588 949 1618 511
980 1588 1070 1619 salvo
1097 1589 1172 1628 jure

203 1642 360 1672 cantoris.

205 1706 218 1721 »
234 1695 318 1724 Item
334 1694 475 1724 dicimus
489 1694 575 1724 sicut
590 1694 776 1724 cardinales
789 1694 1027 1725 ordinaverunt
1041 1699 1072 1725 et
1087 1696 1173 1725 ordi-

203 1748 372 1777 nationem
389 1756 482 1777 501110
499 1751 612 1785 postea
627 1747 836 1786 interpretati
854 1748 1000 1783 suerunt,
1018 1749 1105 1787 (10οᾶ
1120 1749 1173 1779 de-

203 1809 306 1830 canus
320 1801 542 1830 Bituricensis
554 1801 594 1830 ad
605 1800 813 1838 personalem
827 1801 1044 1830 residentiam
1055 1810 1173 1832 novem

202 1854 369 1884 mensium
384 1854 482 1883 annis
497 1853 640 1890 singulis
657 1857 820 1888 teneatur,
838 1853 885 1883 ita
898 1853 984 1892 quod
1001 1863 1073 1884 esse
1088 1855 1173 1884 fora—

203 1914 285 1936 neus
309 1914 491 1944 numquam
514 1906 619 1943 possit
642 1910 672 1935 et
691 1906 781 1935 infra
804 1915 929 1935 annum
951 1906 991 1936 ab
1012 1906 1173 1938 electione

203 1967 263 1988 sua
283 1967 317 1988 se
338 1959 438 1987 faciat
454 1958 488 1987 in
505 1958 727 1996 presbiterum
743 1958 903 1988 ordinari.
920 1959 960 1988 Et
978 1959 1018 1988 ad
1038 1959 1099 1989 hoc
1115 1969 1173 1998 per

199 2012 427 2050 juramentum
454 2011 623 2049 proprium
653 2014 804 2040 teneatur
835 2012 1050 2048 prestandum
1080 2017 1173 2042 ante-

202 2073 301 2103 quam
317 2064 518 2093 installetur.

203 2129 216 2144 »
235 2118 318 2146 Item
335 2116 476 2145 dicimus
493 2120 524 2145 et
540 2116 744 2151 ordinamus,
764 2117 946 2146 secundum
963 2117 1049 2156 quod
1065 2118 1173 2147 cardi-

202 2169 295 2199 nales
318 2169 596 2206 [ordinaverunt],
622 2168 709 2207 quod
730 2169 875 2198 decanus
900 2169 935 2198 in
955 2170 1086 2207 magnis
1107 2170 1174 2200 sol-

201 2221 454 2260 lempnitatibus
472 2221 627 2251 videlicet
643 2222 788 2251 cantoris
811 2221 954 2252 celebret
977 2223 1005 2252 si
1028 2222 1125 2258 velit,
1144 2223 1172 2253 si

201 2275 355 2305 dominus
371 2275 640 2313 archiepiscopus
654 2283 791 2312 presens
805 2283 870 2304 non
887 2276 989 2305 fuerit
1005 2276 1055 2306 vel
1072 2277 1172 2306 etiam

201 2329 230 2358 si
246 2337 383 2366 presens
399 2327 501 2358 fuerit
515 2331 546 2357 et
559 2327 725 2357 celebrare
740 2336 805 2356 11011
817 2327 925 2357 valeat
936 2328 987 2358 vel
1001 2337 1066 2359 non
1081 2329 1170 2359 velit.

200 2380 365 2411 Videlicet
398 2380 485 2410 dicat
513 2388 668 2417 magnam
699 2380 837 2409 missam
867 2385 897 2410 et
929 2382 1110 2412 matutinas
1141 2386 1172 2412 et

202 2437 360 2471 utrasque
378 2441 551 2470 vesperas,
574 2432 799 2462 ebdomadarii
817 2433 888 2471 jure
906 2433 1006 2463 salvo.
1029 2435 1097 2464 Nos
1114 2434 1171 2464 ad-

201 2485 329 2519 dimus,
349 2485 435 2523 quod
456 2488 559 2514 totum
580 2484 724 2514 officium
745 2483 845 2514 faciat
866 2485 925 2514 illa
943 2485 995 2516 die
1013 2486 1173 2525 quicquid

200 2539 309 2568 facere
342 2538 458 2567 debeat
487 2537 757 2573 ebdomadarium
789 2543 820 2568 et
849 2539 877 2567 si
906 2539 1073 2569 celebrare
1105 2549 1171 2570 non

200 2592 308 2622 valeat
327 2591 378 2620 vel
401 2600 466 2620 uon
485 2590 582 2626 velit,
602 2591 856 2621 ebdomadarius
873 2592 1032 2628 celebret,
1051 2602 1171 2623 secun-

202 2644 280 2674 dum
303 2643 389 2682 quod
409 2643 481 2673 fieri
502 2644 688 2679 consuevit,
714 2647 745 2673 et
762 2644 900 2674 adsistet
920 2645 1027 2675 eidem
1047 2646 1170 2676 decano

200 2697 236 2726 in
259 2705 339 2734 capa
363 2695 470 2725 serica
493 2704 581 2725 111105
607 2695 645 2725 (10
670 2696 806 2726 vicariis
831 2705 929 2735 quem
954 2697 1083 2727 duxerit
1110 2698 1171 2728 eli-

201 2749 355 2788 gendum.

202 2814 215 2828 »
241 2803 340 2836 Item,
367 2800 549 2831 secundum
573 2801 659 2839 quod
679 2801 833 2830 dixerunt
853 2801 1053 2838 cardinales,
1074 2803 1170 2834 deca-

203 2863 266 2884 nus
282 2854 402 2884 habeat
418 2862 512 2883 suam
529 2857 721 2883 consuetam
734 2853 1002 2892 Jui·isdictione1n
1016 2856 1169 2893 spiritua-

1255 280 1268 296 ))

1255 333 1268 348 ³)

1258 1388 1271 1401 ὅ

1259 1441 1270 1455 ))

1258 1493 1271 1507 >l

1257 1546 1270 1561 n

1257 1598 1270 1614 ἲ)

886 204 1126 236 0001510115
1148 189 1455 234 11Ἀ1,ΕΧΑΝ11’111«1
1479 204 1534 233 1v.

1292 269 1355 298 10111
1374 269 1408 298 in
1425 269 1617 299 hominibus
1639 274 1670 299 et
1690 270 1724 298 in
1749 274 1835 299 terra
1851 269 2002 307 capituli;
2022 278 2135 298 verum
2152 274 2261 299 tamen

1293 321 1473 359 capitulum
1488 322 1696 351 medietatem
1709 322 1868 360 percipiet
1881 321 1915 351 iu
1928 322 2077 351 emendis
2089 321 2262 351 hominum

1294 373 1447 412 capituli,
1475 383 1532 403 nos
1557 379 1665 404 tamen
1687 374 1829 404 dicimus
1848 379 1878 404 et
1901 374 2102 404 arbitramur
2117 374 2214 412 quod.
2233 374 2261 404 si

1293 426 1331 455 de
1342 426 1439 456 dictis
1449 427 1597 455 emendis
1607 427 1751 457 decanus
1763 427 1888 465 aliquid
1899 426 2068 461 levaverit,
2081 426 2261 464 capitulum

1295 478 1503 508 medietatem
1526 478 1671 509 babebit.
1689 479 1962 509 Jurisdictionem
1982 488 2057 509 vero
2079 478 2262 509 secularem

1295 531 1328 560 iu
1348 535 1412 560 tota
1437 535 1523 560 terra
1544 531 1679 569 capituli
1703 536 1732 561 et
1752 531 1944 561 horninibus
1961 536 2051 561 extra
2068 536 2189 562 terram
2208 540 2262 561 ca-

1295 584 1392 622 pituli
1410 584 1464 613 ubi
1483 584 1653 614 consuevit
1675 584 1796 613 habere
1811 584 2000 623 jurisdictio
2017 594 2032 613 a
2052 584 2196 622 capitulo
2211 583 2263 614 vel

1295 637 1433 668 decano,
1459 636 1578 666 habeat
1601 637 1781 675 capitulum
1803 642 1833 667 et
1853 638 1952 667 etiam
1971 637 2155 667 custodiam
2176 641 2262 667 terre

1295 694 1325 720 et
1342 689 1514 719 1101010001
1532 689 1732 728 ubicumque
1751 690 1829 719 sint.

1297 754 1310 768 »
1335 743 1433 771 Item.
1459 742 1639 771 secundum
1665 742 1751 780 quod
1774 742 1927 772 dixerunt
1949 742 2135 772 cardinales
2157 747 2187 772 et
2210 742 2263 772 in-

1297 795 1463 832 terpretati
1485 796 1629 826 t'uerunt,
1649 794 1806 826 decanus.
1827 799 1936 833 preter
1952 795 2153 833 prebendam
2169 803 2264 824 cano—

1296 848 1361 881 nic,
1376 847 1535 885 percipiat
1550 847 1631 877 duas
1643 847 1827 885 prebendas
1843 847 1991 884 integras
2008 852 2074 877 111111
2090 847 2124 876 10
2139 847 2264 884 grossis

1296 899 1460 929 fructibus
1487 909 1585 938 (11111111
1616 900 1766 929 minutis.
1798 900 1945 936 Quarum
1976 909 2074 929 unam
2104 899 2265 938 percipiat

1296 952 1381 981 sicut
1402 960 1488 981 unus
1511 952 1691 981 canonicus
1713 952 1862 982 residens
1886 953 2054 991 percipere
2075 952 2262 987 consuevit,

1296 1004 1359 1034 alia
1374 1014 1450 1034 vero
1464 1005 1506 1033 sit
1520 1004 1623 1034 libera
1636 1014 1734 1043 quam
1747 1005 1892 1034 decanus
1905 1005 2105 1043 ubicumque
2119 1005 2266 1035 extiterit

1296 1057 1456 1095 percipiat
1474 1057 1601 1093 integre
1625 1062 1690 1086 tarn
1707 1058 1740 1087 in
1758 1058 1882 1095 grossis
1899 1058 2063 1087 fructibus
2085 1067 2183 1096 quam
2203 1057 2265 1087 mi-

1297 1110 1411 1139 nutis:
1440 1110 1622 1140 Dummodo
1645 1110 1859 1140 residentiam
1888 1120 2003 1139 novem
2030 1111 2195 1140 mensium
2219 1111 2264 1140 fa-

1296 1163 1359 1192 ciat
1384 1163 1622 1200 supradictam,
1641 1172 1740 1201 quam
1761 1173 1795 1193 se
1821 1163 1941 1193 fecisse
1966 1168 2117 1193 teneatur
2133 1164 2262 1202 jurare,

1297 1216 1380 1245 sicut
1399 1215 1455 1244 alii
1473 1215 1624 1245 canonici
1641 1216 1697 1253 qui
1716 1215 1915 1253 prebendam
1934 1225 2026 1245 suam
2046 1216 2159 1245 volunt
2181 1216 2266 1246 reci-

1296 1278 1372 1306 pere
1389 1268 1477 1297 istud
1492 1269 1618 1307 jurant.
1637 1270 1791 1298 Preterea
1805 1269 1970 1306 prioratus
1985 1269 2022 1299 de
2037 1269 2121 1307 Ayis
2139 1269 2266 1299 domini

1296 1322 1438 1356 Gilonis,
1456 1322 1622 1360 quamcito
1638 1322 1820 1355 vacaverit,
1838 1322 1963 1360 dejure
1983 1322 2033 1352 vel
2052 1322 2090 1352 de
2107 1323 2192 1352 sacto
2207 1322 2265 1352 de-

1296 1375 1429 1404 ‹·anatui
1446 1374 1489 1404 sit
1505 1384 1664 1409 annexus,
1684 1379 1713 1403 ct
1731 1375 1854 1404 decano
1870 1376 1942 1405 sine
1959 1375 2218 1405 contradictione
2235 1380 2267 1405 et

1292 1428 1480 1466 calumpnia
1494 1428 1693 1465 assignetur,
1713 1428 1799 1457 sicut
1816 1428 1969 1458 dixerunt
1981 1428 2178 1459 cardinales.
2196 1428 2265 1458 Hoc

1296 1485 1406 1510 tamen
1423 1485 1556 1518 excepto
1568 1480 1655 1518 quod
1671 1480 1728 1510 isti
1742 1480 1866 1510 decano
1879 1480 1929 1510 vel
1945 1480 2003 1510 alii
2019 1481 2054 1510 in
2070 1480 2162 1510 nullo
2177 1484 2266 1511 tene-

1296 1533 1386 1563 bitur
1405 1533 1586 1571 capitulum
1608 1542 1667 1571 pro
1687 1533 1745 1563 illo
1764 1533 1913 1572 prioratu
1936 1542 2108 1572 quousque
2129 1542 2266 1564 vacave-

1293 1587 1352 1622 rit,
1380 1586 1507 1616 domini
1534 1585 1757 1616 Bituricensis
1783 1585 2024 1624 archiepiscopi
2048 1586 2084 1616 in
2110 1586 2266 1616 omnibus

1257 1651 1270 1667 »
1291 1639 1367 1678 jure
1383 1639 1485 1669 salvo.

1258 1758 1271 1773 ))

1257 1810 1271 1825 ))

1258 1863 1271 1878 ))

1257 1968 1271 1983 Y!

1257 2021 1271 2036 >7

1258 2074 1271 2088 ))

1258 2129 1271 2143 ))

1257 2182 1271 2197 ))

1257 2235 1270 2250 B

1257 2287 1270 2303 ))

1257 2340 1270 2355 ))

1257 2393 1270 2408 1)

1298 1705 1310 1720 »
1330 1694 1413 1723 Item
1435 1692 1580 1722 decanus
1603 1691 1736 1722 domum
1757 1700 1857 1731 quam
1878 1692 1913 1721 in
1929 1692 2175 1730 presentiarum
2190 1700 2266 1730 pos-

1296 1745 1381 1776 sidet
1403 1754 1461 1784 pro
1481 1745 1641 1783 pensione
1663 1745 1720 1774 LX
1742 1744 1923 1774 solidorum
1947 1744 2186 1782 parisiensium
2204 1743 2266 1774 ha-

1296 1798 1371 1828 beat
1380 1798 1564 1832 annuatim,
1576 1802 1606 1827 et
1616 1797 1703 1826 dicta
1712 1797 1827 1827 (1001115
1838 1797 1874 1826 in
1883 1801 2079 1835 perpetuum
2090 1796 2266 1827 decanatui

1296 1851 1339 1880 sit
1356 1859 1494 1880 annexa.

1298 1916 1310 1930 1)
1329 1905 1430 1938 Item,
1449 1903 1631 1932 secundum
1648 1903 1735 1941 quod
1748 1903 1934 1933 cardinales
1950 1903 2119 1938 dixerunt,
2137 1902 2265 1940 capitu—

1296 1956 1364 1985 lum
1378 1955 1489 1985 reddet
1501 1955 1624 1985 decano
1635 1955 1847 1991 medietatem
1858 1955 1998 1993 pecunie
2010 1964 2109 1994 quam
2120 1954 2265 1985 decanus

1296 2009 1390 2039 debet
1416 2008 1538 2038 habere
1561 2008 1600 2038 de
1623 2008 1816 2038 nemoribus
1838 2008 2001 2043 venditis,
2026 2007 2067 2037 ad
2088 2007 2265 2037 emendum

1295 2061 1524 2099 possessiones
1552 2070 1611 2090 seu
1638 2060 1786 2090 redditus
1812 2060 1852 2090 ad
1879 2060 2056 2090 arbitrium
2078 2059 2200 2098 prioris
2225 2059 2265 2090 de

1297 2116 1494 2154 Sancergio,
1513 2116 1679 2154 quamcito
1695 2116 1803 2145 dictus
1821 2115 1966 2149 decanus
1982 2124 2038 2145 eas
2053 2114 2188 2145 venales
2207 2123 2265 2153 po-

1296 2170 1397 2200 tuerit
1428 2170 1580 2199 invenire
1612 2179 1618 2198 t
1654 2169 1754 2199 aliam
1789 2177 1867 2199 vero
1902 2168 2114 2199 medietatem
2145 2167 2265 2198 haheat

1296 2222 1478 2260 capitulum
1492 2222 1532 2251 ad
1546 2222 1722 2252 emendum
1736 2221 1885 2252 redditus
1896 2230 1954 2259 pro
1966 2220 2122 2259 capitulo.
2138 2220 2173 2251 Si
2186 2228 2264 2250 vero

1296 2275 1502 2312 contingeret
1521 2275 1645 2304 dictum
1661 2274 1804 2312 priorem
1822 2274 1906 2304 mori
1922 2273 1973 2304 vel
1991 2272 2147 2303 arbitrari
2163 2271 2262 2307 nolle,

1295 2328 1550 2358 archidiaconus
1568 2327 1808 2363 Bituricensis,
1831 2327 1888 2366 qui
1905 2336 1962 2365 pro
1982 2330 2126 2364 tempore
2142 2325 2261 2360 fuerit,

1295 2381 1336 2410 ad
1350 2380 1412 2410 hoc
1428 2381 1462 2409 in
1479 2380 1587 2410 locum
1603 2379 1682 2409 dicti
1700 2379 1821 2417 prioris
1837 2379 2002 2409 succedat.

1297 2446 1309 2460 »
1333 2433 1495 2464 Volumus
1512 2437 1637 2468 autem,
1655 2433 1741 2462 sicut
1761 2432 1946 2462 cardinales
1964 2431 2157 2466 voluerunt,
2176 2431 2263 2469 quod

1294 2486 1385 2516 salva
1411 2486 1451 2515 sit
1478 2486 1534 2515 isti
1560 2486 1684 2515 decano
1711 2485 1812 2521 actio,
1842 2494 1942 2524 quam
1967 2484 2090 2514 habere
2117 2492 2152 2514 50
2182 2483 2262 2513 dicit

1294 2542 1407 2569 contra
1428 2538 1552 2568 dictum
1573 2538 1755 2576 capitulum
1776 2546 1875 2576 super
1897 2538 1955 2567 LX
1973 2536 2070 2566 libris
2090 2536 2262 2566 Parisien-

1294 2591 1387 2621 sibus
1416 2600 1474 2629 pro
1503 2590 1655 2621 ι10110000
1685 2590 1724 2620 de
1754 2590 1942 2628 Bangiaco,
1975 2589 2004 2619 si
2034 2593 2144 2618 tamen
2175 2588 2261 2618 bona

1294 2644 1442 2684 ejusdem
1469 2643 1619 2679 valeant,
1649 2652 1713 2682 que
1739 2644 1903 2681 prefatum
1931 2641 2113 2680 capitulum
2139 2641 2262 2671 dicitur

1293 2697 1453 2727 detinere.

1294 2763 1308 2777 »
1328 2751 1411 2780 Item
1431 2754 1554 2780 statuta
1573 2750 1659 2779 facta
1680 2749 1841 2779 decanatu
1862 2752 1999 2778 vacante
2017 2747 2189 2786 tangentia
2203 2747 2261 2778 de-

1293 2807 1448 2833 canatum
1478 2802 1579 2832 robur
1608 2802 1779 2832 obtineant
1808 2801 1992 2836 firmitatis,
2021 2800 2165 2839 exceptis
2191 2799 2260 2830 illis

1294 2865 1357 2895 qne
1375 2864 1433 2894 per
1450 2855 1549 2885 istam
1570 2855 1813 2885 ordinationem
1834 2854 2053 2883 immutantur
2075 2853 2137 2883 sub
2159 2860 2260 2891 gene-

2398 1218 2406 1224 ,
2395 980 2401 985 .

2436 1452 2441 1465 ,
2421 797 2441 1436 -Λ.--,.ἰᾼ-*-Λ.Σμμμ-Α--Ἇ.ιᾈι;μ.ᾼ-ι
2429 659 2441 782 *24⁸4ss
2435 631 2441 648 ,1
