2498 3325
999 207 1228 245 DEUXiEME
1250 206 1410 244 ANNEE.
2197 217 2256 246 445

233 283 253 309 1
259 282 347 309 446

196 343 390 376 lnsrascriptis
415 342 546 373 mandat,
566 346 595 368 ut
615 345 771 374 statutum,
794 342 986 376 provisionem
1008 346 1035 368 ct
1051 343 1165 369 ordina-

711 281 841 315 Anagni,
862 280 891 308 13
905 281 998 315 juillet
1017 281 1093 308 1255.

159 393 266 419 tionem
284 391 450 425 hujusmodi
471 400 520 425 pro
536 391 612 417 dicto
628 391 759 417 Johanne
776 391 810 417 de
826 391 984 417 Camezano
1002 393 1165 418 executioni

161 440 502 474 mandantes‚dictosque
513 440 644 465 abbatem
657 444 683 466 et
696 444 870 466 conventum
884 439 913 466 S.
923 441 1027 467 Albani
1040 441 1167 475 compel-

160 489 253 515 lentes
268 488 302 514 ad
319 488 549 514 observationem
562 496 672 518 eorum,
686 488 748 522 ipsa
760 488 862 514 faciant
876 488 996 515 firmiter
1007 489 1164 515 observari.

161 536 244 571 (Res.
262 536 305 567 94,
321 536 339 563 s.
357 537 413 569 191,
431 535 686 567 ann.1[,c.365.)

202 650 215 664 «
243 660 275 672 ..‚
293 638 417 674 officiali
434 638 660 673 Commoriensi,
678 643 703 666 et
717 639 1046 675 iizayistroAleoeandro
1065 639 1098 667 (le
1113 639 1167 667 Fe-

159 693 298 726 rentino,
323 692 470 720 canonico
490 691 708 727 Londoniensi‚
730 692 885 728 capellano
909 697 1020 720 nostro.
1047 691 1167 721 Petitio

161 743 274 773 dilecti
288 743 351 772 filii
366 761 414 772 —.
432 744 506 773 Dat.
524 743 676 780 Anagnie
692 747 727 773 ut
743 752 853 782 supra.
874 755 887 770 η

236 920 350 948 Ι44ἵ

197 982 336 1016 Magistro
355 982 492 1014 Roberto,
505 981 651 1016 capellano
666 981 705 1011 J.¹
720 981 749 1008 S.
762 981 907 1009 Laurentii
924 982 949 1008 in
966 982 1073 1009 Lucina
1088 991 1169 1017 pres-

162 1031 256 1065 byteri
271 1030 434 1061 cardinalis,
446 1029 586 1064 indulget,
601 1033 639 1060 ut,
656 1037 722 1056 cum
736 1030 860 1056 ecclesia
873 1030 907 1056 de
922 1030 1168 1063 Wulwardinton‚

162 1078 383 1113 Wigorniensis
405 1078 545 1111 diocesis,
562 1078 714 1105 ecclesiam
734 1079 768 1105 de
782 1078 936 1106 Wortham
949 1101 955 1113 ‚
972 1079 1170 1106 Norxvicensis

144 1123 146 1125 ’
161 1127 299 1161 diocesis,
311 1136 395 1162 quam
414 1127 643 1154 commendatam
658 1127 777 1159 detinet,
792 1129 920 1163 recipere
937 1129 1038 1162 valeat,
1049 1137 1171 1163 quarum

162 1180 321 1211 proventus
343 1176 444 1210 viginti
470 1184 631 1202 marcarum
656 1177 860 1211 sterlingorum
877 1178 961 1203 annis
981 1177 1107 1212 singulis
1123 1177 1170 1203 vix

162 1224 315 1251 excedunt.
333 1224 415 1258 (Rea.
431 1224 475 1258 ⁶24,
492 1224 512 1250 f.
530 1225 590 1257 191,
603 1233 668 1250 ann.
687 1224 724 1258 ΙΙ1
738 1233 763 1251 c.
779 1225 851 1257 366.)

740 920 866 954 Anagni,
886 920 914 946 11
933 921 1001 947 aout
1018 920 1096 947 1256.

205 1338 218 1353 α
235 1327 379 1363 Magistro
391 1326 521 1361 Roberto,
536 1326 647 1354 rectori
663 1326 780 1354 ecclesie
797 1326 830 1355 de
849 1327 1094 1361 Ii'ulivarditone,
1116 1327 1172 1355 Wi-

160 1380 335 1417 907·niensis
350 1379 484 1413 diocesis,
503 1379 659 1415 capellano
676 1379 717 1412 J.‚
735 1379 820 1407 tituli
834 1379 942 1408 Sancti
959 1380 1121 1408 Laurentii
1138 1380 1172 1408 in

162 1433 279 1461 Lucina
299 1432 469 1469 presbyteri
487 1431 670 1460 cardinalis.
690 1431 766 1461 Vite
786 1431 964 1462 laudabilis
983 1436 1014 1462 et
1030 1449 1079 1461 —.
1096 1433 1170 1461 Dat.

163 1484 327 1523 Anagnie,
347 1485 397 1514 III
413 1483 489 1513 idus
506 1483 650 1521 augusti,
669 1492 755 1513 anno
772 1484 928 1514 secundo.
951 1496 964 1511 »

240 1668 356 1696 1448
748 1667 862 1702 Lati-an,
880 1668 908 1695 11
928 1676 1004 1695 mars
1022 1668 1100 1696 1256.

201 1730 330 1757 Priorem
359 1729 563 1764 provincialem
595 1729 716 1756 fratrum
745 1729 854 1757 ordinis
885 1729 1118 1757 Praedicatorum
1144 1731 1173 1757 in

165 1779 336 1805 Alemannia
362 1782 457 1812 rogat,
483 1778 652 1804 exhortetur
679 1779 789 1812 priores
814 1782 842 1805 et
865 1779 969 1806 fratres
993 1779 1040 1805 sui
1064 1779 1175 1806 ordinis

164 1827 340 1854 constitutos
361 1827 389 1853 in
411 1826 654 1861 Magdeburgensi
671 1830 699 1852 et
715 1826 866 1854 Bremensi
883 1828 1055 1862 provinciis,
1072 1827 1174 1854 Ratis-

165 1876 302 1911 ponensi,
327 1874 488 1901 Pataviensi
500 1895 507 1908 ,
525 1874 761 1907 Alberstadensi,
777 1875 968 1902 Ildesemensi
986 1879 1014 1902 et
1032 1876 1175 1904 Verdensi

165 1924 352 1957 diocesibus,
370 1927 401 1950 ut
420 1931 452 1949 se
468 1923 588 1949 viriliter
607 1924 760 1957 accingant
780 1923 814 1950 ad
831 1924 1008 1950 liberandum
1027 1925 1175 1959 proximos

164 1972 202 1999 de
228 1972 362 1998 manibus
387 1979 565 2006 paganorum
590 1971 619 1998 in
651 1971 786 1998 Livoniae
810 1980 843 1999 ac
873 1972 1009 1999 Prusciae
1033 1973 1174 2007 partibus.

168 2021 266 2053 Porro,
280 2024 310 2047 ut
321 2021 385 2047 illos
396 2021 431 2046 de
447 2020 602 2055 provinciis
613 2023 642 2047 et
653 2020 821 2047 diocesibus
833 2022 998 2047 memoratis
1010 2021 1069 2056 qui,
1079 2022 1176 2048 crucis

166 2069 317 2104 signaculo
334 2069 361 2095 in
373 2069 507 2095 Livoniae
520 2069 562 2095 vel
575 2069 713 2095 Prusciae
729 2069 892 2096 subsidium
907 2069 1049 2104 insigniti,
1061 2073 1176 2105 propter

167 2122 363 2153 paupertatem
382 2118 425 2143 vel
441 2118 617 2144 debilitatem
636 2122 780 2152 nequeant
801 2119 989 2153 personaliter
1012 2119 1174 2153 proficisci,

167 2175 183 2193 a
199 2170 265 2192 voto
281 2167 376 2192 crucis
392 2166 551 2192 absolvant.
572 2165 660 2192 Addit
676 2166 872 2200 indulgentias
888 2175 921 2193 ac
938 2167 1087 2201 privilegia
1103 2175 1176 2201 quae

167 2215 387 2242 transeuntibus
403 2214 438 2241 ad
459 2214 680 2240 subventionem
701 2215 842 2241 dictarum
865 2219 1004 2242 terrarum
1027 2216 1175 2250 elargitur.

166 2264 250 2298 (Rea.
265 2263 310 2298 24,
326 2264 344 2289 f.
361 2263 419 2296 191,
432 2271 498 2289 ann.
515 2262 553 2296 ΙΙ,
570 2271 596 2290 c.
614 2264 682 2294 367;
701 2263 846 2291 Pon-amr
865 2264 973 2297 16289.)

210 2377 224 2392 α
244 2387 276 2400 ..,
295 2365 747 2402 prioriprovincialifratrum
763 2365 882 2394 ordinis
899 2366 1130 2395 Predicatorum
1145 2367 1178 2395 in

168 2419 340 2447 Alemania.
359 2417 423 2453 Qui
445 2417 547 2456 justis
569 2417 679 2447 causis
696 2434 744 2446 —-.
763 2418 836 2447 Dat.
860 2419 1033 2453 Laterani,
1052 2419 1081 2448 V
1102 2418 1178 2448 idus

169 2470 293 2505 martii,
311 2478 398 2499 anno
415 2469 571 2500 secundo.
593 2481 605 2495 n

206 2575 238 2602 In
259 2583 285 2601 e.
310 2583 347 2601 m.
366 2574 453 2609 priori
471 2574 636 2609 provinciali
653 2574 764 2601 ordinis
779 2575 899 2602 fratrum
918 2575 1132 2602 Predicatorum
1152 2577 1179 2602 in

173 2623 266 2656 Datia,
284 2632 335 2658 per
351 2623 448 2655 Daue,
467 2622 566 2649 Suetie
582 2626 610 2649 et
627 2622 780 2657 Norwegie
798 2632 896 2658 regna.

208 2672 239 2698 In
252 2680 276 2698 e.
293 2680 329 2698 m.
348 2671 435 2706 priori
453 2671 619 2705 provinciali
635 2672 755 2698 fratrum
772 2672 904 2699 ordinum
922 2672 1137 2700 Predicatorum
1151 2674 1180 2700 in

172 2720 300 2751 Polonia,
320 2728 370 2754 per
387 2727 507 2753 regnum
529 2719 655 2752 Boemie,
676 2720 823 2747 Poloniam
839 2724 868 2747 et
881 2720 1090 2750 Pomeraniam.

208 2768 241 2795 In
264 2777 290 2795 e.
316 2776 353 2794 m.
376 2767 463 2802 priori
487 2771 513 2794 ct
537 2767 674 2794 fratribus
695 2769 756 2794 ord.
775 2768 991 2796 Predicatorum
1008 2769 1182 2804 Magdebur-

174 2818 327 2852 gensibus,
346 2826 438 2852 usque
460 2827 465 2842 :
492 2819 697 2852 injungentes,
714 2818 852 2852 quatinus
876 2818 904 2844 iu
926 2817 1181 2854 Magdeburgensi,

176 2866 428 2902 Brandeburgensi
441 2889 447 2900 ,
484 2865 696 2900 Avelbergensi
733 2866 900 2892 civitatibus
937 2869 966 2893 et
998 2867 1181 2900 diocesibus,

1250 280 1468 306 Alberstadensi
1485 284 1512 307 ct
1526 280 1666 307 Vei-densi
1678 281 1853 313 diocesibus,
1871 285 2022 315 assumpto
2039 285 2137 308 sancte
2154 283 2256 317 predi-

1249 328 1370 354 cationis
1392 329 1482 355 officio
1500 333 1614 363 propter
1631 329 1722 356 Deum
1743 330 1840 356 fideles
1857 330 2032 356 constitutos
2053 331 2081 357 in
2099 331 2140 357 eis
2156 331 2189 357 ad
2208 332 2257 358 ni-

1249 377 1333 402 miam
1346 378 1492 403 caritatem
1506 382 1560 404 etc.
1577 386 1667 412 usque
1680 390 1685 404 t
1699 378 1879 412 prudentiam
1892 379 2051 405 informetis
2062 379 2216 414 diligenter
2227 383 2257 407 et

1249 426 1369 451 sollicite
1387 427 1503 460 potituri
1519 430 1573 452 etc.
1592 435 1684 461 usque
1702 427 1850 461 :gloriam¹
1870 427 1938 453 Illos
1955 435 2022 453 vero
2039 428 2072 453 de
2089 429 2256 455 civitatibus

1249 478 1277 500 et
1292 475 1458 501 diocesibus
1475 477 1651 509 memoratis,
1668 477 1716 510 qui
1737 477 1833 503 crucis
1855 481 1911 503 etc.
1935 485 2027 511 usque
2047 488 2052 503 ε
2075 478 2258 512 compleatur

1249 529 1350 547 omnes
1365 521 1504 548 dictarum
1517 523 1665 549 civitatum
1683 527 1711 549 et
1726 523 1886 549 diocesium
1904 524 1930 549 in
1948 532 2120 550 succursum
2138 533 2259 551 eorum-

1249 569 1313 595 dem
1323 570 1446 596 fidelium
1460 574 1515 598 etc.
1527 579 1618 605 usque
1629 580 1634 594 ε
1647 571 1867 601 incrementum,
1879 574 2057 606 presentium
2067 573 2149 599 vobis
2160 577 2259 600 aucto-

1250 618 1332 644 ritate
1344 618 1541 649 concedimus,
1558 612 1633 653 quod
1651 619 1689 645 illi
1707 620 1870 646 earumdem
1888 620 2037 647 civitatum
2054 624 2082 647 et
2097 621 2258 648 diocesium

1250 666 1299 699 qui
1323 666 1357 691 ad
1386 666 1573 700 sollempnem
1600 670 1723 693 vestram
1751 667 1974 701 predicationem
2001 670 2178 695 accesserint
2199 673 2258 698 etc.

1251 721 1367 746 usque:
1391 713 1584 746 incurrerunt,
1607 715 1797 741 absolutionis
1817 715 1989 742 beneficium
2012 717 2152 751 impertiri
2174 718 2261 751 juxta

1250 762 1370 788 formam
1387 762 1509 788 ecclesie
1526 763 1653 790 valeatis.
1672 763 1792 789 Proviso
1808 767 1863 790 etc.
1882 768 1912 790 ut
1928 765 1955 790 in
1972 765 2036 792 alia.

1287 809 1317 835 In
1333 818 1359 837 e.
1373 818 1410 837 m.
1425 811 1512 844 priori
1528 814 1555 836 et
1571 811 1706 837 fratribus
1722 811 1783 837 ord.
1798 811 1926 838 praedic.
1940 812 2217 847 Ratisponensibus‚
2230 814 2261 841 in

1251 858 1516 892 Ratisponensibus
1532 860 1647 885 civitate
1663 863 1691 886 et
1706 860 1826 887 diocesi.

1287 905 1318 931 In
1337 914 1362 932 e.
1382 914 1419 932 m.
1437 907 1523 940 priori
1540 911 1568 932 et
1584 907 1719 933 fratribus
1735 908 1795 933 ord.
1809 907 1920 934 Predic.
1937 908 2262 941 Albe1·statensibus,in

1251 955 1367 981 civitate
1387 958 1414 980 et
1430 955 1537 981 diocesi
1552 955 1833 982 Alberstatensibus.

1288 1003 1320 1029 In
1343 1011 1368 1028 e.
1392 1011 1429 1029 m.
1453 1003 1541 1037 priori
1554 1007 1582 1029 et
1596 1003 1733 1030 fratribus
1748 1004 1809 1031 ord.
1827 1004 1940 1032 Predic.
1957 1005 2215 1040 11desomensibus,
2232 1007 2263 1033 in

1252 1052 1369 1078 civitate
1383 1055 1411 1078 et
1426 1052 1534 1078 diocesi
1549 1051 1805 1079 Ildesemensibus.

1288 1100 1322 1127 111
1343 1108 1368 1126 e.
1393 1109 1430 1126 m.
1453 1101 1540 1134 priori
1560 1104 1588 1126 et
1608 1101 1745 1127 fratribus
1766 1101 1827 1128 ord.
1853 1101 1967 1129 Predic.
1988 1102 2215 1135 Viennensibus,
2233 1104 2264 1130 in

1253 1150 1370 1176 civitate
1385 1153 1413 1175 et
1430 1149 1539 1175 diocesi
1556 1149 1789 1176 Pataviensibus.

1290 1198 1321 1224 In
1334 1207 1359 1225 e.
1373 1206 1410 1224 m.
1428 1198 1515 1232 priori
1531 1202 1558 1225 et
1574 1198 1711 1225 fratribus
1725 1199 1787 1226 ord.
1801 1199 1913 1226 Predic.
1928 1199 2134 1234 pragensibus,
2148 1201 2176 1227 in
2192 1201 2266 1228 civi·-

1254 1251 1310 1274 tate
1326 1250 1354 1272 et
1370 1246 1478 1273 diocesi
1497 1246 1704 1280 Pragensibus.

1290 1295 1321 1322 In
1343 1303 1369 1323 e.
1388 1304 1424 1321 m.
1448 1295 1534 1330 priori
1550 1298 1578 1321 et
1594 1295 1730 1322 fratribus
1746 1295 1807 1322 ord.
1827 1295 1939 1322 Predic.
1956 1295 2264 1330 Wratislaviensibus,

1254 1344 1283 1370 in
1300 1344 1416 1370 civitate
1432 1347 1460 1369 et
1475 1343 1585 1370 diocesi
1600 1342 1904 1370 Wratislaviensibus.

1291 1391 1323 1418 1n
1349 1400 1374 1418 e.
1401 1400 1437 1418 m.
1466 1392 1552 1426 priori
1572 1395 1600 1418 et
1621 1391 1757 1418 fratribus
1780 1392 1840 1418 ord.
1864 1392 1976 1419 Predic.
2000 1392 2217 1427 Biemensibus,
2235 1395 2266 1421 in

1258 1440 1465 1467 Bremensibus
1479 1443 1507 1466 et
1524 1439 1726 1466 Verdensibus
1742 1440 1908 1467 civitatibus
1924 1444 1953 1467 et
1968 1440 2144 1469 diocesibus.

1291 1489 1324 1515 In
1347 1497 1373 1515 e.
1395 1497 1432 1514 m.
1458 1488 1546 1522 priori
1570 1491 1597 1514 et
1619 1488 1756 1515 fratribus
1777 1488 1839 1517 ord.
1863 1489 1974 1516 Predic.
1999 1489 2265 1526 Omburgensibus‚

1256 1537 1425 1563 Bremensis
1441 1536 1586 1571 diocesis,
1607 1538 1636 1563 in
1653 1536 1819 1571 Bremensi,
1836 1537 2055 1573 Razeburgensi
2077 1542 2105 1566 et
2122 1539 2267 1567 Verdensi

1255 1585 1432 1612 diocesibus.

1291 1634 1323 1660 In
1337 1642 1362 1659 e.
1378 1642 1415 1665 m,
1432 1633 1520 1668 priori
1533 1636 1560 1659 et
1571 1633 1708 1659 fratribus
1723 1633 1785 1660 ord.
1798 1633 1912 1660 Predic.
1925 1633 2146 1666 Lubicensibus,
2163 1635 2192 1662 in
2207 1635 2267 1663 Lu-

1256 1682 1439 1715 bicensibus,
1457 1681 1733 1716 Razeburgensibus
1754 1685 1782 1708 et
1802 1681 2038 1710 Zwerinensibus
2053 1683 2220 1711 civitatibus
2238 1687 2269 1712 et

1256 1730 1433 1757 diocesibus.

1292 1780 1325 1806 In
1346 1788 1371 1806 e.
1389 1788 1427 1806 m.
1446 1779 1532 1813 priori
1548 1782 1576 1805 et
1595 1779 1732 1805 fratribus
1752 1779 1813 1806 ord.
1832 1779 1946 1807 Predic.
1963 1779 2222 1816 Friburgensibus,
2238 1783 2269 1810 iu

1258 1827 1457 1854 Misnensibus
1472 1827 1588 1853 civitate
1604 1830 1632 1853 et
1645 1826 1754 1853 diocesi
1770 1830 1798 1853 et
1813 1827 2049 1862 Nuemburgensi
2065 1829 2185 1857 diocesi.

1293 1876 1326 1902 In
1337 1884 1363 1903 e.
1375 1884 1411 1902 m.
1427 1875 1515 1910 priori
1528 1878 1556 1901 et
1566 1875 1702 1901 fratribus
1713 1875 1774 1902 ord.
1789 1875 1901 1903 Predic.
1915 1875 2147 1912 Lippicensibus,
2157 1878 2271 1906 Merse-

1258 1924 1414 1958 burgensis
1429 1924 1567 1957 diocesis
1579 1925 1606 1950 in
1620 1924 1915 1958 Merseburgensibus
1930 1929 1958 1951 et
1974 1925 2272 1961 Nuemburgensibus

1259 1973 1426 2000 civitatibus
1451 1976 1480 1998 ct
1503 1972 1686 2004 diocesibus,
1712 1972 1957 2008 Magdeburgensi
1969 1995 1975 2005 ‚
2005 1974 2216 2002 Alberstatensi
2241 1979 2272 2004 et

1259 2020 1401 2047 Misnensi
1418 2020 1596 2048 diocesibus,

1294 2069 1327 2095 In
1351 2077 1377 2096 e.
1393 2077 1431 2096 m.
1447 2069 1534 2103 priori
1557 2072 1585 2095 et
1600 2069 1737 2095 fratribus
1754 2069 1817 2096 ord.
1834 2069 1947 2096 Predic.
1964 2070 2222 2106 Cracoviensibus‚
2240 2075 2271 2101 in

1259 2118 1376 2145 civitate
1392 2120 1420 2144 et
1435 2118 1544 2144 diocesi
1560 2117 1816 2145 CracoviensibuS.

1295 2166 1326 2192 In
1352 2174 1378 2192 e.
1398 2174 1435 2192 m.
1459 2166 1546 2200 priori
1563 2169 1590 2192 et
1611 2165 1748 2192 fratribus
1762 2166 1823 2192 ord.
1841 2165 1955 2193 Predic.
1972 2167 2007 2193 de
2023 2167 2148 2201 Wisbu,
2165 2170 2271 2198 Linea-

1259 2214 1397 2249 copensis
1412 2214 1539 2240 diocesis
1555 2214 1583 2240 in
1601 2214 1766 2241 Gorlandia.

1296 2262 1328 2289 In
1346 2271 1370 2288 e.
1385 2271 1421 2290 m.
1439 2262 1684 2289 Olomucensibus
1699 2266 1727 2289 et
1741 2262 1975 2296 Brunnensibus
1986 2264 2191 2294 Olomucensis
2207 2267 2273 2294 dio—

1261 2311 1353 2343 cesis,
1369 2310 1513 2345 prioribus
1529 2314 1556 2336 et
1571 2311 1709 2337 fratribus
1724 2311 1786 2337 ord.
1806 2311 1917 2338 Predic.
1935 2313 1964 2339 in
1985 2313 2101 2340 civitate
2116 2318 2144 2341 et
2159 2315 2272 2343 diocesi

1261 2358 1518 2386 Olomucensibus.

1339 2513 1453 2541 ¹449
1846 2515 1973 2549 Anagni,
1989 2515 2020 2542 21
2038 2517 2106 2543 aout
2123 2516 2201 2544 1256.

1299 2575 1332 2601 In
1353 2575 1486 2601 eumdem
1509 2575 1625 2601 modum
1651 2575 1798 2602 Hendrico
1817 2575 1966 2603 Culmensi
1986 2580 2015 2603 et
2034 2577 2160 2605 Henrico
2179 2578 2275 2607 Curo-

1264 2623 1358 2649 niensi
1375 2622 1538 2658 episcopis,
1557 2623 1590 2648 de
1606 2623 1728 2650 fratrum
1745 2623 1980 2651 Praedicatorum
1996 2628 2025 2652 et
2038 2624 2180 2653 Minorum
2198 2627 2278 2654 ordi-

1264 2671 1361 2698 nibus.
1381 2671 1463 2702 (Rau.
1484 2671 1529 2704 24,
1556 2671 1576 2698 f.
1604 2672 1677 2706 191¹,
1707 2680 1773 2698 ann.
1798 2671 1836 2705 ΙΙ,
1861 2681 1886 2699 c.
1911 2673 1993 2705 367²;
2018 2673 2165 2701 Ponam
2188 2676 2277 2704 16289

1264 2721 1328 2752 finis
1343 2722 1367 2746 et
1386 2720 1469 2746 16524
1483 2728 1490 2753 ;
1505 2719 1674 2753 bammum,
1688 2721 1754 2747 Acta
1766 2722 1931 2754 pontificum
1945 2722 2084 2756 ltelvetica,
2098 2727 2118 2750 t.
2132 2723 2156 2754 1,
2169 2733 2196 2759 p.
2212 2725 2275 2760 398,

1266 2775 1298 2795 nu
1315 2769 1389 2800 656.)

1309 2875 1321 2889 «
1348 2863 1499 2892 Ilendrico
1527 2863 1683 2893 Cvlmmzsi
1708 2869 1733 2893 et
1757 2865 1888 2894 Henrico
1906 2865 2090 2896 Curoniensi
2114 2868 2276 2905 episcopis,
