2498 3325
964 226 1193 264 nnuxn'aME
1216 226 1373 264 ANNEE.
2166 241 2222 271 339

123 306 155 332 et
176 311 193 332 a
211 301 307 331 nobis
327 300 437 330 valeas
460 301 577 330 merito
599 300 834 330 commendari.
857 300 924 329 Nos
946 299 1035 329 enim
1053 307 1132 328 con-

123 354 317 383 tradictores
341 357 371 382 et
392 352 532 382 rebelles
557 352 722 391 quoslibet
745 361 803 390 per
828 360 1002 381 censuram
1027 350 1132 380 eccle-

125 406 294 436 siasticam
311 405 529 444 appellatione
543 405 725 443 postposita
739 403 979 442 compescendi,
998 402 1131 441 quibus-

124 468 264 497 cumque
292 458 477 496 privilegiis
504 467 563 488 seu
589 457 808 495 indulgentiis
835 456 928 486 Sedis
954 455 1132 493 apostolice

124 510 176 541 vel
195 511 379 548 legatorum
400 510 506 548 ipsius
528 519 585 548 per
606 520 668 548 que
690 509 819 539 nullum
840 509 995 547 cuiquam
1016 508 1049 536 in
1071 507 1132 537 hac

124 567 216 602 parte
232 562 384 592 volumus
401 562 512 592 afferri
532 562 727 600 suffragium
745 569 954 600 nequaquam
971 560 1133 590 obstanti-

125 616 197 650 bus,
215 615 355 645 liberam
372 615 431 644 tibi
447 615 658 645 concedimus
673 613 875 643 facultatem.
891 614 926 643 Si
940 621 1016 642 vero
1030 612 1132 642 alium

125 667 270 705 legatum
293 667 331 697 de
351 667 453 697 latere
471 671 582 697 nostro
600 667 640 696 ad
658 671 767 705 partes
784 666 858 695 illas
876 665 1036 695 destinari
1055 673 1132 694 con-

124 719 247 757 tigerit,
273 719 424 749 volumus
447 723 482 748 ut
503 719 542 748 ob
563 719 689 757 prefate
710 719 804 748 Sedis
826 717 1045 748 reverentiam
1066 725 1131 746 non

125 771 298 810 exequaris
322 771 483 809 premisse
508 771 684 809 legationis
705 771 861 805 officium,
889 769 1002 799 eodem
1024 769 1132 806 legato

124 823 208 852 inibi
234 823 406 853 existente.
434 824 507 853 Dat.
540 823 706 854 Laterani,
738 823 802 853 VII
831 822 906 852 idus
934 821 1129 855 decembris,

125 885 211 906 anno
224 877 341 914 primo.
365 889 376 901 »

197 1081 316 1108 1135

158 1143 305 1169 Fratribus
323 1142 473 1177 hospitalis
489 1142 516 1168 b.
535 1142 641 1168 Mariae
657 1142 690 1168 ad
708 1141 737 1168 S.
759 1141 872 1168 Gallum
890 1141 1047 1168 Florentini
1063 1149 1132 1168 con-

124 1189 198 1216 cedit
215 1190 377 1216 facultatem
399 1190 442 1216 eis
465 1191 637 1224 procurandi
658 1191 849 1217 eleemosinas
867 1190 901 1216 ad
924 1198 998 1225 opus
1023 1198 1132 1225 paupe-

122 1246 197 1264 rum.
214 1238 295 1272 (Rea.
312 1238 357 1270 24,
375 1238 393 1265 f.
414 1239 487 1272 141¹,
503 1247 569 1264 ann.
587 1238 624 1269 11,
642 1247 668 1264 c.
688 1239 758 1269 111.)

693 1080 810 1113 Latran,
829 1080 844 1107 9
860 1080 964 1106 sevrier
982 1079 1059 1106 1256.

166 1365 178 1378 «
201 1375 232 1386 ..,
250 1354 397 1389 magistro
410 1358 435 1381 et
450 1353 601 1389 fratribus
616 1354 774 1390 hospitalis
788 1353 866 1381 beate
879 1354 974 1382 Marie
989 1353 1028 1382 ad
1040 1353 1133 1382 Sanc-

126 1411 189 1434 lum
214 1405 334 1433 Gallum
357 1405 540 1434 Florentini.
558 1404 730 1442 Hospitale
747 1408 894 1434 vestrum
911 1405 1082 1443 cupientes
1098 1405 1133 1434 in

124 1456 355 1495 spiritualibus
374 1457 473 1494 dirigi
491 1461 521 1486 et
543 1457 779 1495 temporalibus
796 1457 1017 1494 augmentari,
1037 1466 1134 1487 cons-

122 1509 263 1540 tituendi
283 1514 349 1539 tam
367 1513 476 1539 vestro
493 1519 591 1548 quam
605 1512 752 1540 Romane
767 1509 913 1540 Ecclesie
931 1510 1075 1545 nomine,
1094 1510 1135 1540 ad

123 1571 220 1601 quam
248 1563 357 1600 ipsum
377 1562 540 1600 hospitale
564 1562 656 1592 nullo
676 1562 784 1592 medio
809 1562 930 1592 dicitur
953 1563 1132 1601 pertinere,

123 1614 252 1653 aliquas
284 1623 442 1653 personas
472 1615 609 1645 idoneas
638 1619 766 1644 vestras
796 1618 827 1644 et
856 1615 962 1652 ipsius
994 1615 1134 1645 ecclesie

123 1667 274 1702 nuncios,
292 1667 438 1697 sindicos
453 1673 483 1697 et
498 1671 648 1697 auctores
662 1667 703 1697 ad
713 1667 825 1696 omnia
840 1666 1015 1705 hospitalis
1031 1667 1134 1697 vestri

123 1720 259 1757 negocia
275 1724 342 1749 tam
356 1720 392 1748 in
405 1720 531 1758 judicio
547 1728 647 1758 quam
663 1723 753 1749 extra
770 1719 898 1749 utiliter
913 1720 1131 1757 procuranda,

122 1776 154 1802 et
172 1772 312 1802 maxime
330 1772 369 1802 ad
384 1772 514 1802 litteras
529 1772 569 1802 ab
590 1772 848 1810 archiepiscopis
865 1776 896 1802 et
911 1772 1074 1810 episcopis
1093 1773 1133 1802 ad

123 1825 287 1864 subJ'ectos
311 1825 375 1854 sibi
399 1825 535 1863 populos
555 1834 653 1863 super
675 1825 866 1855 elemosinis
890 1825 929 1854 ad
951 1834 1032 1863 opus
1051 1835 1132 1863 pau-

121 1886 237 1916 perum
255 1878 290 1906 in
308 1877 465 1916 hospitali
481 1881 590 1907 vestro
608 1877 799 1915 degentium
815 1877 1056 1908 exhortatorias
1075 1878 1133 1907 ob-

122 1930 305 1965 tinendum,
323 1930 455 1968 plenam
471 1929 564 1960 vohis
581 1930 777 1959 auctoritate
794 1930 1000 1968 presentium
1016 1939 1133 1961 conce-

120 1982 230 2012 dimus
246 1982 448 2012 facultatem.
464 1983 536 2012 Dat.
554 1983 721 2018 Laterani,
732 1983 761 2012 V
772 1982 847 2012 idus
859 1982 1031 2018 februarii,
1046 1992 1133 2013 anno

121 2035 275 2066 secundo.
299 2048 312 2061 »

195 2232 308 2260 1136

155 2294 372 2321 ordinationem
398 2293 556 2327 Johannis,
582 2293 752 2320 Leodiensis
777 2295 922 2329 episcopi,
952 2295 986 2321 de
1012 2304 1133 2330 magnae

122 2342 309 2377 parrochialis
325 2342 465 2368 ecclesiae
488 2342 522 2368 de
545 2341 637 2368 Lewis
654 2343 773 2369 servitio
788 2347 816 2369 et
834 2343 1044 2376 oblationibus,
1062 2352 1133 2370 con-

122 2390 224 2416 firmat.
242 2390 324 2423 (Reti.
341 2390 390 2423 24,
408 2390 426 2416 f.
447 2390 524 2422 141¹,
541 2398 608 2417 ann.
624 2389 666 2421 ΙΙ,
687 2399 712 2416 c.
735 2391 808 2423 11⁶2.)

674 2231 786 2264 Latran,
807 2233 838 2259 18
851 2233 965 2267 janvier
984 2234 1059 2260 1‘256.

165 2516 177 2530 α
195 2527 227 2539 ..,
245 2505 346 2533 abbati
362 2509 388 2533 ει
403 2505 568 2533 conventui
583 2505 683 2533 sancti
699 2505 779 2533 Petri
795 2506 826 2533 in
841 2505 1041 2540 Filiderbelce,
1063 2506 1133 2534 Leo-

123 2559 236 2588 diensis
251 2559 391 2594 diocesis,
417 2581 450 2593 ..,
469 2559 580 2587 decano
598 2563 624 2587 et
646 2560 780 2596 capitulo
799 2560 917 2588 ecclesie
938 2561 1038 2589 sancti
1055 2561 1133 2597 Dyo-

122 2613 200 2642 nisii
217 2612 392 2641 LeodiensIs.
412 2612 495 2642 Cum
512 2620 528 2640 a
547 2611 642 2641 nobis
663 2611 786 2649 petitur
806 2616 864 2642 etc.
887 2621 993 2651 usque
1011 2622 1016 2641 :
1035 2614 1133 2643 effec-

123 2669 203 2694 tum.
230 2664 347 2694 Oblata
373 2664 538 2702 siquidem
567 2664 663 2693 nobis
689 2668 797 2693 vestra
824 2665 940 2702 petitio
964 2666 1130 2703 patefecit,

122 2717 209 2755 quod
235 2716 317 2746 bone
341 2716 499 2746 memorie
522 2716 705 2746 ι101111111105.
730 2717 922 2747 Leodiensis
946 2718 1130 2756 episcopus,

122 2769 301 2807 prudenter
315 2768 488 2798 attendens
506 2769 591 2806 quod
607 2768 782 2806 parrochia
801 2769 939 2800 ecclesie
956 2770 993 2800 de
1012 2770 1131 2805 Lewis‚

123 2821 316 2852 Leodiensis
340 2821 496 2856 diocesis,
516 2830 635 2859 magna
652 2825 738 2851 esset
762 2826 792 2851 et
809 2822 923 2852 cadem
939 2822 1079 2852 ecclesia
1098 2822 1132 2851 in

123 2874 338 2911 proventibus
354 2873 572 2909 habundaret,
591 2874 629 2904 do
647 2874 835 2912 sapientum
851 2875 990 2905 consilio
1007 2879 1133 2905 vestro·-

1215 307 1278 336 que
1294 308 1476 336 consensu,
1495 301 1551 339 qui
1569 302 1653 331 sicut
1671 303 1820 332 asseritis
1836 304 1890 341 jus
1907 303 2064 334 obtinetis
2080 305 2115 334 in
2137 306 2223 336 dicta

1215 351 1355 381 ecclesia
1384 357 1592 390 patronatus,
1624 353 1861 384 deliberatione
1891 357 2027 393 provida
2058 358 2223 388 ordinavit

1216 404 1302 441 quod
1323 404 1497 434 ecclesiam
1518 405 1641 443 ipsam,
1659 411 1755 443 prout
1776 411 1899 444 spectat
1922 408 1961 436 ad
1979 417 2053 443 vos,
2074 410 2223 440 conferre

1215 455 1315 485 alicui
1335 457 1373 487 de
1397 462 1504 487 cetero
1527 467 1591 487 non
1615 458 1750 495 possitis
1773 459 1839 488 nisi
1862 460 2024 490 sacerdoti
2044 462 2171 500 juranti
2190 471 2224 492 se

1215 508 1265 537 illi
1281 509 1501 546 personaliter
1517 510 1730 539 serviturum.
1755 510 1928 540 Ordinavit
1951 512 2049 541 etiam
2070 514 2155 551 quod
2172 523 2224 544 sa-

1216 561 1348 595 cerdos,
1368 562 1420 590 0111
1440 561 1526 591 dicta
1546 571 1603 600 pro
1625 566 1769 600 tempore
1787 563 1986 597 conferetur,
2005 573 2117 593 curam
2135 570 2225 602 gerat

1215 613 1321 651 ipsius
1350 614 1407 652 qui
1432 623 1488 651 pro
1517 614 1758 644 sustentatione
1788 624 1823 644 ac
1853 615 1953 645 unius
1982 617 2160 646 sacerdotis
2190 618 2224 646 in

1215 664 1406 703 hujusmodi
1434 666 1569 695 servitio
1597 666 1786 696 assistentis
1813 666 1876 695 sibi
1905 676 2018 697 omnes
2041 668 2225 699 oblationes

1215 717 1320 754 ipsius
1344 717 1481 747 ecclesie
1498 722 1723 756 percepturus,
1742 719 1917 748 diocesano
1941 724 1971 749 et
1993 720 2225 751 archidiacono

1214 769 1277 799 loci
1301 770 1339 799 de
1363 770 1432 799 suis
1454 770 1586 808 juribus
1617 771 1814 808 respondere
1845 772 1991 810 acterre
2021 773 2133 802 onmia
2161 774 2226 803 alia

1215 822 1362 861 ejusdem
1385 822 1522 852 ecclesie
1543 832 1644 852 onera
1660 831 1787 852 necnon
1806 829 1835 853 et
1852 824 1944 853 vobis
1962 825 2152 855 fidelitatem
2171 836 2226 856 ex-

1214 874 1329 903 hibere
1347 883 1382 903 ac
1396 875 1509 913 jurare
1526 875 1612 912 quod
1629 875 1713 904 hanc
1725 876 1968 906 ordinationem
1981 877 2128 907 observet
2146 879 2226 908 fide-

1214 927 1301 961 liter,
1323 931 1485 956 teneatur.
1504 928 1573 956 Hoc
1595 927 1714 963 addito,
1735 928 1821 966 qnod
1838 928 1876 957 de
1897 929 2122 959 oblationibus
2144 931 2226 968 ipsis

1214 979 1308 1009 vobis
1323 980 1354 1009 X
1369 979 1472 1009 libras
1491 980 1709 1010 Lovaniensis
1726 985 1855 1010 monete
1874 981 1950 1011 dare
1967 982 2083 1011 debeat
2099 992 2226 1013 annua-

1214 1032 1291 1067 tim,
1326 1033 1424 1062 certis
1456 1033 1608 1062 terminis
1637 1033 1883 1071 persolvendas,
1918 1043 1991 1064 cum
2021 1034 2226 1065 oblationum

1215 1085 1395 1115 earundem
1417 1085 1586 1115 residuum
1607 1086 1712 1123 possit
1734 1086 1884 1116 sufficere
1908 1087 1946 1115 ad
1970 1087 2150 1125 premissa;
2169 1088 2227 1117 alii

1215 1138 1315 1169 etiam
1332 1139 1496 1168 redditus.
1515 1148 1597 1177 quos
1615 1139 1766 1168 sacerdos
1785 1139 1922 1169 ecclesie
1940 1140 2085 1178 predicte
2102 1141 2158 1179 (1111
2175 1141 2227 1171 111-

1214 1192 1355 1222 vestitus
1372 1192 1553 1229 vulgariter
1570 1192 1741 1221 dicebatur
1764 1192 1886 1222 ibidem
1907 1197 1937 1222 et.
1959 1193 1993 1222 in
2018 1193 2168 1223 ecclesiis
2189 1194 2227 1224 de

1215 1244 1319 1275 Bethe
1343 1249 1373 1274 et
1395 1244 1433 1274 de
1457 1244 1584 1282 Brging
1609 1244 1872 1282 dependentibus
1899 1245 1938 1274 ab
1963 1245 2077 1275 eadem
2103 1246 2228 1276 solebat

1215 1297 1399 1336 percipere,
1431 1297 1466 1326 in
1494 1301 1621 1327 vestros
1652 1297 1871 1327 communiter
1903 1307 1982 1327 usus
2013 1299 2147 1333 cedant3
2181 1299 2228 1329 ita

1216 1353 1326 1379 tamen
1343 1349 1429 1387 quod
1445 1349 1593 1387 ipsorum
1615 1349 1776 1379 medietas
1793 1349 1880 1378 inter
1896 1350 2072 1380 canonicos
2090 1351 2227 1381 ecclesie

1216 1406 1336 1436 vestre,
1360 1401 1421 1430 filii
1445 1401 1567 1431 decane
1593 1405 1623 1431 et
1646 1401 1838 1439 capitulum,
1865 1403 1922 1440 qui
1948 1402 2038 1432 horis
2058 1404 2227 1433 canonicis

1216 1454 1322 1492 ipsius
1339 1453 1477 1483 ecclesie
1495 1453 1754 1492 quadregismali
1772 1458 1916 1492 tempore
1934 1454 2159 1490 interfuerint,
2178 1456 2228 1485 di-

1215 1507 1358 1536 vidatur.
1373 1506 1486 1536 Altera
1502 1516 1578 1536 vero
1594 1507 1754 1536 medietas
1770 1507 1805 1535 in
1822 1516 1902 1537 usus
1920 1508 2103 1538 infirmarie
2120 1513 2227 1538 vestre

1216 1558 1278 1587 filii
1294 1559 1394 1588 abbas
1416 1563 1447 1588 et
1468 1563 1660 1593 conventus,
1679 1559 1809 1597 integra
1826 1564 2047 1590 convertatur.
2069 1561 2227 1591 Sacerdos

1217 1621 1347 1650 quoque
1374 1612 1601 1641 instituendus
1624 1612 1657 1641 in
1682 1612 1822 1642 ecclesia
1845 1613 1883 1643 de
1909 1613 2018 1643 Lewis
2042 1615 2170 1651 prefata
2192 1615 2227 1644 in

1213 1664 1381 1703 jamdictis
1408 1664 1558 1694 ecclesiis
1585 1665 1848 1702 dependentibus
1879 1665 1961 1695 alios
1990 1666 2144 1696 instituat
2170 1676 2227 1704 pro

1216 1721 1361 1754 tempore
1385 1717 1571 1746 sacerdotes
1594 1717 1651 1755 qui
1668 1717 1855 1746 deserviant
1873 1718 1907 1746 in
1926 1718 2061 1753 eisdem,
2079 1719 2172 1748 vobis
2189 1719 2228 1748 de

1216 1769 1406 1808 huiusmodi
1430 1769 1614 1799 redditibus
1633 1770 1849 1799 ecclesiarum
1869 1770 2126 1808 dependentium
2145 1781 2226 1810 quos

1215 1823 1303 1852 idem
1320 1822 1497 1852 investitus
1515 1826 1550 1851 ut
1564 1822 1688 1852 dictum
1703 1827 1751 1852 051
1769 1822 1894 1852 solebat
1910 1824 2077 1861 percipere
2092 1832 2228 1861 respon-

1217 1875 1304 1910 suri,
1322 1879 1418 1913 prout
1434 1875 1469 1903 in
1486 1875 1607 1905 litteris
1625 1875 1770 1913 ejusdem
1794 1875 1938 1913 episcopi
1960 1885 2058 1913 super
2073 1875 2134 1905 hoc
2151 1885 2229 1905 con-

1215 1928 1312 1958 fectis
1335 1928 1456 1958 dicitur
1471 1928 1603 1966 plenius
1621 1929 1796 1958 contineri.
1816 1928 1877 1959 Cui
1895 1929 2096 1958 ordinationi
2115 1929 2226 1958 dilecti

1216 1980 1278 2010 filii
1294 2004 1328 2016 ..,
1347 1981 1541 2010 Leodiensis
1561 1980 1695 2015 electus,
1716 1981 1859 2018 episcopi
1873 1981 2023 2019 jamdicti
2043 1990 2224 2011 successor.

1217 2037 1247 2064 et
1267 2057 1299 2069 ..,
1318 2033 1572 2063 archidiaconus
1591 2033 1669 2068 loci,
1691 2034 1775 2063 sicut
1793 2033 1954 2063 asseritur
1974 2038 2224 2063 consenserunt.

1217 2087 1286 2116 Nos
1309 2086 1423 2124 igitur,
1446 2086 1566 2116 vestris
1586 2086 1740 2124 precibus
1764 2090 1964 2121 annuentes,
1983 2086 2226 2115 ordinationem

1216 2138 1409 2178 hujusmodi
1425 2143 1529 2168 ratam
1546 2138 1706 2168 habentes
1722 2144 1752 2168 et
1768 2142 1909 2175 gratam,
1926 2138 2016 2167 illam
2032 2138 2225 2168 auctoritate

1218 2192 1397 2230 apostolica
1435 2192 1670 2222 confirmamus
1703 2195 1763 2221 etc.
1797 2200 1901 2229 usque
1933 2201 1938 2219 :
1968 2190 2224 2220 communimus.

1216 2244 1309 2274 Nulli
1338 2248 1398 2274 etc.
1427 2250 1538 2274 nostre
1564 2243 1825 2273 confirmationis
1859 2248 1916 2272 etc.
1948 2244 2021 2272 Dat.
2052 2243 2222 2278 Laterani,

1216 2297 1279 2327 XV
1295 2296 1453 2326 kalendas
1471 2296 1643 2326 februarii.
1662 2304 1748 2326 anno
1765 2295 1920 2325 secundo.
1942 2308 1953 2321 n

1288 2519 1401 2548 1132

1250 2587 1465 2614 Archidiacono
1482 2587 1625 2614 Brixiensi
1643 2587 1771 2617 mandat,
1790 2589 1820 2612 ut
1835 2585 1976 2618 Gerardo,
1994 2585 2133 2612 canonico
2154 2584 2226 2611 Cre-

1215 2635 1361 2668 monensi,
1378 2637 1464 2670 cujus
1488 2638 1568 2670 pater
1582 2635 1738 2669 A[n1dreas
1753 2634 1788 2660 de
1803 2634 1904 2660 Trecio
1927 2642 1977 2668 pro
2000 2633 2152 2660 devotione
2167 2632 2226 2659 Ec-

1215 2685 1320 2712 clesiae
1345 2692 1395 2718 per
1425 2683 1568 2718 quondam
1598 2683 1795 2717 Fi-[edericum
1820 2682 1856 2717 111
1884 2682 1993 2709 dudum
2022 2683 2225 2716 imperatorem

1216 2732 1408 2767 ignominiose
1424 2732 1541 2758 occisus
1557 2731 1664 2764 fuerat,
1681 2733 1706 2765 ej
1714 2740 1745 2757 us
1762 2731 1827 2757 filiis.
1843 2730 1927 2757 bonis
1948 2730 2084 2756 omnibus
2099 2729 2226 2755 destitu-

1216 2781 1262 2812 tis,
1275 2781 1392 2815 quique,
1409 2779 1444 2805 de
1460 2779 1592 2806 mandato
1610 2779 1782 2812 [Innocentii
1798 2778 1848 2812 IV]
1868 2787 1956 2813 papae
1972 2777 2223 2812 archipresbytero

1216 2833 1244 2855 et
1260 2829 1357 2855 multis
1375 2828 1438 2854 aliis
1454 2827 1601 2854 canonicis
1621 2827 1866 2862 Pergamensibus
1885 2826 2030 2860 sigillatim
2047 2828 2179 2858 ostenso,
2198 2823 2226 2850 in

1216 2877 1386 2903 canonicum
1406 2876 1629 2910 Pergamensem
1648 2879 1781 2910 receptus
1798 2875 1863 2908 suit,
1882 2874 2045 2909 praebenda
2059 2876 2154 2900 autem
2170 2872 2225 2899 alio

1770 2519 1888 2553 Lau-an,
1909 2519 1938 2545 12
1954 2519 2059 2545 sevi-ier
2077 2519 2154 2546 1256.
