2498 3325
119 952 132 965 δ

954 232 1184 270 DEUXIEME
1206 232 1366 269 ANNEE.
2153 243 2205 272 341

153 310 396 343 Innocentium.
405 309 734 347 divinaprovidentia
743 316 907 338 summum
917 306 1117 345 pontificem,

153 362 321 400 obligandi
344 362 507 400 predictos
530 361 681 391 abbatem
704 365 733 391 et
761 364 960 390 convent-um
983 363 1013 389 et
1034 358 1119 388 bona

154 415 233 444 dicti
244 414 438 444 monasterii
454 414 495 443 ad
510 414 631 444 dictam
645 413 865 452 quantitatem
876 417 964 442 certo
978 411 1120 442 termino

155 467 216 497 sub
231 476 316 505 pena
338 466 546 501 solvendam.
570 470 666 504 prout
688 466 720 495 in
746 465 868 495 litteris
891 465 1017 494 domini
1039 472 1120 502 pape

155 520 272 550 exinde
299 520 458 550 confectis
488 529 562 550 cum
589 529 665 549 vera
692 519 781 549 bulla
805 519 959 557 plumbea
985 518 1120 547 bullatis

154 573 286 611 plenius
302 573 501 606 continetur,
515 581 654 610 quarum
671 576 764 601 tenor
780 571 922 601 inferius
939 571 1122 600 subicietur

157 625 195 654 de
218 624 317 654 verbo
342 624 383 653 ad
409 624 560 659 verbum,
587 624 777 662 Raynerius
800 623 933 653 nomine
959 623 1122 652 dictorum

157 676 286 706 abbatis
309 681 339 706 et
366 680 547 706 conventus
572 675 695 714 recepit
722 676 763 705 ad
785 676 914 705 firmam
940 676 980 704 ad
1006 684 1122 713 perpe-

156 733 250 758 tuum
266 728 346 758 dicti
360 729 498 758 rectoris
519 728 693 758 ecclesiam
714 733 929 758 memoratam
952 737 969 757 a
990 728 1122 757 domino

158 780 293 815 Vetulo,
317 784 443 810 rectore
466 780 604 810 ecclesie
623 781 729 810 sancti
747 781 915 810 Ambrosii
931 780 970 810 de
991 781 1120 815 Parma,

157 838 368 871 procuratore
398 833 477 862 dicti
501 834 639 863 rectoris
666 833 808 863 habente
836 834 876 863 ad
899 833 961 863 hoc
985 833 1123 862 manda-

158 891 227 916 tum
264 886 303 916 ab
336 886 426 924 ipso,
459 887 553 925 cujus
584 890 676 916 tenor
708 886 851 916 inferius
888 886 1121 921 annotabitur,

156 948 215 977 pro
247 942 379 968 centum
409 942 439 968 et
470 938 590 976 viginti
627 938 774 976 quinque
807 939 928 968 marcis
951 938 1123 968 'bonorum

156 1000 316 1021 novorum
348 995 378 1020 et
408 991 566 1029 legalium
589 990 846 1028 Sterlingorum,
882 990 1039 1020 tredecim
1071 999 1124 1019 so-

152 1044 231 1073 lidis
271 1047 302 1073 et
337 1048 479 1082 quatuor
521 1043 697 1081 Sterlingis
733 1052 791 1081 pro
826 1052 937 1073 marca
976 1043 1124 1081 qualibet

155 1098 395 1136 computandis.
423 1097 591 1128 solvendis
616 1106 634 1127 a
654 1097 835 1127 nominatis
851 1097 969 1127 abbate
991 1101 1022 1127 et
1045 1106 1123 1126 con-

154 1154 256 1180 ventu
281 1150 427 1188 quolibet
455 1158 542 1179 anno
567 1150 601 1179 in
624 1150 708 1179 festo
735 1150 824 1179 beati
848 1149 1013 1180 „Iohannis
1037 1150 1123 1187 Bap-

154 1203 232 1232 tiste
255 1202 436 1232 Londoniis
459 1202 545 1240 apud
566 1203 697 1232 Novum
717 1202 900 1240 Templum.
919 1202 1031 1232 Prima
1046 1211 1123 1232 vero

155 1255 275 1285 solutio
301 1255 407 1293 ipsius
436 1255 576 1292 pecunie
601 1254 639 1284 de
666 1255 761 1283 firma
789 1255 936 1292 predicta
966 1254 1038 1284 fieri
1068 1254 1123 1283 de-

156 1307 211 1338 bet
224 1307 331 1345 prima
350 1307 421 1336 vice
443 1307 479 1336 in
496 1307 580 1336 festo
599 1307 747 1344 proximo
765 1307 877 1336 futuro
892 1307 981 1336 beati
997 1307 1124 1337 Johan-

158 1360 212 1389 nis
235 1359 385 1397 Baptiste
410 1359 496 1397 apud
519 1360 650 1389 Novum
671 1359 842 1397 Templum
864 1359 1122 1394 Londoniarum,

156 1412 192 1441 in
227 1420 313 1441 anno
350 1411 476 1441 domini
507 1411 724 1442 M⁰CC⁰LIII⁰.
757 1416 787 1441 et
823 1412 941 1441 deinde
978 1412 1125 1450 quolibet

157 1473 244 1494 anno
261 1464 455 1493 tantundem
471 1465 506 1493 in
525 1464 639 1494 eodem
655 1464 725 1494 loco
741 1468 772 1494 et
787 1465 883 1494 festo.
901 1465 1059 1494 Promisit
1076 1465 1124 1494 in-

158 1526 257 1555 super
274 1517 381 1546 dictus
398 1517 588 1555 Raynerius
605 1517 774 1546 nominato
787 1517 992 1555 procuratori
1005 1518 1126 1555 prefati

158 1569 296 1600 rectoris
313 1569 447 1599 nomine
469 1569 644 1607 recipienti
666 1573 695 1599 et
714 1569 821 1599 eidem
841 1570 960 1599 rectori
976 1579 1034 1607 per
1051 1579 1126 1600 eum

160 1622 388 1660 sollempniter
410 1621 584 1660 stipulanti
607 1631 652 1656 se,
674 1622 807 1652 nomine
823 1622 1045 1660 predictorum
1069 1623 1126 1651 ab-

159 1675 246 1705 batis
263 1678 294 1704 et
318 1679 514 1709 conventus,
534 1678 565 1704 et
580 1675 669 1712 ipsos
693 1674 843 1704 abbatem
861 1679 892 1705 et
914 1679 1123 1705 conventum.

160 1727 198 1758 de
222 1727 359 1766 speciali
383 1727 578 1756 auctoritate
602 1727 727 1756 domini
751 1736 831 1765 pape
855 1727 941 1756 dicto
970 1736 1127 1765 procura-

160 1779 223 1810 tori
244 1780 278 1808 in
302 1779 363 1809 hac
383 1783 475 1817 parte
496 1788 663 1814 concessa,
679 1779 845 1809 soluturos
863 1789 921 1817 pro
942 1779 1037 1809 firma
1052 1788 1127 1817 pre—

160 1832 247 1862 dicta
271 1831 450 1870 prelibatas
477 1836 608 1862 centum
635 1836 666 1861 et
690 1832 809 1869 viginti
830 1832 977 1870 quinque
997 1841 1126 1862 marcas

160 1886 397 1923 sterlingorum
425 1885 495 1915 loco
528 1889 557 1915 et
590 1885 732 1914 termino
762 1885 916 1923 superius
947 1886 1126 1915 annotatis.

160 1938 318 1969 Promisit
339 1938 439 1968 etiam
462 1938 569 1967 dictus
586 1942 789 1976 procurator,
808 1938 847 1967 ab
865 1938 978 1968 eodem
995 1939 1127 1967 domino

160 2001 244 2030 papa
259 1992 324 2030 ipsi
340 1991 510 2030 Raynerio
525 1991 565 2020 ad
580 1991 641 2020 hoc
657 1995 818 2029 potestate
835 2000 1002 2024 concessa.
1022 1992 1128 2021 nomi-

161 2049 237 2074 nato
253 2044 459 2083 procuratori
477 2043 583 2082 ipsius
600 2043 738 2073 rectoris
754 2044 889 2073 nomine
906 2044 1080 2082 recipienti
1098 2049 1129 2074 et

161 2106 220 2128 suo
237 2106 273 2127 ac
294 2097 400 2135 ipsius
417 2096 551 2125 nomine
573 2095 747 2134 stipulanti
769 2105 888 2134 penam
906 2096 1026 2134 viginti
1042 2106 1130 2126 mar-

161 2159 274 2180 carum
287 2149 523 2186 sterlingorum
540 2157 699 2178 novorum
712 2157 770 2186 pro
784 2148 932 2187 qualibet
945 2149 1130 2179 cessatione

161 2203 190 2233 si
201 2202 382 2241 predictam
392 2201 611 2240 quantitatem
622 2201 763 2239 pecunie
775 2210 875 2239 supra
886 2202 1051 2239 expressis
1060 2202 1130 2232 loco

162 2259 193 2285 et
204 2254 346 2284 termino
356 2262 421 2283 non
432 2252 591 2283 solverint.
601 2252 701 2283 abbas
712 2257 743 2283 et
754 2257 935 2284 conventus
944 2255 1130 2284 memorati.

162 2307 322 2338 Promisit
338 2306 438 2336 etiam
455 2306 562 2336 dictus
577 2306 779 2344 Raynerius,
794 2306 942 2344 ipsorum
957 2307 1086 2337 abbatis
1101 2311 1132 2337 et

163 2364 345 2391 conventus
358 2359 503 2393 nomine,
519 2358 696 2388 refundere
710 2362 741 2388 et
754 2362 942 2389 restaurare
954 2368 1068 2389 omnes
1082 2369 1132 2389 ex-

163 2422 283 2452 pensas
307 2417 339 2442 et
361 2412 503 2450 dampna
526 2420 562 2441 ac
588 2411 762 2447 interesse.
787 2420 850 2450 que
872 2411 943 2449 ipse
960 2416 1066 2441 rector
1082 2412 1133 2442 vel

164 2467 235 2506 ejus
252 2465 395 2496 nuncius
417 2468 549 2503 propter
565 2464 712 2503 predicta
733 2473 791 2494 seu
813 2464 986 2494 occasione
1004 2464 1134 2503 predic-

164 2523 273 2549 torum
289 2517 469 2547 incurrerit
486 2516 538 2546 vel
555 2516 764 2551 sustinuerit,
778 2525 876 2555 super
890 2517 1011 2555 quibus
1025 2517 1133 2555 damp—

167 2571 230 2607 nis,
247 2570 400 2608 expensis
417 2574 447 2600 et
464 2570 627 2599 interesse
641 2569 857 2599 restituendis
874 2569 1019 2608 simplici
1036 2570 1134 2599 verbo

166 2624 272 2663 ipsius
292 2622 430 2653 rectoris
454 2621 503 2652 vel
529 2622 599 2660 ejus
618 2621 841 2659 procuratoris
862 2626 917 2652 aut
934 2622 1049 2652 nuncii
1066 2631 1135 2653 me-

166 2676 284 2707 morati
301 2675 402 2706 abbas
418 2679 449 2705 et
465 2678 647 2704 conventus
664 2678 776 2704 sancte
795 2674 899 2704 Mai-ie
916 2675 1135 2705 Eboracensis

168 2729 300 2759 credere
324 2731 475 2758 teneatur
499 2727 570 2756 sine
595 2726 732 2756 alterius
752 2735 851 2757 onere
874 2726 1079 2764 probationis
1106 2731 1135 2756 et

169 2781 279 2820 aliqua
295 2789 393 2810 cause
403 2779 592 2817 cognitione
603 2779 766 2817 ctjudicis
781 2779 963 2814 taxatione;
979 2783 1009 2809 et
1021 2788 1135 2809 omnes

169 2835 297 2869 domos,
325 2833 495 2871 grangias.
525 2832 643 2866 libros.
670 2836 878 2865 ornamenta.
906 2831 1089 2861 cancellum
1106 2835 1137 2861 et

169 2887 281 2917 omnia
307 2886 371 2916 alia
404 2886 443 2915 ad
475 2883 594 2915 dictam
625 2884 799 2914 ecclesiam
825 2885 1008 2923 spectantia
1036 2884 1134 2913 iidem

1204 316 1217 330 ))

1205 368 1217 383 ὶ)

1205 421 1218 435 ))

1206 473 1218 487 ))

1243 304 1344 335 abbas
1367 309 1398 335 et
1420 311 1601 336 conventus
1623 307 1865 337 conservabunt
1881 307 1991 342 illesa,
2011 312 2041 337 et
2065 308 2210 337 sustine-

1243 357 1336 392 bunt,
1354 358 1465 387 omnia
1481 367 1581 388 onera
1600 359 1706 396 ipsius
1726 359 1863 389 ecclesie
1880 359 1990 389 debita
2006 363 2036 389 et
2053 364 2209 389 consueta

1243 410 1505 440 extraordinaria
1523 420 1599 440 vero
1616 421 1679 449 que
1693 412 1733 441 ad
1748 412 1871 441 dictum
1887 416 2049 442 rectorem
2064 412 2211 450 pertine-

1243 462 1325 491 bunt
1342 465 1373 491 et
1389 463 1512 492 facient
1530 463 1609 493 dicti
1626 463 1726 493 abbas
1743 468 1773 493 et
1793 468 1974 494 conventus
1991 464 2055 502 ipsi
2072 464 2211 494 ecclesie

1243 523 1301 552 per
1317 514 1525 552 capellanum
1548 520 1578 545 et
1599 516 1736 545 clericos
1758 516 1894 546 idoneos
1910 517 2071 546 deserviri
2093 517 2211 547 decen-

1246 570 1305 596 ter.
1323 567 1479 596 Preterea
1490 568 1642 605 promisit
1658 568 1766 597 dictus
1780 574 1983 605 procurator,
1999 570 2147 607 ipsorum
2158 569 2210 598 ab·

1245 619 1331 649 batis
1348 623 1378 649 et
1399 624 1580 650 conventus
1605 621 1748 656 nomine,
1769 622 1856 659 quod
1874 622 1911 651 de
1930 622 2160 660 quinquennio
2176 623 2210 651 in

1246 673 1515 711 quinquennium
1535 673 1675 711 predicti
1696 673 1796 703 abbas
1820 678 1851 703 ct
1870 679 2050 704 conventus
2074 684 2211 704 renova-

1245 725 1328 754 bunt
1350 725 1411 754 hoc
1433 726 1694 756 instrumentum
1710 726 1750 756 ad
1765 726 1967 756 voluntatem
1986 727 2064 756 dicti
2087 727 2212 756 domini

1246 777 1375 807 Alberti
1395 778 1446 808 vel
1469 778 1521 807 sui
1539 779 1782 816 procurator-153
1806 779 1903 817 quod.
1922 779 1949 808 si
1968 780 2076 809 facere
2093 789 2212 809 renue-

1246 830 1324 864 rint,
1339 830 1457 859 cadant
1473 830 1507 859 in
1523 839 1642 868 penam
1656 834 1789 860 centum
1801 830 1962 860 librarum
1978 831 2212 869 sterlingorum

1246 891 1407 911 novorum
1423 883 1550 920 prefato
1567 883 1700 912 domino
1715 883 1850 912 Alberto
1866 883 1918 913 vel
1933 892 1992 913 suo
2009 884 2213 921 procuratori

1247 935 1287 964 ad
1311 944 1406 964 suam
1428 935 1632 965 voluntatem
1655 935 1727 965 sine
1747 935 1859 974 aliqua
1877 936 2065 966 conditione
2089 935 2214 974 persol-

1245 988 1398 1017 vendam.
1413 988 1507 1024 Quod
1520 988 1619 1017 etiam
1633 988 1721 1018 idem
1734 992 1926 1026 procurator
1941 990 2067 1026 prefato
2082 988 2214 1018 domino

1245 1040 1364 1070 Vetulo
1388 1049 1447 1070 suo
1471 1044 1501 1070 et
1527 1040 1606 1069 dicti
1629 1041 1766 1070 rectoris
1794 1041 1928 1070 nomine
1951 1041 2124 1078 stipulanti
2149 1041 2214 1070 sol-

1245 1092 1423 1131 lempniter
1439 1093 1639 1131 repromisit.
1659 1093 1694 1123 Si
1710 1102 1786 1123 vero
1804 1093 1911 1123 dictus
1930 1097 2036 1123 rector
2054 1102 2111 1131 per
2126 1093 2215 1123 ordi—

1246 1146 1378 1175 narium
1396 1146 1459 1175 loci
1483 1146 1618 1184 aliquod
1639 1146 1818 1184 dampnum
1838 1147 2010 1176 occasione
2031 1147 2124 1176 firme
2140 1156 2215 1184 pre-

1247 1199 1332 1228 dicte
1354 1199 1533 1228 incurrerit
1560 1199 1629 1228 sive
1655 1199 1869 1234 sustinuerit,
1894 1200 2001 1229 dictus
2023 1203 2215 1237 procurator

1246 1251 1410 1290 promisit,
1425 1252 1573 1289 ipsorum
1590 1251 1719 1281 abbatis
1732 1256 1762 1281 et
1776 1256 1957 1281 conventus
1970 1253 2114 1287 nomine⁷
2129 1252 2215 1290 quod

1248 1313 1345 1334 omne
1366 1304 1545 1342 dampnum
1563 1305 1723 1342 recipient
1746 1314 1844 1342 super
1859 1305 1948 1343 ipsos
1966 1309 1997 1335 et
2019 1305 2128 1343 ipsum
2144 1314 2215 1335 rec-

1247 1360 1351 1387 torem
1377 1357 1588 1394 indempnem
1617 1357 1860 1386 conservabunt
1890 1361 1919 1386 et
1948 1357 2089 1394 singulis
2119 1357 2215 1386 annis

1247 1409 1375 1440 solvent
1390 1410 1497 1439 eidem
1514 1409 1646 1439 domino
1662 1409 1796 1439 Alberto
1812 1409 1863 1439 vel
1881 1410 1952 1448 ejus
1969 1410 2091 1439 nuncio
2109 1410 2212 1440 dictas

1247 1467 1378 1492 centum
1397 1466 1427 1492 et
1446 1461 1565 1499 viginti
1579 1462 1727 1500 quinque
1746 1470 1873 1491 marcas
1891 1462 2126 1499 sterlingorum
2140 1462 2212 1492 sine

1247 1515 1359 1553 aliqua
1375 1515 1614 1544 diminutione.
1636 1518 1732 1552 prout
1755 1515 1908 1552 superius
1928 1519 1976 1544 est
1995 1524 2187 1553 expressum
2205 1525 2210 1543 z

1247 1577 1305 1605 pro
1328 1567 1450 1605 quibus
1466 1566 1620 1596 omnibus
1639 1571 1669 1596 ct
1695 1567 1837 1604 singulis
1858 1567 2058 1605 supradictis
2074 1567 2214 1597 firmiter

1247 1619 1464 1649 observandis
1474 1623 1504 1648 et
1512 1619 1732 1657 adimplendis
1741 1619 1900 1657 plenarie=
1909 1619 2215 1658 dictusprocurator

1249 1682 1295 1707 se.
1306 1672 1533 1710 procuratorio
1543 1672 1676 1701 nomine
1685 1681 1742 1710 pro
1752 1672 1849 1702 dictis
1862 1672 1979 1702 abbate
1994 1677 2024 1702 et
2038 1676 2212 1704 conventu.

1249 1733 1377 1755 necnon
1391 1729 1421 1754 et
1436 1724 1525 1762 ipsos
1538 1724 1690 1754 abbatem
1704 1729 1734 1753 et
1751 1729 1949 1754 conventum
1966 1728 1996 1754 et
2008 1733 2215 1754 successores

1249 1786 1362 1807 eorum
1375 1781 1406 1807 et
1426 1777 1665 1806 monasterium
1679 1777 1788 1814 ipsum
1800 1777 1945 1814 predicto
1958 1777 2078 1807 rectori
2091 1777 2216 1815 princi—

1249 1830 1340 1868 pales
1361 1838 1520 1867 personas
1542 1828 1715 1858 constituit
1735 1829 1900 1859 debitores
1924 1834 1955 1859 et
1980 1833 2163 1867 pagatores‚
2185 1834 2215 1859 et

1249 1883 1339 1920 ipsos
1361 1882 1512 1911 abbatem
1539 1885 1569 1911 et
1594 1885 1791 1910 conventum
1814 1886 1844 1910 et
1868 1882 1979 1911 onmia
1998 1882 2084 1911 bona
2110 1882 2216 1920 ipsius

1250 1934 1446 1965 monasterii
1458 1933 1596 1963 mobilia
1608 1938 1638 1963 et
1650 1933 1846 1967 immobilia..
1862 1934 2030 1971 presentia
2046 1938 2076 1963 et
2092 1935 2214 1963 futura.

1251 1987 1488 2019 ecclesiastica,
1504 1986 1669 2015 mundana
1688 1990 1718 2015 et
1735 1985 1927 2024 temporalia
1943 1986 2088 2024 predicto
2104 1996 2217 2024 procu-

1251 2040 1354 2070 ratori
1377 2039 1484 2077 ipsius
1507 2039 1644 2069 rectoris
1667 2039 1801 2068 nomine
1820 2039 1993 2077 recipienti
2012 2039 2169 2076 obligavit
2189 2043 2219 2068 et

1252 2092 1469 2123 renuntiavit.
1493 2092 1579 2122 Sane
1600 2091 1634 2120 in
1656 2091 1828 2128 premissis
1847 2090 2000 2119 omnibus
2017 2091 2124 2119 dictus
2145 2099 2220 2128 pro-

1253 2149 1403 2180 curator,
1426 2144 1652 2182 procuratorio
1682 2143 1815 2172 nomine
1843 2143 2005 2172 dictorum
2035 2143 2164 2172 abbatis
2187 2147 2217 2173 et

1254 2202 1436 2228 conventus
1454 2201 1484 2227 et
1500 2205 1730 2226 successorum
1755 2204 1905 2229 suorum,
1926 2195 2017 2224 omni
2029 2195 2115 2233 juris
2131 2200 2162 2225 et
2176 2195 2219 2225 le-

1255 2260 1332 2289 gum
1355 2249 1489 2284 auxilio.
1508 2249 1659 2278 canonici
1679 2253 1709 2278 et
1726 2248 1835 2277 civilis
1852 2248 2086 2277 consuetudini
2103 2252 2133 2278 et
2153 2252 2220 2278 sta-

1255 2307 1336 2337 tuto,
1362 2302 1537 2340 privilegio
1560 2301 1623 2331 fori
1648 2301 1809 2330 beneficio
1832 2300 2054 2330 restitutionis
2078 2301 2111 2329 in
2135 2301 2221 2331 inte-

1256 2364 1351 2394 grum
1387 2359 1418 2385 et
1455 2354 1609 2384 omnibus
1647 2353 1942 2383 constitutionilms
1983 2353 2220 2392 cujuscumque

1254 2408 1356 2445 legati
1377 2407 1554 2445 apostolice
1579 2406 1684 2441 Sedis,
1714 2406 1868 2435 omnibus
1890 2405 2078 2443 apostolicis
2100 2405 2221 2435 litteris

1256 2465 1287 2491 et
1303 2460 1522 2497 indulgentiis
1539 2468 1557 2488 a
1573 2459 1655 2489 Sede
1673 2458 1851 2496 apostolica
1867 2458 2053 2496 impetratis
2069 2466 2105 2487 ac
2121 2458 2221 2487 etiam

1255 2511 1484 2551 impetrandis,
1504 2510 1735 2540 constitutioni
1752 2510 1790 2540 de
1813 2510 1940 2539 duabus
1963 2510 2062 2539 dietis
2083 2510 2169 2539 edite
2186 2510 2221 2539 in

1257 2565 1397 2596 concilio
1414 2564 1572 2602 generali,
1591 2572 1656 2602 qua
1673 2572 1737 2593 non
1758 2563 1909 2592 obstante
1927 2562 2034 2591 dictus
2050 2566 2156 2591 rector
2171 2562 2224 2592 vel

1257 2619 1328 2658 ejus
1352 2617 1495 2647 nuncius
1519 2621 1717 2646 memoratos
1738 2616 1889 2645 abbatem
1916 2620 1945 2644 ct
1969 2619 2166 2644 conventum
2192 2619 2223 2645 et

1257 2679 1466 2701 successores
1485 2678 1573 2703 suos,
1595 2674 1766 2707 presentes
1780 2668 1831 2697 vel
1849 2668 2002 2697 absentes
2017 2676 2035 2696 a
2050 2667 2130 2702 loco,
2148 2667 2223 2697 ubi-

1257 2724 1349 2758 libet.
1374 2732 1484 2752 coram
1506 2731 1713 2760 quocumque
1733 2721 1844 2759 judice
1865 2721 2032 2750 ordinario
2052 2720 2100 2750 vel
2125 2720 2223 2750 etiam

1258 2770 1407 2813 delegato
1429 2783 1527 2813 super
1550 2773 1722 2812 premissis
1743 2773 1872 2803 trahere
1895 2773 1927 2801 in
1946 2781 2079 2801 causam
2098 2772 2223 2810 possint

1259 2833 1289 2859 et
1308 2828 1411 2857 libere
1429 2827 1605 2856 convenire
1623 2831 1653 2856 et
1671 2826 1825 2855 omnibus
1845 2825 2104 2863 exceptionibus,
2122 2825 2224 2854 actio-

1260 2881 1358 2911 nibus
1378 2884 1408 2910 ct
1425 2879 1676 2909 defensionibus
1698 2878 1929 2917 personalibus
1950 2883 1978 2907 ct
1999 2877 2143 2907 realibus
2161 2887 2224 2915 que
