2498 3325
1022 210 1252 247 DEUXIEME
1275 208 1434 247 ANNEE.
2222 218 2279 248 487

185 295 198 310 »
223 283 299 313 licet
316 284 349 312 in
367 284 451 314 sesto
467 283 554 313 beati
572 283 717 321 Remigii
734 283 853 321 viginti
870 283 1007 318 solidos,
1026 283 1061 312 in
1078 282 1189 313 Natali

186 349 198 363 »
223 337 356 366 Domini
373 337 491 374 viginti
508 336 640 372 solidos,
663 337 698 366 in
722 337 847 367 Pascha
866 337 985 374 viginti
1005 336 1138 371 solidos,
1160 340 1190 366 et

185 401 197 415 υ
222 389 354 419 infesto
367 389 551 419 nativitatis
564 389 652 419 beati
665 389 830 419 ,Iohannis
844 389 991 427 Baptiste
1004 389 1122 427 viginti
1138 398 1191 419 so-

186 453 198 468 »
223 441 323 476 lidos,
347 451 446 479 super
462 442 556 472 domo
573 442 721 480 predicta
738 446 767 471 et
786 443 856 481 ejus
877 442 1089 480 pertinentiis
1108 452 1114 470 :
1133 441 1191 471 tali

185 506 199 520 »
224 499 317 532 pacto
333 494 367 523 in
385 499 554 524 contractu
572 495 764 534 hujusmodi
781 495 920 534 adjecto.
940 495 1036 533 quod,
1058 495 1086 523 si
1105 494 1193 524 dicta

186 559 198 573 »
224 547 351 582 domus,
372 548 407 576 in
431 557 496 586 qua
515 548 578 586 ipsi
600 557 687 577 nunc
714 552 865 583 manent,
891 557 1088 586 quocunque
1114 557 1193 577 casu

186 612 198 626 »
225 600 449 637 contingente,
464 601 503 630 ad
519 601 718 631 solutionem
734 605 763 630 et
779 601 1014 638 prestationem
1030 600 1194 630 dictarum

187 665 199 679 »
226 658 367 691 quatuor
383 653 544 683 librarum
564 654 809 684 Parisieusium
828 663 892 683 non
911 654 1086 687 sufficeret,
1107 653 1195 682 dicta

188 718 200 731 »
226 706 366 735 socfflas
383 707 451 736 sive
466 711 694 745 procuratores
709 707 826 744 ipsius,
843 715 1012 736 recursum
1027 706 1196 735 habebunt

188 771 200 785 ιι
226 760 264 789 ad
279 760 398 789 dictam
411 770 564 798 magnam
578 760 709 789 domum
723 760 882 798 ipsorum,
897 769 959 798 que
972 760 1035 788 suit
1047 759 1196 789 defuncti

188 824 200 837 »
226 812 398 842 Guillelmi
413 813 534 847 Picart,
550 821 608 850 pro
622 812 752 841 defectu
767 812 847 841 dicti
863 821 982 841 census
997 811 1148 841 habendo
1166 815 1196 841 et

189 877 201 890 n
227 865 439 902 percipiendo
458 865 593 900 ibidem,
613 865 900 903 quotienscunque
918 864 1065 894 defectus
1083 864 1195 900 suerit,

189 929 201 943 »
226 926 284 954 pro
302 918 474 955 sexaginta
490 922 520 948 et
538 917 695 947 tredecim
711 917 807 946 libris
821 917 1070 947 Parisiensibus
1088 925 1197 946 coram

189 982 202 996 »
227 970 323 1000 nobis
344 970 461 1000 solutis
481 975 510 1000 et
528 970 658 1000 traditis
678 970 813 1005 eisdem,
830 974 860 999 et
875 970 1100 1008 promiserunt
1119 970 1198 999 dicti

189 1034 202 1049 ³>
227 1022 399 1053 Johannes
416 1027 447 1053 et
464 1023 535 1062 ejus
551 1031 633 1052 uxor
646 1031 704 1060 pro
719 1031 752 1052 se
771 1027 801 1052 et
818 1022 996 1052 heredibus
1008 1022 1089 1057 suis,
1104 1031 1200 1060 spon-

190 1087 202 1101 »
228 1079 325 1105 tanea
342 1075 526 1110 voluntate,
545 1084 582 1105 ex
603 1079 692 1105 certa
711 1075 866 1109 scientia,
890 1075 952 1104 fide
971 1075 1109 1113 prestita
1127 1083 1199 1105 cor-

145 1121 149 1123 *
189 1140 202 1154 »
227 1127 384 1166 poraliter
406 1128 441 1157 in
458 1137 560 1158 manu
585 1133 708 1163 nostra,
734 1128 948 1166 stipulatione
971 1128 1122 1166 legitima
1146 1128 1199 1157 in-

190 1192 203 1207 »
230 1181 373 1220 tei-jecta,
390 1181 477 1220 quod
491 1186 604 1211 contra
619 1181 844 1211 venditionem
858 1181 1059 1220 hujusmodi,
1073 1181 1200 1211 ratione

191 1245 204 1259 ›>
229 1238 442 1272 conquestus.
459 1235 587 1264 ratione
605 1235 701 1264 dotis.
718 1235 906 1264 donationis
921 1239 1052 1272 propter
1067 1234 1199 1273 nuptias

191 1298 204 1311 »
230 1295 287 1315 seu
310 1286 375 1316 alio
393 1296 524 1325 quoquo
548 1287 642 1317 modo
666 1296 724 1325 per
747 1296 781 1317 se
798 1287 848 1317 vel
866 1296 922 1325 per
940 1287 1041 1316 alium
1059 1296 1124 1316 non
1145 1296 1200 1317 ve-

192 1351 204 1365 »
230 1339 323 1369 nient
340 1339 374 1368 in
397 1340 563 1374 futurum,
585 1345 615 1370 et
635 1340 721 1379 quod
738 1340 842 1369 dictas
860 1345 1001 1378 quatuor
1016 1339 1119 1370 libras
1142 1349 1202 1369 an-

193 1404 205 1418 »
232 1392 289 1421 nui
312 1392 459 1422 redditus
484 1394 689 1431 augmentati
713 1403 832 1423 census
851 1393 1021 1423 habendas
1043 1398 1074 1423 et
1094 1393 1201 1431 perci-

193 1457 205 1471 »
231 1446 379 1483 piendas,
419 1450 454 1475 ut
488 1447 673 1484 predictum
707 1451 772 1481 est,
805 1447 910 1477 eidem
946 1447 1097 1477 societati
1131 1447 1201 1477 sive

193 1509 205 1523 »
231 1498 410 1528 confratrie
441 1508 499 1528 seu
532 1499 802 1537 procuratoribus
836 1499 983 1538 ejusdcm
1017 1499 1202 1537 garentiza-

194 1562 205 1576 n
231 1550 324 1585 bunt,
342 1550 532 1581 liberabunt
549 1562 585 1582 ac
602 1552 730 1581 solvent
744 1552 784 1581 ad
800 1561 881 1581 usus
895 1556 925 1582 et
942 1552 1201 1582 consuetudines

193 1616 205 1629 »
232 1604 441 1634 Parisienses
469 1610 582 1635 contra
599 1614 730 1641 omnes,
750 1614 809 1635 nec
829 1614 894 1635 non
918 1610 948 1635 et
971 1605 1057 1644 quod
1074 1605 1203 1636 solvent

194 1668 206 1682 »
232 1656 339 1687 eidem
364 1657 514 1688 societati
536 1658 606 1688 sive
624 1658 894 1697 procuratoribus
919 1658 1066 1697 ejusdem
1090 1650 1202 1688 decem

195 1722 207 1735 »
232 1709 335 1739 libras
362 1711 616 1747 Parisiensium,
636 1711 770 1741 nomine
787 1720 886 1750 pene,
904 1721 972 1741 una
994 1721 1067 1741 cum
1084 1712 1200 1750 pretio,

195 1774 208 1788 »
233 1762 384 1800 dampnis
418 1772 454 1793 ac
490 1764 653 1794 interesse
685 1764 793 1802 ipsius
831 1764 1000 1794 societatis
1031 1765 1100 1794 sive
1128 1773 1203 1802 pro-

194 1828 206 1841 »
233 1820 421 1845 curatorum
443 1817 590 1856 ejusdem
614 1826 671 1855 per
699 1817 839 1855 simplex
861 1817 1088 1856 juramentum
1114 1817 1204 1855 ipso-

195 1880 207 1894 »
233 1877 306 1897 rum
336 1872 587 1906 procuratorum
624 1869 749 1908 absque
783 1869 977 1908 probatione
1007 1874 1038 1900 et
1075 1870 1204 1900 discus-

195 1933 208 1948 »
234 1921 326 1951 sione
344 1921 409 1951 alia
428 1921 648 1957 declarandis,
667 1922 695 1951 si
713 1922 940 1952 venditionem
957 1922 1149 1962 hujusmodi
1168 1923 1203 1952 in

195 1986 208 2000 »
235 1978 300 2003 toto
319 1974 370 2004 vel
389 1974 423 2004 in
440 1979 533 2013 parte
550 1975 681 2005 detrahi
701 1975 879 2013 contigerit
900 1975 951 2005 vel
971 1966 1083 2006 evinci
1096 1976 1204 2015 quoli-

195 2038 208 2053 »
234 2027 287 2056 bet
300 2036 419 2064 genere
431 2027 676 2058 retractationis
688 2027 739 2058 vel
751 2028 936 2064 evictionis,
950 2029 1157 2059 remittentes
1168 2038 1206 2059 ex

197 2091 209 2105 »
235 2088 322 2108 nunc
345 2079 451 2109 eidem
469 2080 619 2110 societati
641 2081 710 2110 sive
730 2081 909 2111 consratrie
935 2086 965 2111 et
984 2082 1207 2119 procuratori-

198 2144 210 2158 »
235 2132 296 2161 bus
314 2132 461 2170 ejusdem
478 2142 608 2163 omnem
622 2134 855 2164 necessitatem
872 2135 1092 2164 denuntiandi
1108 2144 1207 2173 super

199 2198 211 2211 »
236 2185 469 2215 retractatione
494 2185 544 2215 vel
569 2186 731 2216 evictione
754 2187 958 2226 hujusmodi.
985 2189 1125 2226 Insuper
1150 2197 1207 2226 pro

199 2250 211 2264 »
236 2238 409 2276 premissis
426 2239 581 2269 omnibus
599 2244 629 2269 et
647 2239 790 2277 singulis
805 2240 969 2275 tenendis,
987 2240 1208 2279 adimplendis

200 2304 212 2317 ))
238 2295 268 2319 et
293 2290 423 2328 plenius
441 2291 673 2327 observandis,
692 2292 770 2321 dicti
791 2292 962 2323 Johannes
980 2296 1010 2323 et
1027 2293 1098 2332 ejus
1115 2302 1206 2329 uxor,

200 2356 211 2371 n
238 2354 294 2382 pro
315 2353 349 2374 se
368 2349 398 2374 et
415 2345 594 2375 heredibus
611 2346 692 2380 suis,
714 2355 748 2376 se
765 2349 795 2375 et
812 2346 951 2376 heredes
971 2356 1048 2376 suos
1066 2356 1126 2377 nec
1144 2355 1209 2376 non

200 2409 212 2423 »
238 2402 266 2426 et
285 2397 417 2427 domum
432 2398 596 2436 quandam
615 2408 713 2437 quam
729 2398 863 2435 liabent,
879 2403 915 2429 ut
933 2399 1057 2435 dicunt⁴
1079 2400 1118 2429 ad
1135 2409 1210 2438 por-

200 2463 212 2476 »
240 2455 304 2479 tam
325 2450 363 2480 tle
388 2451 678 2480 Montemartirum
695 2451 730 2480 in
751 2451 838 2481 dicta
857 2452 1033 2490 parrochia
1050 2453 1138 2482 inter
1153 2453 1210 2482 do-

201 2515 213 2529 »
240 2512 329 2531 mum
353 2503 488 2533 Milonis
511 2505 600 2543 Faye
624 2509 654 2533 et
673 2504 804 2533 domum
825 2505 1002 2542 Reginaldi
1020 2505 1208 2544 Pelliparii,

202 2570 213 2582 »
239 2561 269 2585 et
288 2556 420 2585 (lonium
438 2557 619 2595 quandam,
645 2566 744 2596 quam
770 2557 893 2587 liabent
912 2558 952 2587 ad
970 2558 1111 2589 Crucem
1135 2563 1210 2588 ante

201 2622 214 2635 2»
240 2609 371 2637 storuuru
388 2609 552 2639 Johannis
573 2610 689 2647 Bignc,
707 2610 800 2649 juxta
816 2610 948 2639 domum
966 2611 1134 2649 Radulphi
1152 2612 1211 2641 Ri-

202 2674 214 2687 ›1
240 2662 331 2696 lueut,
351 2662 487 2700 etjuxta
511 2663 643 2691 domum
667 2663 799 2693 lticardi
822 2663 860 2693 de
877 2663 991 2700 Cruce,
1015 2674 1078 2703 que
1100 2664 1212 2694 omnia

203 2729 215 2740 ι»
242 2715 305 2743 >ita
322 2719 397 2743 sunt
415 2715 448 2743 in
471 2720 556 2745 terra
574 2720 603 2745 et
628 2716 760 2745 censiva
780 2720 901 2749 nostra,
923 2726 1031 2745 coram
1052 2717 1146 2746 nobis
1164 2718 1212 2747 ei-

205 2781 215 2793 »
241 2768 314 2796 dvm
333 2768 481 2797 societati
500 2768 560 2797 sul,
578 2769 639 2797 tide
657 2769 795 2806 prestita
810 2769 996 2806 obligarunt
1009 2793 1015 2805 ,
1034 2779 1068 2799 ac
1085 2770 1211 2808 obliga-

205 2833 216 2846 n
244 2825 291 2849 tos
316 2830 351 2849 ac
377 2821 521 2859 obligata
547 2822 753 2860 reliquerunt
775 2823 858 2851 nlicts·
879 2823 1029 2852 societati
1047 2827 1077 2853 et
1093 2833 1212 2861 procu-

202 2886 218 2900 »
244 2874 408 2903 raturilsus
435 2875 582 2913 ejusdem
606 2875 645 2903 ad
671 2885 750 2905 usus
775 2880 802 2905 et
831 2876 1091 2906 cousuvtudines
1118 2877 1212 2906 Pari-

1275 295 1287 309 »
1313 283 1451 313 sienses.
1464 284 1532 313 Nos
1547 293 1634 319 vero,
1649 284 1855 314 devotionem
1868 284 1973 323 ipsius
1986 286 2165 323 societatis,
2179 296 2278 325 quam

1274 347 1286 361 »
1312 336 1454 373 gloriose
1469 337 1601 374 Virgini
1619 337 1722 367 Mai-ie
1739 337 1944 375 impendunt,
1960 339 2167 369 attendentes
2185 344 2215 369 et
2229 348 2279 369 eo-

1275 401 1287 415 »
1312 398 1386 418 rum
1402 389 1562 419 laudabili
1580 390 1728 420 faventes
1746 390 1927 428 proposito,
1953 391 2099 429 predicta
2121 392 2233 421 onmia
2249 396 2281 422 et

1275 454 1287 467 »
1313 441 1443 479 singula
1460 441 1643 477 laudamus,
1664 442 1883 480 approbamus
1900 447 1930 472 et
1946 447 2017 472 rata
2032 443 2202 480 habemus,
2224 453 2280 474 vo-

1275 506 1288 520 »
1312 493 1418 524 lentes
1441 499 1471 524 et
1492 495 1709 524 concedentes
1731 495 1817 533 quod
1839 495 1926 525 dicta
1949 496 2088 526 societas
2112 497 2181 526 sive
2203 505 2281 527 con-

1276 559 1288 572 »
1314 547 1442 582 fratria,
1462 547 1502 576 ad
1518 547 1677 577 honorem
1697 552 1727 577 et
1744 547 1869 577 cultum
1884 548 2035 586 Virginis
2050 549 2153 579 Marie
2168 549 2206 579 de
2225 558 2281 579 vo-

1277 611 1289 626 »
1314 599 1441 630 luntate
1455 604 1568 629 nostra
1580 601 1735 630 instituta
1748 604 1778 629 et
1791 601 1953 630 ordinata.
1965 602 2128 639 predictas
2142 607 2283 640 quatuor

1278 664 1290 678 »
1315 651 1418 681 libras
1446 653 1654 682 Parisienses
1680 653 1783 682 annui
1811 653 1959 683 redditus
1979 654 2053 692 jure
2079 654 2284 692 augmentati

1278 717 1290 731 »
1317 714 1436 735 census
1453 714 1551 743 super
1568 705 1655 734 dicta
1669 705 1763 735 domo
1776 709 1806 735 et
1818 705 1888 744 ejus
1900 706 2111 744 pertinentiis
2127 712 2283 746 perpetuo

1278 770 1291 784 »
1319 762 1425 787 teneat
1444 761 1474 787 et
1491 758 1652 795 percipiat
1670 757 1785 792 libere,
1803 758 1940 795 pacifice
1958 762 1988 788 et
2005 759 2115 797 quiete
2132 760 2166 788 in
2184 769 2285 790 manu

1279 823 1291 836 »
1317 814 1457 841 mortua.
1483 810 1556 840 sine
1582 810 1750 840 coactione
1772 811 1937 840 vendendi
1962 815 2017 841 aut
2041 816 2131 842 extra
2151 822 2286 843 manum

1279 876 1292 890 »
1318 873 1412 893 suam
1428 863 1572 901 ponendi
1591 863 1624 892 in
1640 863 1802 892 futurum.
1816 864 1855 892 In
1871 864 1964 902 cujus
1979 865 2027 894 rei
2044 866 2238 895 memoriam
2255 869 2286 896 et

1280 929 1292 944 »
1319 916 1548 946 testimonium
1564 916 1612 945 rei
1632 920 1737 953 geste,
1757 920 1787 946 et
1804 920 1840 945 ut
1858 917 2021 954 premissa
2037 918 2148 947 omnia
2165 923 2196 948 et
2216 919 2287 948 sin-

1281 982 1293 997 n
1319 969 1396 1007 gula
1411 973 1567 1007 perpetue
1584 968 1685 998 robur
1699 969 1871 999 obtineant
1883 970 2061 1005 firmitatis,
2076 972 2287 1009 presentibus

1281 1034 1293 1049 n
1315 1022 1436 1052 litteris
1458 1021 1605 1059 sigillum
1623 1026 1772 1051 nostrum
1794 1022 1947 1052 duximus
1964 1024 2206 1061 apponendum.
2223 1025 2288 1054 Da-

1281 1088 1295 1102 »
1320 1079 1388 1104 tum
1406 1079 1436 1105 et
1455 1079 1563 1104 actum
1581 1083 1667 1104 anno
1685 1074 1819 1104 Domini
1836 1075 2039 1111 M0CC⁰LV1,
2057 1085 2171 1107 mense
2185 1077 2285 1116 junii,

1283 1140 1295 1155 »
1321 1128 1373 1158 die
1390 1127 1530 1158 Veneris
1548 1127 1583 1156 in
1599 1127 1715 1165 vigilia
1727 1127 1912 1158 nativitatis
1925 1128 2013 1158 beati
2026 1129 2191 1159 Johannis
2209 1131 2288 1169 Bap-

1283 1194 1295 1208 »
1323 1181 1409 1212 tiste.

2044 1255 2123 1282 Aout
2140 1257 2218 1284 1256.

1326 1329 1338 1344 »
1364 1316 1580 1354 Reginaldus,
1597 1316 1813 1346 miseratione
1829 1317 1943 1346 divina
1960 1317 2162 1353 Parisiensjs
2187 1319 2292 1349 eccle-

1284 1383 1297 1397 »
1323 1371 1371 1400 sie
1396 1370 1551 1400 minister
1577 1369 1750 1407 indignus,
1780 1369 1934 1400 omnibus
1958 1375 2128 1408 presentes
2161 1371 2290 1401 litteras

1285 1435 1297 1450 »
1322 1422 1535 1461 inspecturis,
1550 1426 1697 1452 eternam
1710 1422 1744 1451 in
1757 1422 1898 1452 Domino
1911 1422 2063 1453 salutem.
2079 1424 2202 1453 Notum
2213 1424 2292 1454 faci-

1285 1488 1298 1503 »
1324 1485 1397 1505 mus
1415 1475 1501 1514 quod
1520 1484 1578 1504 nos
1595 1475 1749 1505 denarios
1766 1475 1857 1505 curie
1880 1480 2002 1511 nostre,
2027 1476 2084 1514 qui
2107 1477 2141 1505 in
2164 1481 2292 1515 presta-

1286 1541 1298 1555 »
1324 1529 1413 1558 tione
1433 1528 1698 1567 juramentorum
1726 1537 1743 1557 a
1765 1528 2031 1567 quibuscumque
2054 1530 2239 1559 offeruntur
2261 1534 2292 1560 et

1286 1594 1299 1608 »
1324 1590 1481 1620 processu
1506 1580 1663 1618 temporis
1686 1581 1877 1617 offerentur,
1901 1581 2113 1611 concedimus
2134 1586 2291 1621 perpetuo

1287 1647 1299 1661 n
1325 1634 1476 1664 societati
1501 1634 1571 1664 sive
1595 1634 1786 1669 confrati-ie,
1805 1633 2001 1664 clericorum
2023 1634 2092 1664 sive
2114 1636 2292 1665 curialium

1287 1699 1300 1714 ι»
1325 1687 1416 1717 curie
1433 1690 1544 1716 nostre
1560 1687 1596 1716 in
1611 1686 1771 1716 honorem
1785 1685 1927 1724 gloriose
1940 1686 2091 1724 Virginis
2107 1688 2212 1718 Marie
2226 1688 2292 1719 ins-

1287 1753 1299 1768 »
1324 1741 1422 1770 titute
1441 1740 1475 1769 in
1494 1748 1575 1769 usus
1594 1739 1784 1774 confratrie,
1800 1739 1841 1768 ad
1856 1739 2007 1769 divinum
2026 1740 2200 1769 servitium
2215 1750 2294 1771 con-

1287 1805 1300 1820 »
1326 1793 1512 1823 vertendos.
1542 1793 1581 1822 In
1606 1792 1700 1831 cujus
1725 1792 1774 1821 rei
1799 1791 2029 1821 testimonium
2052 1796 2083 1822 et
2107 1793 2292 1830 munimen,

1289 1859 1301 1874 n
1327 1851 1478 1876 nostrum
1496 1845 1645 1883 sigillum
1662 1845 1816 1875 duximus
1830 1845 1951 1875 litteris
1971 1846 2182 1884 presentibus
2200 1856 2294 1885 appo-

1289 1912 1302 1926 »
1328 1899 1484 1929 nendum.
1507 1899 1627 1928 Actum
1647 1902 1679 1928 et
1701 1898 1813 1928 datum
1832 1906 1919 1927 anno
1939 1898 2073 1928 Domini
2094 1899 2294 1936 M.CC.LV1,

1290 1965 1303 1979 r>
1328 1961 1442 1982 mense
1459 1951 1603 1989 augusti.
1624 1951 1815 1981 Bercaudus
1831 1951 1870 1981 de
1886 1951 2025 1982 Castris.
2043 1963 2056 1977 »

1332 2085 1344 2099 4(
1369 2072 1462 2102 Nulli
1475 2076 1536 2101 etc.
1554 2075 1666 2101 nostre
1683 2071 1947 2101 confirmationis
1964 2075 2022 2101 etc.
2043 2072 2116 2101 Dat.
2131 2071 2294 2109 Anagnie,

1290 2126 1358 2155 1111
1372 2124 1532 2154 kalendas
1551 2124 1751 2159 novembris,
1772 2133 1858 2154 anno
1873 2124 2027 2154 secundo.
2052 2136 2063 2150 »

1368 2349 1480 2377 1521

1327 2410 1401 2437 Cum
1419 2410 1520 2444 Petro,
1538 2409 1742 2436 archidiacono
1761 2409 1966 2444 Lugdunensi,
1990 2411 2135 2446 capellano
2152 2420 2220 2445 suo,
2238 2412 2300 2440 dis-

1805 2348 1930 2383 Anagni,
1947 2348 1961 2375 8
1979 2349 2133 2375 novembre
2151 2349 2228 2376 1256.

1294 2463 1405 2494 pensat,
1425 2463 1464 2492 ut,
1482 2468 1547 2486 cuni
1566 2460 1765 2494 praepositura
1777 2459 2128 2494 ecclcsiaeAugustensis
2139 2464 2167 2487 ct
2177 2462 2302 2488 ecclesia

1294 2509 1328 2535 de
1344 2509 1469 2541 Castris,
1487 2508 1699 2535 Lincolniensis
1715 2508 1856 2542 diocesis,
1872 2517 1944 2543 quas
1960 2517 2057 2535 curam
2076 2509 2233 2536 animarum
2251 2510 2302 2537 ha-

1294 2558 1395 2584 bentes
1418 2566 1452 2583 ex
1474 2557 1692 2592 dispensatione
1713 2557 1871 2592 apostolica
1893 2557 2018 2588 obtinet,
2037 2557 2302 2584 archidiaconatum

1295 2606 1520 2640 Lugdunensem
1552 2606 1676 2632 retinere
1701 2606 1803 2633 valcat.
1829 2605 1912 2638 (Rae.
1941 2605 1990 2639 24,
2018 2606 2035 2631 f.
2063 2606 2113 2631 ‘212

1294 2662 1319 2681 c.
1338 2655 1412 2687 490.)

2129 2627 2134 2637 ,
2160 2615 2226 2632 auu.
2254 2605 2301 2641 II,

1338 2782 1349 2795 «
1377 2770 1472 2803 I'etro,
1492 2770 1711 2798 archidiacano
1728 2770 1932 2805 Lvtytlztnrtzsi,
1951 2769 2133 2797 ‚wllnliarono
2157 2775 2180 2797 (vl
2205 2771 2302 2807 γαμεί-

1297 2824 1366 2851 Ιαιιο
1384 2827 1495 2851 now-0.
1514 2822 1751 2852 Constitutioni
1770 2821 1925 2850 canonice
1945 2830 2009 2859 qua
2026 2839 2073 2849 —.
2096 2822 2168 2850 Dat.
2192 2823 2302 2861 Anag-

1297 2875 1363 2910 nic,
1380 2876 1425 2905 VI
1444 2875 1517 2905 idus
1537 2875 1737 2909 novembris,
1757 2874 2014 2903 ι1111111εμπ-1111111).
2036 2886 2048 2899 »
