2456 3585
969 343 1192 380 PREMIERE
1215 344 1371 380 ANNEE.
2188 357 2220 385 17

120 428 197 449 rum
217 418 424 456 aliorumque
441 417 568 456 jurium
589 417 755 447 sententia
777 425 834 454 per
855 416 995 446 eundem
1018 415 1134 453 prede—

122 479 288 501 cessorem
303 469 369 499 lata
385 469 423 499 de
439 470 580 499 fratrum
592 478 727 499 suorum
739 468 981 498 confirmaverit
996 467 1134 497 consilio

124 527 156 553 et
177 531 326 557 assensu,
349 521 514 560 supplens
543 522 709 551 defectum
735 521 763 551 si
789 521 864 559 quis
888 520 970 549 alias
995 520 1030 548 in
1053 520 1135 557 ipsis

124 574 397 605 concessionibus
417 574 523 603 extitit
545 574 582 603 de
600 573 777 611 apostolice
798 572 1004 611 plenitudine
1026 576 1136 609 potes-

124 627 203 657 tatis
220 636 256 656 00
276 627 413 664 insuper
428 626 635 656 comitatum.
658 625 829 655 baroniam
851 629 881 654 et
906 624 968 653 alia
990 624 1137 661 predicta

125 689 201 710 cum
217 679 420 713 civitatibus,
438 679 571 713 castris,
590 678 696 713 villis,
720 677 902 707 casalibus.
924 676 1134 707 hominibus,

124 732 325 766 honoribus,
345 731 494 770 juribus,
518 731 827 770 jurisdictionibus,
847 730 921 769 jure
944 732 1136 767 patronatus

125 785 396 815 conventualium
410 784 636 819 ecclesiarum,
654 784 797 823 pascuis,
815 783 1018 816 nemoribus,
1036 791 1137 812 vena-

126 836 286 871 tionibus,
304 837 419 875 010115,
432 836 712 875 possessionibus,
726 836 824 866 terris
836 835 934 865 cultis
946 839 974 864 et
988 834 1135 867 incultis,

127 889 224 928 aquis
238 898 464 927 aquarumque
478 889 684 921 decursibus,
694 888 836 927 justitiis
851 892 880 917 et
893 897 967 917 cum
983 887 1137 917 omnibus

126 941 313 971 rationibus
330 945 359 971 et
377 941 590 980 pertinentiis
613 941 684 971 suis
705 945 735 971 et
754 949 827 970 cum
845 939 912 969 hiis
933 949 995 978 que
1013 939 1053 968 ad
1068 948 1137 968 me-

125 1003 201 1024 rum
224 998 255 1024 et
276 994 415 1023 mixtum
434 993 612 1032 imperium
632 993 814 1032 pertinent,
840 1002 878 1022 ea
898 992 1051 1021 videlicet
1074 1001 1137 1030 que

126 1050 204 1076 sunt
220 1045 258 1075 de
275 1046 427 1075 demanio
443 1046 477 1075 in
494 1046 685 1076 demanium
702 1050 733 1075 et
753 1055 816 1084 que
838 1049 915 1075 sunt
941 1045 979 1074 de
1002 1045 1137 1074 servitio

126 1099 161 1128 in
178 1099 363 1133 servitium,
380 1099 440 1128 tibi
457 1099 620 1138 dictisque
637 1099 816 1129 heredibus
831 1099 865 1128 in
888 1103 1083 1136 perpetuum
1099 1098 1137 1127 de

125 1151 267 1181 fratrum
283 1151 473 1181 eorumdem
489 1151 627 1181 consilio
645 1156 674 1181 et
688 1160 827 1181 assensu
844 1151 882 1181 de
900 1160 982 1180 novo
995 1150 1055 1179 sub
1072 1159 1138 1179 cer-

125 1204 169 1234 tis
186 1204 333 1234 servitiis
350 1205 549 1234 concesserit
565 1208 595 1234 et
610 1204 780 1234 donaverit
797 1213 834 1233 ex
851 1208 939 1234 certa
951 1203 1092 1233 scientia
1108 1207 1138 1232 et

127 1257 234 1294 gratia
249 1257 395 1294 speciali.
414 1261 510 1295 prout
526 1257 560 1286 in
577 1257 755 1294 apostolico
772 1256 947 1294 privilegio
964 1265 1062 1293 super
1077 1255 1138 1285 hoc

126 1309 263 1339 obtentu
283 1309 415 1348 plenius
438 1310 643 1345 continetur;
669 1319 728 1339 nos
749 1310 815 1339 tuis
839 1309 1138 1347 s111.·pli(·ationil1›us

125 1362 292 1396 inclinati,
305 1362 393 1400 quod
404 1362 443 1391 ab
460 1363 572 1392 eodem
587 1363 818 1400 predecessore
833 1363 955 1391 sactum
971 1367 1017 1391 est
1032 1362 1064 1390 in
1077 1361 1138 1391 hac

125 1418 218 1453 parte
236 1418 345 1443 ratum
367 1414 527 1444 habentes
549 1420 579 1444 et
600 1420 739 1452 gratum,
759 1415 792 1443 id
808 1415 846 1444 (le
867 1419 1054 1444 nostrorum
1071 1416 1138 1444 fra-

127 1473 215 1498 trum
232 1467 371 1497 consilio
395 1472 425 1497 et
446 1477 585 1498 assensu
605 1468 800 1497 auctoritate
824 1468 1001 1505 apostolica
1019 1468 1138 1497 confir-

126 1529 256 1550 mamus
273 1524 334 1550 etc.
352 1529 458 1559 usque
474 1521 729 1550 communimus.
747 1521 839 1550 Nulli
855 1525 915 1550 etc.
933 1525 1044 1550 nostre
1060 1530 1138 1551 con-

126 1573 327 1603 firmationis
344 1578 404 1604 eto.
422 1574 495 1603 Dat.
513 1573 663 1612 Neapoli,
678 1574 775 1604 XVII
791 1574 949 1604 kalendas
962 1574 1136 1609 februarii,

126 1635 214 1656 anno
229 1626 347 1664 primo.
368 1639 380 1653 »

197 1791 255 1820 63
674 1791 791 1826 Naples.
814 1792 968 1826 tfijanvioi·
987 1792 1064 1819 1255.

166 1852 352 1886 [Berth01d0]‚
367 1853 527 1880 marchioni
539 1853 573 1879 de
590 1853 807 1886 Hohemburch,
820 1853 941 1880 officium
955 1863 1074 1888 magnae
1091 1862 1138 1880 se-

126 1901 287 1928 nescalci'ae
303 1902 383 1936 regni
406 1901 538 1935 Siciliae,
561 1905 645 1936 prout
661 1902 730 1928 illud
753 1906 882 1937 tempore
902 1902 1045 1937 quondam
1062 1902 1138 1929 Con-

125 1950 187 1977 radi
203 1950 253 1976 filii
271 1949 414 1984 quondam
433 1950 576 1977 Frederici
592 1951 659 1977 olim
677 1950 873 1977 Romanorum
890 1950 1072 1984 imperatoris
1086 1951 1137 1977 ha-

125 2000 197 2031 buit,
213 2000 372 2027 coufirmat.
389 2000 473 2033 (Rau.
487 2001 532 2034 24,
548 2009 564 2028 c
592 2001 635 2032 54,
653 2002 672 2028 f.
689 2001 732 2034 8v;
751 2001 898 2028 Porraasr
917 2001 1024 2033 15639.)

166 2114 179 2128 u
205 2102 319 2131 Eidem.
346 2101 443 2132 Clara
465 2107 526 2132 etc.
554 2112 661 2142 usque
690 2112 882 2141 augeamus.
911 2103 994 2134 Cum
1023 2103 1136 2142 itaque

124 2154 211 2185 sicut
226 2154 262 2184 in
278 2159 391 2184 nostra
405 2155 608 2194 proposuisti
619 2155 789 2194 presentia
802 2156 1014 2191 constitutus,
1027 2155 1136 2186 felicis

122 2207 364 2238 recordationis
376 2209 402 2238 Ι.
415 2217 499 2247 papa
509 2209 724 2247 predecessor
737 2214 849 2239 noster
862 2209 1006 2239 officium
1018 2218 1136 2247 magne

124 2260 327 2293 senescalcie
342 2261 437 2299 regni
455 2262 584 2297 Sicilie,
602 2266 698 2300 prout
711 2262 795 2292 illud
811 2266 956 2300 tempore
971 2262 1136 2301 quondam

124 2313 270 2344 Conradi
290 2313 360 2343 nati
383 2314 548 2352 quondam
572 2315 625 2344 Fr.
650 2314 729 2345 olim
750 2316 975 2345 Romanorum
993 2315 1136 2353 impera—

124 2366 206 2396 toris
214 2366 365 2396 habuisti
377 2371 407 2397 et
420 2368 609 2399 exercuisti.
621 2368 683 2397 tibi
693 2369 936 2398 confirmaverit
948 2369 985 2399 de
996 2369 1136 2397 fratrum

123 2428 260 2450 suorum
276 2420 415 2450 consilio
432 2425 463 2450 et
479 2430 620 2451 assensu
636 2431 672 2451 ac
689 2422 827 2460 insuper
845 2422 883 2451 (le
902 2431 984 2451 novo
1002 2431 1136 2451 conces-

124 2473 207 2502 serit
222 2472 262 2502 de
278 2473 384 2510 gratia
400 2473 548 2512 speciali,
566 2474 612 2503 ita
629 2474 716 2513 quod
731 2474 815 2504 illud
831 2484 904 2504 cum
920 2474 1136 2512 proventibus

122 2525 226 2556 unius
241 2525 339 2555 uncie
356 2526 428 2555 auri
449 2526 489 2555 ad
504 2527 633 2565 pondus
650 2527 749 2557 Curie
768 2527 888 2557 cotidie
908 2527 967 2556 tilii
985 2527 1024 2557 ab
1041 2536 1135 2565 apos—

123 2577 223 2608 tolica
236 2578 319 2608 Sede
332 2587 390 2616 pro
404 2579 558 2617 expensis
571 2579 773 2618 ubicumque
787 2580 821 2608 in
836 2589 937 2617 regno
951 2579 1022 2618 ipso
1031 2580 1135 2609 fueris

124 2629 351 2668 persolvende‚
374 2634 405 2660 et
427 2640 502 2660 cum
524 2632 693 2661 consuetis
715 2632 852 2661 ferculis
880 2642 916 2661 ac
939 2632 1080 2670 panibus
1106 2636 1136 2662 et

124 2682 195 2712 vini
218 2683 386 2713 mensuris
412 2683 530 2714 diebus
559 2684 620 2713 tibi
648 2684 791 2722 singulis
819 2694 893 2714 eum
917 2684 1137 2723 personaliter

124 2735 211 2774 apud
233 2736 371 2766 eandem
387 2736 505 2766 Sedem
523 2737 628 2767 fueris
644 2738 842 2773 tribuendis,
869 2748 994 2767 necnon
1013 2742 1043 2768 et
1062 2747 1135 2767 cum

123 2787 232 2818 solitis
243 2788 536 2827 Jurisdictionibus
553 2794 715 2828 quantum
732 2791 772 2820 ad
785 2791 1007 2827 cognitionem
1024 2790 1136 2829 appel-

122 2839 286 2870 lationum
302 2845 333 2870 et
349 2840 414 2870 alia
429 2845 460 2871 et
477 2850 551 2871 cum
567 2842 724 2872 omnibus
744 2843 944 2878 honoribus,
963 2843 1136 2880 dignitati-

122 2892 185 2922 bus
201 2893 395 2932 ounctisque
407 2893 540 2932 juribus
558 2894 598 2923 ad
612 2895 700 2925 idem
716 2895 860 2925 officium
876 2895 1133 2934 pertinentibus,

123 2944 164 2974 de
186 2954 250 2983 quo
272 2949 303 2975 te
324 2954 384 2984 per
407 2945 535 2983 virgam
559 2946 698 2977 rubeam
723 2947 758 2976 in
781 2948 971 2978 eorumdem
994 2949 1134 2978 fratrum

121 2998 291 3036 presentia
304 2998 491 3035 investivit,
513 2999 611 3037 plene
627 2999 750 3030 habeas
767 3005 797 3030 et
816 3010 968 3031 exerceas
983 3001 1050 3030 vita
1067 3005 1132 3036 tua,

246 3063 469 3088 ALEXANDRE
487 3064 540 3094 ιν,
558 3067 577 3090 t.
597 3065 616 3090 1.

1216 421 1309 453 prout
1327 417 1361 445 in
1375 418 1552 455 apostolico
1566 418 1739 455 privilegio
1753 428 1851 456 super
1864 419 1923 449 hoc
1940 420 2071 449 obtento
2089 421 2218 459 plautius

1217 469 1421 500 continetur:
1439 480 1496 499 uos
1512 471 1577 500 tuis
1592 471 1888 508 su]›plicatiouilivus
1903 472 2065 502 inclinati.
2082 474 2166 511 quod
2179 474 2218 503 al»

1217 521 1331 550 eodem
1346 522 1576 558 predecessore.
1592 524 1715 552 sactum
1732 528 1780 553 est
1802 524 1835 552 iu
1854 524 1913 553 liae
1929 530 2019 562 parte
2038 530 2143 555 ratum
2160 526 2218 555 ha—

1218 572 1333 602 bentes
1350 578 1378 603 et
1402 579 1545 611 gratum,
1570 575 1602 603 id
1619 576 1656 603 tlt*
1675 581 1859 605 nostrorum
1880 578 2019 607 fratrum
2035 579 2172 608 consilio
2190 584 2217 608 ct

1219 634 1357 654 assensu
1375 626 1567 656 auctoritate
1591 627 1767 664 apostoliea
1785 629 2016 658 confirmamus
2038 635 2097 659 etc.
2115 640 2220 669 usque

1219 677 1472 707 communimus.
1486 678 1577 707 Nulli
1590 683 1650 708 etc.
1669 684 1778 709 nostre
1795 680 2053 710 confirmationis
2071 687 2130 711 etc.
2146 684 2218 712 Dat.

1218 733 1254 758 ut.
1271 738 1380 766 supra.
1402 742 1413 755 »

1290 921 1347 948 64
1766 921 1882 956 Naples‚
1899 923 2058 956 (3311111101-
2077 924 2150 950 1⁸255.

1258 981 1367 1014 Uli—ico,
1384 982 1488 1008 0101100
1506 981 1672 1016 Blertholdi]
1692 984 1865 1009 marchionis
1883 983 1916 1009 de
1940 983 2157 1016 Holiemburcli,
2175 995 2223 1012 eo-

1218 1031 1282 1057 deni
1306 1030 1458 1056 Bertholdo
1484 1031 1679 1065 supplicante,
1701 1031 1846 1065 indulget,
1862 1036 1900 1060 ut,
1919 1042 1972 1058 non
1999 1033 2129 1059 obstante
2148 1035 2222 1068 quod

1219 1079 1334 1113 genitus
1350 1079 1435 1105 fuerit
1451 1087 1485 1105 ex
1501 1079 1605 1113 soluta,
1623 1080 1784 1114 promoveri
1801 1081 1889 1106 valeat
1906 1080 1938 1106 ad
1956 1089 2056 1107 01111105
2070 1082 2185 1108 ordines
2196 1088 2224 1109 et

1219 1128 1447 1154 ecclesiasticum
1464 1128 1634 1153 beneficium
1651 1128 1736 1154 etiam
1753 1128 1777 1153 si
1797 1137 1892 1154 curan]
1910 1130 2067 1155 animai-um
2084 1139 2233 1159 annexam,

1219 1176 1321 1202 babeat
1341 1176 1469 1202 obtinere
1489 1186 1495 1202 τ
1515 1176 1551 1202 ita
1571 1177 1645 1210 quod
1671 1178 1694 1203 si
1717 1177 1750 1202 ad
1771 1178 1956 1211 episcopatus
1978 1178 2112 1203 1100010111
2129 1179 2221 1211 ipsum

1221 1225 1312 1251 vocari
1330 1224 1497 1259 contigerit,
1516 1225 1593 1250 illum
1617 1226 1753 1251 1100010111
1776 1234 1954 1259 nequaquam
1976 1227 2093 1259 recipiat
2114 1226 2175 1251 sine
2192 1226 2223 1252 li-

1220 1275 1313 1300 centia
1329 1272 1412 1299 Sedis
1427 1274 1601 1308 apostolieae
1617 1274 1744 1307 speciali.
1760 1273 1841 1305 (Rae.
1860 1274 1902 1304 ⁴24.
1921 1282 1945 1299 0.
1965 1275 2007 1305 55,
2025 1275 2043 1300 s.
2060 1275 2110 1306 SV.)

1262 1387 1274 1400 «
1296 1376 1404 1409 slrieo,
1424 1376 1531 1403 clerico
1547 1375 1649 1403 dilecti
1661 1375 1722 1411 filii
1737 1375 1845 1403 nobilis
1863 1376 1924 1403 viri
1939 1376 1970 1403 B.
1986 1376 2175 1404 marchionis
2191 1377 2225 1404 sle

1218 1429 1421 1463 Hohemburc,
1441 1429 1548 1465 11109111
1567 1429 1654 1465 regni
1669 1428 1773 1456 Sicilie
1788 1429 1959 1457 senescalci.
1978 1428 2153 1465 Illegitiine
2168 1438 2224 1463 ge-

1220 1481 1307 1510 nitos
1332 1490 1414 1519 quos
1443 1498 1491 1509 —.
1520 1482 1593 1510 Dat.
1622 1480 1777 1518 Neapoli.
1803 1481 1834 1510 X
1861 1481 2018 1511 kalendas
2046 1482 2221 1511 februarii.

1220 1543 1305 1563 anno
1321 1534 1438 1572 primo.
1458 1546 1471 1559 ι»

1289 1731 1347 1759 65
1764 1731 1882 1765 Naples,
1900 1731 1930 1757 21
1945 1731 2058 1765 janviei·
2076 1731 2152 1758 1355.

1253 1793 1483 1828 Archiepiscopo
1495 1792 1656 1827 Spalatensi
1674 1793 1798 1827 mandat,
1811 1796 1842 1819 ut
1856 1793 2053 1827 Sltephanum}
2068 1793 2225 1827 archipres-

1218 1841 1350 1876 byterum
1365 1849 1381 1867 a
1397 1841 1522 1875 capitulo
1536 1841 1675 1867 ecclesiae
1691 1841 1882 1868 Sibinicensis
1897 1842 1923 1867 in
1942 1841 2092 1867 Sclavonia
2104 1849 2224 1867 concor-

1218 1889 1291 1916 diter
1315 1890 1437 1916 electum
1462 1889 1554 1916 eidem
1580 1890 1719 1916 ecclesiae
1742 1890 1885 1924 praeficiat
1910 1891 1937 1916 in
1961 1889 2144 1923 episcopum,
2167 1898 2223 1915 non

1218 1938 1351 1964 obstante
1380 1938 1456 1972 quod
1482 1938 1625 1972 praedicta
1651 1939 1774 1964 ecclesia
1795 1947 1845 1972 per
1870 1937 1929 1964 XX
1954 1947 2045 1964 annos
2070 1938 2222 1964 vacaverit.

1218 1986 1301 2020 (Rae.
1318 1986 1363 2020 24,
1380 1994 1406 2012 0.
1424 1986 1474 2019 56,
1490 1987 1507 2012 f.
1527 1986 1571 2019 8V;
1592 1985 1737 2013 Po‘rTfflsr
1754 1986 1862 2019 15645.)

1260 2100 1273 2114 «
1294 2111 1326 2123 ..,
1344 2088 1568 2126 archiepiscopo
1585 2088 1766 2125 Spatalensi.
1787 2087 1853 2117 Sua
1866 2087 1961 2117 nobis
1977 2086 2157 2125 capitulum
2173 2104 2220 2115 —.

1218 2142 1292 2171 Dat.
1309 2140 1460 2178 Neapoli,
1477 2141 1543 2170 XII
1558 2139 1717 2169 kalendas
1734 2139 1911 2175 februarii,
1930 2149 2015 2170 anno
2031 2140 2147 2178 primo.
2167 2151 2180 2165 n

1289 2339 1347 2367 66
1765 2338 1881 2372 Naples,
1901 2338 1930 2364 18
1944 2337 2057 2372 janvier
2075 2338 2149 2363 1‘255.

1253 2401 1394 2432 Waltero,
1411 2402 1548 2435 episcopo
1565 2400 1764 2433 Dunelmensi,
1781 2399 1913 2426 concedit
1928 2399 2089 2426 facultatem
2106 2398 2222 2433 dispen-

1218 2449 1299 2476 sandi
1315 2457 1381 2476 cum
1397 2449 1490 2476 tribus
1505 2448 1618 2475 clericis
1634 2448 1696 2474 suis
1711 2447 1787 2482 quod
1803 2456 1901 2473 00111111
1924 2447 2042 2481 quilibet
2062 2447 2118 2473 duo
2134 2446 2221 2472 bene-

1217 2498 1280 2525 ficia
1302 2497 1499 2524 ecclesiastica
1518 2505 1614 2523 euram
1637 2496 1768 2522 habentia
1789 2497 1949 2522 animarum
1968 2503 2106 2522 annexam
2129 2494 2222 2529 possit

1218 2548 1305 2574 libere
1322 2547 1459 2582 recipere.
1477 2546 1561 2579 (Rae.
1578 2545 1627 2575 24,
1645 2553 1670 2572 c.
1688 2545 1731 2576 57,
1749 2545 1766 2571 f.
1785 2544 1834 2579 8'.)

1259 2660 1272 2675 «
1296 2649 1431 2683 ll'altero,
1450 2649 1583 2686 episcopo
1602 2647 1806 2676 Dimelmensi.
1829 2646 1933 2675 Tuam
1954 2644 2101 2674 volentes
2118 2644 2220 2673 110110-

1218 2710 1290 2731 rare
1311 2718 1361 2730 —.
1384 2701 1458 2730 Dat.
1482 2700 1638 2738 Neapoli,
1663 2700 1723 2729 XV
1747 2698 1905 2728 kalendas
1928 2697 2104 2731 februarii,
2134 2704 2219 2725 anno

1217 2753 1334 2792 primo.
1354 2765 1366 2779 n

1287 2945 1342 2973 (3⁸2
1762 2941 1877 2976 Naplos,
1899 2941 1928 2968 18
1941 2940 2053 2974 janvier
2073 2940 2147 2965 ¹255.

1251 3005 1350 3032 Eidem
1367 3005 1494 3039 indulget
1512 3014 1524 3029 «
1538 3008 1567 3031 ut
1583 3004 1678 3030 nullus
1694 3003 1865 3038 apostolicae
1878 3001 1961 3028 Sedis
1973 3001 2083 3035 legatus
2100 3000 2147 3034 qui
2163 3007 2217 3025 non

2082 3061 2096 3084 3
