2498 3325
962 225 1185 264 PREMIERE
1207 227 1366 264 ANNEE.
2153 237 2211 267 205

118 316 132 330 >²
156 303 331 342 parrochia
344 303 383 333 de
396 301 570 341 Mayroliis
583 301 741 331 Liberaut
753 300 793 330 de
808 309 910 330 manu
924 299 1124 330 retraximus

119 368 133 383 n
156 355 280 390 laicali,
293 355 332 385 de
345 364 510 385 consensu
524 358 554 384 et
569 354 738 384 voluntate
752 353 853 382 totius
867 352 972 382 nostri
989 351 1126 390 capituli

119 421 133 436 >³
159 408 246 447 quod
261 408 302 438 ad
316 407 377 438 hoc
390 407 582 437 invenimus
598 405 780 436 favorabile
797 410 828 436 et
840 405 1034 442 benignum,
1051 412 1126 442 pre-

158 462 244 491 dicto
260 465 328 491 tam
342 461 498 499 religioso
513 460 584 490 loco
604 459 788 489 liberaliter
807 459 843 488 in
862 462 1020 496 perpetuo
1041 456 1127 486 assi-

120 527 133 541 »
159 522 310 552 gnamus.
328 515 367 544 In
384 514 477 552 cujus
496 513 545 543 rei
561 512 755 542 memoriam
771 516 802 542 et
817 511 1001 546 munimen,
1020 518 1079 539 nos
1096 513 1127 540 et

120 579 134 594 ι)
159 567 284 596 dictum
303 566 485 605 capitulum
505 565 617 604 sigilla
636 569 750 594 nostra
772 563 983 602 presentibus
1004 561 1126 592 litteris

159 619 313 649 duximus
337 618 541 657 apponenda.
567 619 639 648 Dat.
665 626 780 647 mense
800 615 1014 655 septembris,
1040 623 1126 644 anno

120 684 134 699 n
158 671 294 702 Domini
310 671 544 701 M⁰CC⁰LIIII⁰.
564 683 577 697 ›>

158 723 252 754 Nulli
268 728 329 754 etc.
349 727 461 753 nostre
478 722 739 752 confirmationis
756 726 817 752 etc.
834 722 908 751 Dat.
926 725 962 751 ut
980 729 1092 759 supra.
1111 732 1124 746 n

119 474 127 488 )

119 632 127 647 )

127 632 134 647 υ

189 909 276 937 θ’ἵθ

153 970 270 997 Eisdem
296 969 435 1003 indulget,
460 973 490 996 ut
512 968 640 995 decimas
664 968 699 995 ad
725 968 850 994 valorem
874 966 967 993 XXX
991 967 1129 993 librarum

115 1019 332 1046 Turonensium
355 1018 444 1045 annui
464 1017 594 1044 redditus
616 1017 651 1043 de
674 1017 807 1043 manibus
828 1016 965 1042 laicorum
988 1016 1129 1042 redimere

118 1067 231 1094 valeant
247 1070 275 1093 et
291 1067 423 1093 retinere.
442 1066 527 1099 (Rae.
542 1066 587 1097 Ἡ,
605 1074 630 1092 c.
649 1065 722 1100 549³,
738 1065 758 1093 f.
775 1064 844 1099 80v.)

717 906 844 940 Anagni‚
860 905 876 933 9
892 906 961 932 aosit
978 905 1056 933 1255.

162 1181 175 1195 α
194 1169 325 1198 Eisdem.
343 1168 425 1198 Cum
444 1168 560 1198 domus
578 1171 688 1197 vestra
702 1166 807 1196 multa
822 1170 858 1196 ut
876 1166 1038 1196 asseritur
1052 1175 1130 1205 pau-

119 1225 246 1261 pertate
263 1225 398 1259 gravata
419 1224 530 1259 utpote
550 1219 680 1249 novella
702 1219 736 1249 in
756 1228 848 1250 sacre
869 1219 1044 1257 religionis
1059 1223 1130 1249 orto

119 1274 281 1313 plantatio
306 1273 484 1312 apostolice
508 1273 642 1311 pietatis
664 1273 812 1310 indigeat
832 1272 1042 1309 fulcimento,
1070 1282 1130 1303 nos

119 1326 269 1357 volentes
285 1326 378 1356 vobis
397 1325 537 1363 gratiam
559 1325 669 1355 facere
688 1334 751 1364 que
767 1325 887 1355 vestris
907 1325 1056 1355 noscitur
1072 1334 1130 1356 ne-

120 1379 335 1410 cessitatibus
364 1378 546 1417 plurimum
575 1382 753 1416 oportuna,
783 1382 820 1407 ut
849 1378 942 1408 vobis
970 1377 1068 1408 liceat
1094 1378 1130 1408 in

120 1432 306 1472 parrochiis
326 1432 445 1462 alienis
466 1431 611 1461 decimas
632 1440 739 1470 usque
763 1431 804 1461 ad
825 1431 971 1461 valorem
992 1432 1131 1470 triginta

118 1486 281 1516 librarum
303 1485 548 1515 Turonensium
567 1485 669 1514 annui
686 1484 834 1514 redditus
851 1485 890 1514 de
906 1485 1061 1515 manibus
1076 1495 1130 1516 re-

118 1539 245 1569 dimere
268 1537 430 1567 laicorum
455 1537 512 1576 qui
541 1546 559 1567 a
583 1542 729 1576 tempore
756 1537 850 1576 cujus
879 1538 1040 1567 memoria
1063 1547 1129 1567 non

118 1592 231 1623 existit
244 1595 423 1621 tenuerunt
435 1591 578 1625 easdem,
592 1590 761 1620 diocesani
777 1590 841 1620 loci
858 1590 1032 1621 accedente
1050 1600 1129 1621 con-

116 1653 229 1680 sensu,
248 1644 405 1682 ipsasque
422 1643 566 1673 decimas
582 1642 687 1672 libere
702 1642 737 1671 in
754 1651 835 1672 usus
851 1643 1001 1680 proprios
1016 1652 1129 1681 perpe-

116 1702 174 1728 tuo
192 1697 347 1732 retinere,
365 1696 533 1726 devotioni
548 1700 656 1726 vestre
676 1695 871 1725 auctoritate
887 1696 980 1725 vobis
996 1705 1128 1734 presen-

119 1751 203 1780 tium
225 1749 449 1787 indulgemus.
471 1747 564 1778 Nulli
587 1752 648 1778 etc.
675 1751 786 1777 nostre
813 1748 1040 1778 concessionis
1065 1752 1126 1778 etc.

119 1804 193 1833 Dat.
212 1802 374 1840 Anagnie,
388 1802 418 1831 V
432 1801 507 1831 idus
521 1801 665 1838 augusti,
684 1809 770 1830 anno
783 1800 901 1838 primo.
921 1813 933 1827 n

194 1987 280 2015 θ’ἵῖ

159 2049 282 2076 Eosdem
306 2048 451 2075 molestari
469 2056 503 2074 ne
521 2048 664 2082 permittat
685 2055 773 2081 super
783 2048 1003 2074 concessionem
1023 2048 1081 2075 XX
1097 2049 1133 2075 li-

125 2098 240 2125 brarum
252 2097 453 2124 turonensium
467 2099 504 2129 (ν.
519 2103 550 2122 n⁰
560 2096 668 2130 834),
683 2096 793 2122 officiali
805 2095 1037 2124 cenomannensi
1053 2106 1132 2124 man-

124 2146 182 2173 dat.
201 2146 284 2178 (Rea.
298 2146 342 2177 24.
357 2154 381 2172 c.
401 2145 472 2177 549⁴,
491 2146 508 2171 f.
527 2145 594 2176 80v.)

723 1985 847 2019 Anagni,
865 1986 879 2011 7
895 1987 964 2012 aout
982 1986 1059 2014 1255.

169 2260 181 2273 «
198 2270 230 2282 ..,
243 2247 371 2284 officiali
384 2247 615 2276 Cenomanensi.
628 2245 783 2275 Exhibita
795 2246 891 2276 nobis
903 2246 1017 2276 dilecti
1028 2247 1089 2276 filii
1101 2271 1133 2283 ..,

124 2300 257 2339 prioris,
278 2304 308 2329 et
322 2304 504 2329 conventus
520 2299 714 2328 monasterii
731 2299 769 2328 de
787 2300 889 2329 Pareo
907 2299 1001 2330 beate
1018 2301 1134 2337 Marie,

124 2352 353 2383 Cartusiensis
375 2351 518 2385 ordinis,
544 2351 808 2382 Cenomanensis
835 2351 994 2387 diocesis,
1021 2353 1136 2391 petitio

124 2405 327 2438 continebat,
341 2404 428 2443 quod
442 2404 608 2442 quondam
624 2403 783 2439 Matildis,
802 2404 1046 2435 vicecomitissa
1060 2406 1137 2436 Bel-

125 2457 293 2492 limontis,
314 2457 447 2487 domina
468 2456 624 2486 Ambazie
641 2461 671 2486 et
692 2457 815 2486 Montis
831 2457 1019 2493 Trichardi,
1038 2459 1137 2489 Turo-

127 2510 242 2540 nensis
265 2509 424 2543 diocesis,
451 2518 599 2539 annuum
621 2509 685 2538 XX
708 2508 870 2538 librarum
891 2510 1137 2540 Turonensium

126 2562 292 2592 redditum
309 2562 356 2591 eis
372 2562 426 2600 pia
441 2566 471 2592 et
487 2562 622 2600 provida
635 2561 837 2591 liberalitate
851 2563 1026 2598 concessit,
1042 2568 1137 2601 prout

127 2615 163 2644 in
179 2615 285 2653 ipsius
302 2614 545 2644 vicecomitisse
563 2614 684 2644 litteris
702 2614 861 2644 consectis
873 2615 990 2645 exinde
1007 2615 1138 2654 plenius

129 2667 329 2697 continetur.
358 2667 427 2696 Nos
450 2667 561 2705 itaque
586 2666 732 2704 ipsorum
758 2666 878 2704 prioris
902 2671 931 2696 et
958 2674 1140 2699 conventus

129 2719 285 2758 precibus
306 2718 470 2749 inclinati,
490 2719 737 2748 concessionem
754 2718 944 2758 hujusmodi
965 2725 1070 2750 ratam
1086 2721 1141 2751 ha-

130 2771 248 2801 bentes
266 2776 297 2801 et
314 2776 452 2809 gratam,
471 2771 562 2800 illam
580 2771 775 2801 auctoritate
793 2771 971 2809 apostolica
987 2773 1141 2804 duximus

130 2824 409 2858 confirmandam,
442 2823 629 2853 litterarum
665 2823 888 2861 predictarum
924 2828 1071 2855 tenorem
1104 2826 1142 2856 de

131 2876 232 2906 verbo
253 2876 293 2906 ad
314 2876 451 2906 verbum
473 2880 584 2906 nostre
606 2876 868 2906 confirmationis
893 2876 1015 2908 litteris
1037 2878 1142 2908 inseri

1206 299 1379 330 facientes.
1396 301 1557 337 Quocirca
1572 302 1779 337 mandamus,
1797 302 1954 341 quatinus
1966 302 2111 340 prefatos
2126 303 2212 341 prio-

1206 360 1276 381 rem
1290 357 1321 382 et
1337 358 1535 383 conventum
1551 363 1617 384 non
1632 355 1804 392 permittas
1820 363 1918 393 super
1930 354 1997 384 hiis
2010 359 2123 385 contra
2138 364 2212 385 con-

1208 403 1407 434 firmationis
1428 409 1539 435 nostre
1558 410 1707 436 tenorem
1731 406 1770 435 ab
1791 406 1959 444 aliquibus
1975 406 2122 437 indebite
2141 416 2213 437 mo-

1207 455 1334 485 lestari.
1367 456 1595 487 Molestatores
1624 462 1684 488 etc.
1713 459 1787 488 Non
1812 458 1963 488 obstante
1990 459 2019 489 si
2043 459 2147 498 aliqui
2174 468 2213 490 ex

1208 507 1337 538 indulto
1355 509 1534 546 apostolico
1550 510 1844 544 excommunicari,
1862 511 2019 548 suspendi
2035 512 2086 542 vel
2107 512 2213 542 inter-

1209 560 1274 590 dici
1291 569 1356 590 non
1374 561 1503 598 possint
1523 570 1581 592 seu
1601 562 1749 600 ipsorum
1765 566 1851 592 terra
1867 563 2089 594 ecclesiastico
2106 564 2213 594 subici

1207 612 1395 643 interdicto.
1404 614 1477 643 Dat.
1486 614 1649 652 Anagnie,
1659 615 1723 644 VII
1734 614 1809 644 idus
1818 615 1961 652 augusti,
1973 624 2058 645 anno
2067 617 2210 654 primo.»

1281 783 1369 811 ⁴328

1245 843 1394 875 Wolrado,
1421 844 1512 870 electo
1539 843 1785 877 Halberstadensi,
1811 845 1943 871 concedit
1966 845 2130 872 facultatem
2155 847 2216 881 pri-

1211 893 1295 919 vandi
1311 892 1500 926 dignitatibus
1519 893 1646 920 fautores
1661 893 1774 920 Ludulfi
1794 893 1827 919 de
1848 893 1952 919 Sladen
1976 894 2216 921 administrationi

1209 942 1396 976 episcopatus
1407 941 1538 975 ejusdem
1551 949 1583 968 se
1594 942 1763 976 ingerentis,
1780 950 1836 968 non
1848 942 2032 969 obstantibus
2047 943 2216 977 prohibitio-

1212 990 1296 1016 nibus
1316 989 1477 1016 Innocentii
1499 998 1598 1025 papae.
1620 990 1705 1024 (Rau.
1721 990 1765 1024 24,
1783 998 1810 1018 c.
1826 991 1899 1025 5501,
1917 991 1935 1018 f.
1953 991 2016 1022 8οη
2035 991 2216 1025 ΙὶουεΝΒΕιιῦ,

1211 1042 1230 1065 1.
1247 1038 1301 1069 ΙΙΙ,
1320 1044 1351 1064 n⁰
1366 1038 1417 1065 405
1427 1038 1455 1072 ¹.)

1765 783 1891 817 Anagni‚
1910 784 1940 810 14
1953 784 2048 818 ⁵juillet
2067 785 2143 812 1255.

1253 1153 1266 1167 «
1298 1141 1449 1176 lVolracIo,
1478 1141 1565 1170 eleeto
1586 1141 1840 1170 Halberstadensi.
1869 1140 1961 1170 Sicut
1985 1144 2017 1170 te
2041 1140 2218 1171 intimante

1212 1194 1307 1224 nobis
1330 1194 1491 1225 innotuit,
1511 1193 1620 1223 felicis
1642 1193 1881 1224 recordationis
1898 1195 1923 1223 Ι.
1941 1203 2024 1232 papa
2045 1194 2219 1232 predeces-

1211 1256 1265 1276 sor
1284 1250 1406 1282 noster,
1429 1246 1591 1276 electione
1611 1250 1803 1284 presumpta
1820 1246 1855 1275 in
1874 1246 2147 1276 Halberstadensi
2165 1255 2219 1276 ec-

1211 1299 1313 1329 clesia
1328 1299 1367 1329 de
1386 1299 1527 1329 Ludulfo
1545 1299 1584 1328 de
1603 1298 1724 1329 Sladen
1742 1298 1880 1329 ecclesie
1899 1299 2043 1336 predicte
2060 1299 2219 1329 canonico

1211 1352 1307 1381 irrita
1322 1352 1454 1390 penitus
1469 1351 1632 1386 nuntiata,
1651 1351 1847 1381 electionem
1863 1351 1900 1380 de
1918 1355 1948 1381 te
1962 1351 2119 1381 canonice
2133 1351 2219 1381 cele-

1211 1405 1338 1434 bratam
1350 1405 1388 1434 de
1401 1405 1543 1434 fratrum
1557 1413 1693 1434 suorum
1709 1403 1848 1434 consilio
1860 1404 2078 1433 confirmavit.
2091 1405 2217 1434 Verum

1211 1457 1318 1487 dictus
1334 1457 1547 1495 predecessor
1562 1456 1668 1495 ipsius
1682 1456 1814 1486 Ludulfi
1830 1465 2016 1495 personam,
2033 1460 2070 1486 ut
2080 1457 2217 1486 manda-

1212 1510 1253 1540 tis
1267 1511 1338 1549 ejus
1355 1510 1390 1539 in
1406 1509 1468 1539 hac
1483 1514 1576 1548 parte
1591 1510 1745 1549 parere[t]
1762 1509 1913 1548 pluribus
1929 1510 2088 1540 decorans
2100 1510 2216 1547 gratiis

1211 1567 1242 1593 et
1255 1562 1438 1595 beneficiis,
1456 1571 1515 1600 per
1530 1571 1607 1592 suas
1623 1561 1752 1591 litteras
1768 1562 1911 1601 injunxit
1928 1562 2046 1597 eidem,
2060 1566 2097 1591 ut
2112 1562 2218 1591 admi-

1212 1615 1403 1645 nistrationi
1422 1615 1630 1653 episcopatus
1647 1614 1938 1644 Halberstadensis
1957 1624 1991 1645 se
2009 1623 2219 1654 nequaquam

1210 1668 1366 1705 ingerens
1383 1676 1442 1697 nec
1458 1667 1684 1696 intromittens
1701 1667 1739 1696 de
1762 1667 1834 1703 illo,
1854 1667 1979 1697 dictum
1994 1667 2219 1705 episcopatum

1211 1725 1243 1751 et
1258 1720 1427 1750 civitatem
1444 1719 1742 1749 Halberstadenses
1760 1728 1887 1749 necnon
1909 1724 2030 1755 castra,
2053 1720 2171 1758 oppida
2190 1723 2221 1749 et

1213 1773 1277 1803 alia
1294 1773 1334 1802 ad
1350 1776 1380 1802 te
1398 1772 1581 1810 spectantia
1595 1781 1669 1801 cum
1685 1772 1850 1802 fructibus
1866 1772 1974 1802 medio
1990 1776 2136 1810 tempore
2150 1781 2220 1811 per-

1213 1825 1316 1863 ceptis
1333 1824 1451 1854 exinde
1467 1824 1529 1853 tibi
1546 1824 1728 1854 dimitteret
1749 1824 1885 1863 pacifice
1906 1829 1936 1855 01
1955 1825 2077 1864 quiete,
2096 1825 2222 1855 nullam

1213 1877 1274 1907 tibi
1291 1886 1390 1915 super
1412 1875 1586 1915 premissis
1607 1885 1665 1914 per
1687 1885 1722 1906 se
1743 1881 1798 1906 aut
1821 1876 1903 1907 alios
1928 1877 2114 1907 molestiam
2135 1878 2223 1907 infe-

1212 1930 1326 1960 rendo.
1344 1929 1441 1959 Dedit
1461 1930 1561 1959 etiam
1577 1930 1685 1961 dictus
1700 1929 1914 1967 predecessor
1937 1953 1970 1965 ..,
1988 1931 2155 1969 preposito
2171 1940 2225 1961 ec-

1214 1983 1314 2013 clesie
1337 1983 1371 2012 iu
1387 1983 1603 2017 Germorode,
1623 1982 1818 2020 Maguntine
1834 1983 1991 2018 diocesis,
2010 1984 2080 2013 suis
2102 1983 2224 2014 litteris

1214 2036 1249 2065 in
1265 2035 1442 2069 mandatis,
1463 2039 1497 2065 ut
1519 2035 1547 2065 si
1565 2035 1733 2073 predictus
1758 2036 1794 2064 L.
1820 2036 1974 2066 mandato
1993 2037 2171 2074 apostolico
2188 2037 2224 2066 in

1215 2088 1276 2118 hoc
1293 2092 1541 2126 contempneret
1558 2088 1709 2122 obedire,
1734 2088 1822 2118 idem
1838 2089 2025 2126 prepositus
2045 2098 2104 2127 per
2121 2099 2155 2119 se
2174 2089 2226 2119 vel

1217 2150 1273 2179 per
1292 2141 1394 2170 alium
1410 2140 1602 2179 hujusmodi
1619 2141 1742 2178 gratias
1761 2146 1792 2171 et
1809 2141 1971 2171 beneficia
1986 2151 2155 2178 revocans,
2174 2143 2225 2181 ip-

1217 2203 1291 2224 sum
1305 2194 1340 2223 L.
1359 2198 1527 2231 tamquam
1543 2193 1712 2230 ingratum
1727 2193 1795 2223 illis
1811 2194 1978 2231 privatum
1992 2194 2146 2225 nuntiare
2160 2199 2226 2225 stu-

1218 2246 1319 2280 deret,
1333 2245 1537 2284 injungendo
1550 2245 1790 2275 nichilominus
1801 2255 1858 2284 per
1870 2246 1952 2276 alias
1963 2246 2091 2277 litteras
2102 2256 2179 2277 suas
2192 2271 2224 2283 ..,

1219 2297 1330 2328 abbati
1344 2298 1538 2327 monasterii
1553 2297 1591 2327 de
1606 2297 1830 2333 Ballenstade,
1844 2302 1874 2328 et
1891 2322 1923 2333 ..,
1939 2299 2104 2337 preposito
2123 2300 2228 2330 eccle-

1219 2351 1266 2380 sie
1293 2355 1405 2380 sancte
1428 2350 1533 2380 Marie
1555 2350 1590 2379 in
1615 2351 1784 2386 Erfordia,
1814 2356 1850 2382 ut
1873 2351 1932 2391 [in]
1960 2353 2167 2383 nominatum
2189 2355 2225 2383 L.

1220 2412 1334 2441 par-fre
1352 2412 1451 2440 super
1466 2402 1527 2432 hoc
1541 2403 1706 2432 mandatis
1723 2404 1913 2441 apostolicis
1931 2405 2130 2435 renitentem
2150 2410 2178 2436 et
2193 2406 2228 2435 in

1220 2464 1335 2485 omnes
1344 2456 1378 2484 in
1391 2455 1452 2484 hoe
1463 2455 1661 2485 adherentes
1672 2456 1702 2485 ei
1712 2457 2064 2488 excommunicationis
2079 2463 2109 2488 et
2118 2459 2153 2488 in
2163 2463 2228 2489 ter-

1220 2517 1274 2537 ras
1291 2517 1404 2537 eorum
1421 2508 1589 2537 interdicti
1609 2509 1792 2539 sententias
1814 2509 2033 2548 appellatione
2048 2512 2229 2549 postposita

1222 2562 1428 2599 proferentes
1445 2570 1481 2590 ac
1498 2565 1672 2599 utramque
1689 2561 1918 2600 sollempniter
1931 2563 2138 2601 publicantes
2155 2573 2231 2594 sen-

1223 2614 1372 2648 tentiam,
1391 2614 1539 2643 facerent
1560 2623 1614 2643 eas
1633 2624 1738 2653 usque
1753 2615 1793 2644 ad
1813 2615 2076 2645 satisfactionem
2097 2617 2232 2655 condig-

1224 2675 1300 2696 nam
1322 2666 1450 2696 sublato
1470 2666 1702 2704 appellationis
1727 2668 1897 2698 obstaculo
1919 2669 2157 2700 inviolabiliter
2174 2670 2232 2700 01)-

1225 2719 1363 2749 servari.
1378 2721 1532 2749 invocato
1544 2724 1604 2749 etc.
1622 2721 1815 2751 Processuri
1827 2721 1909 2751 alias
1926 2727 2039 2752 contra
2053 2732 2119 2758 eos,
2136 2727 2231 2761 prout

1226 2773 1369 2810 exigeret
1394 2773 1590 2810 protervitas
1612 2773 1803 2803 eorundem.
1826 2775 1890 2804 Sed
1913 2775 2080 2813 predictus
2103 2777 2138 2805 L.
2167 2785 2231 2805 non

1226 2826 1333 2856 solum
1351 2826 1517 2855 mandatis
1535 2826 1725 2864 apostolicis
1747 2836 1863 2866 parere
1886 2828 2096 2866 contempsit,
2120 2837 2231 2858 rerum

1228 2879 1326 2908 etiam
1357 2879 1570 2917 iniquitatem
1600 2880 1771 2918 iniquitati
1802 2881 2025 2917 accumulans,
2058 2881 2234 2920 quemdam
