2498 3325
0 2588 5 2603 -
0 2510 10 2579 vr—

0 2993 12 3135 ..Ἧι-.-
0 2964 8 2980 r
0 2849 9 2950 ν-,Ν
0 2718 8 2835 rv-vvv
9 2692 12 2700 ,

996 204 1225 241 DEUXIEME
1247 205 1408 242 ΑΝΝΕΕ.
2194 218 2248 248 441

154 289 170 304 x>
194 277 438 311 altercationes,
457 277 495 306 de
510 277 649 307 consilio
663 278 839 315 proborum
860 282 890 307 et
907 279 1094 316 sapientum
1112 277 1162 306 vi-

154 341 170 356 »
194 338 318 364 rorum,
345 330 391 359 ita
416 329 503 358 inter
526 338 584 358 nos
602 330 808 359 concorditer
827 330 935 359 extitit
961 330 1160 363 ordinatum,

155 393 170 408 r>
195 381 293 419 quod,
310 381 453 419 capitulo
468 381 617 420 quitante
630 382 873 420 imperpetuum
886 383 981 411 nobis
996 386 1024 412 et
1039 383 1162 411 nostris

155 445 170 461 1)
195 434 444 464 successoribus
455 435 511 472 qui
526 443 582 472 pro
598 438 742 472 tempore
759 436 894 471 fuerint,
911 435 1162 474 quicquidjuris

152 498 170 514 n
194 486 361 516 habebant
379 486 429 516 vel
443 487 565 517 babere
578 491 740 525 poterant,
758 488 886 518 ratione
900 488 1162 517 vicedominatus

154 551 170 566 1>
194 539 346 577 predicti,
364 539 398 568 in
413 539 593 569 mobilibus
617 549 679 578 que
700 550 758 570 nos
780 545 810 570 et
833 549 1040 570 successores
1057 540 1164 570 nostri

154 602 170 617 n
194 600 301 629 usque
317 591 352 620 in
372 591 527 621 ultimum
543 592 630 621 diem
646 593 891 631 perceperimus
908 593 974 622 vite
993 597 1114 627 nostre,
1128 593 1162 621 in

154 655 171 671 n
195 645 537 681 recompensationem
561 645 734 674 mobilium
758 646 963 679 eorumdem,
988 646 1162 675 universos

155 707 170 723 1ο
194 700 375 734 proventus
406 697 643 734 episcopalium
666 697 839 729 bonorum,
864 702 930 727 tam
957 698 1163 736 presentium

155 760 170 775 n
196 758 295 787 quam
310 749 409 778 etiam
422 750 620 784 futurorum,
637 749 746 787 ipsum
763 750 943 788 capitulum
956 750 1116 788 percipiat
1133 754 1164 780 et

155 813 171 828 ι)
196 811 273 831 suos
288 802 398 836 saciat,
418 811 477 831 sua
494 802 782 832 administratione
799 803 950 832 durante.

196 866 209 881 >2
228 855 297 883 Hoc
315 855 425 883 addito
442 855 539 892 quod,
560 855 588 884 si
605 855 717 893 aliqua
733 856 905 885 occasione
922 856 956 884 in
974 856 1163 885 custodien—

154 918 170 934 »
191 907 243 936 dis
260 907 311 936 vel
329 907 460 937 tuendis
477 907 573 937 bonis
595 908 837 946 episcopalibus
853 909 994 947 majores
1012 913 1163 947 sumptus

155 970 172 986 n
195 959 347 993 fecerint,
366 968 465 997 quam
487 959 525 989 de
543 959 638 989 bonis
655 960 898 998 episcopalibus
914 961 1049 990 interim
1072 970 1164 991 rece-

155 1022 171 1038 »
194 1011 305 1049 perint
322 1016 412 1040 extra
429 1011 707 1041 vicedominatum
720 1013 915 1050 predictum,
931 1014 1063 1042 futurus
1076 1013 1164 1051 epis-

153 1075 170 1091 »
195 1072 295 1101 copus
326 1073 381 1093 eos
409 1064 473 1093 sibi
498 1064 635 1094 reddere
656 1069 820 1095 teneatur.
847 1066 882 1095 Si
910 1066 1010 1095 etiam
1036 1065 1164 1104 aliquid

143 1123 170 1143 ‘n
195 1116 355 1146 solverint
391 1126 450 1154 pro
481 1117 602 1147 debitis
640 1117 884 1156 episcopalibus
917 1122 992 1149 ante
1024 1124 1164 1149 mortem

154 1180 170 1196 n
195 1169 342 1207 episcopi
365 1170 561 1203 contractis,
582 1171 716 1200 futurus
740 1171 913 1209 episcopus
931 1175 1034 1201 totum
1050 1171 1165 1202 reddet

154 1233 170 1249 n
195 1222 256 1258 eis,
280 1222 372 1252 nulla
392 1223 479 1253 facta
499 1223 696 1253 deductione
717 1224 755 1253 de
778 1224 994 1262 proventibus
1018 1224 1057 1254 ab
1080 1225 1163 1262 ipsis

154 1287 171 1302 ι»
195 1279 341 1314 tempore
373 1276 675 1306 administrationis
706 1286 764 1306 sue
800 1278 974 1316 perceptis.
1008 1277 1164 1308 Ceterum

154 1340 170 1355 n
194 1337 269 1358 cum
287 1329 411 1359 electus
428 1330 642 1359 confirmatus
658 1330 799 1368 receptis
814 1330 983 1368 regalibus
998 1331 1037 1360 ad
1051 1331 1164 1361 Came-

154 1393 171 1409 »
194 1391 368 1412 racensem
385 1383 559 1413 ecclesiam
575 1383 723 1417 redierit,
742 1392 874 1422 equum,
892 1384 927 1413 in
945 1393 1008 1422 quo
1027 1384 1161 1420 sederit,

152 1446 168 1462 a
193 1444 269 1465 cum
299 1435 486 1471 descendet,
514 1445 664 1474 mappas,
699 1436 831 1474 sciphos
862 1441 893 1466 et
923 1437 989 1466 alia
1021 1446 1100 1467 vasa
1127 1437 1163 1466 in

152 1499 169 1515 ι
192 1488 301 1526 prima
317 1488 554 1518 commestione
575 1489 675 1518 allata
693 1489 829 1519 habebit
845 1490 1026 1528 capitulum
1043 1495 1073 1520 et
1089 1500 1164 1529 per-

154 1551 171 1568 »
195 1540 307 1579 cipiet,
334 1541 419 1570 sicut
439 1541 600 1571 hactenus
624 1546 673 1571 est
692 1546 898 1572 consuetum.
918 1543 1038 1573 Actum
1058 1543 1089 1573 X
1104 1543 1165 1573 ka-

157 1605 174 1620 »
197 1593 314 1624 lendas
331 1593 458 1631 aprilis,
477 1603 564 1623 anno
581 1595 715 1624 Domini
731 1595 892 1626 MCCLII.
912 1608 925 1622 n

196 1658 210 1674 n
231 1646 325 1677 Nulli
344 1651 405 1677 etc.
421 1651 532 1677 nostre
549 1647 812 1678 confirmationis
829 1653 888 1678 etc.
908 1650 981 1679 Dat.
999 1649 1163 1687 Anagnie,

152 1701 224 1730 IIII
239 1699 399 1730 kalendas
414 1701 558 1738 augusti,
577 1709 663 1730 anno
680 1701 836 1731 secundo.
855 1714 868 1729 n

226 1865 342 1893 1444
754 1866 880 1901 Anagni,
897 1867 914 1894 2
929 1867 997 1894 aol'it
1014 1867 1093 1896 1256.

187 1927 346 1954 Universis
368 1926 615 1955 christifidelibus
632 1930 841 1955 monasterium
858 1938 1016 1964 pauperum
1032 1930 1165 1957 Inclusa-

151 1984 219 2003 rum
233 1976 263 2003 S.
278 1976 383 2011 Angeti
396 1976 583 2009 Esculanum,
596 1977 706 2003 ordinis
721 1985 744 2003 s.
758 1976 901 2011 Damiani,
916 1978 943 2004 in
958 1978 1165 2005 festivitatibus

152 2032 198 2051 ss.
215 2025 395 2059 Angelorum
410 2029 438 2051 et
453 2025 552 2051 beatae
569 2024 668 2051 Clarae
683 2025 804 2060 virginis
818 2026 1003 2052 visitantibus
1014 2026 1165 2061 indulgen-

154 2074 227 2100 tiam
238 2074 387 2107 elargitur.
399 2072 480 2107 (Rho.
492 2073 534 2104 24,
547 2074 565 2099 f.
579 2073 639 2104 189,
650 2082 716 2100 ann.
727 2073 765 2105 11,
779 2082 805 2102 6.
818 2074 867 2101 363
878 2086 883 2105 ;
896 2073 1043 2102 Po'r’rmsr
1055 2075 1162 2107 16509.)

195 2187 210 2202 ι(
232 2176 389 2204 L'tziversis
405 2176 660 2212 Christifidelibus
669 2181 820 2214 presentes
837 2177 955 2206 litteras
968 2178 1163 2214 inspecturis.

152 2227 317 2266 Splendor
337 2232 473 2266 paterne
490 2227 593 2265 glorie
615 2246 664 2257 —.
688 2229 762 2258 Dat.
786 2229 956 2267 Anagnie,
975 2230 1042 2259 IIII
1060 2238 1164 2259 nonas

149 2280 299 2319 augusti,
318 2289 404 2310 anno
421 2280 577 2310 secundo.
598 2293 610 2307 n

225 2445 341 2474 1445
707 2446 834 2480 Anagni,
854 2447 885 2474 13
898 2447 994 2481 Juillet
1013 2447 1091 2474 1256.

184 2505 366 2532 Sententiam
384 2505 542 2537 Johannis,
562 2506 592 2533 S.
611 2506 759 2533 Laurentii
778 2507 804 2533 in
822 2507 931 2534 Lucina
947 2508 1117 2540 cardinalis,
1135 2509 1164 2535 in

146 2555 319 2590 quaestione
334 2556 410 2581 inter
426 2556 596 2590 magistrum
616 2555 780 2582 ,Iohannem
804 2556 839 2582 de
858 2556 1016 2584 Camezano
1033 2561 1061 2584 et
1076 2559 1164 2585 abba-

147 2606 209 2630 tem
229 2604 259 2630 S.
279 2604 383 2629 Albani
405 2607 468 2630 orta
486 2612 575 2638 super
596 2604 752 2631 eeclesiam
775 2605 810 2630 de
835 2604 1035 2639 Horteburne,
1054 2606 1165 2633 Dunel-

147 2653 261 2679 mensis
277 2653 413 2686 diocesis,
431 2654 582 2680 confirmat
597 2657 626 2680 et
645 2654 757 2681 inserit.
778 2653 864 2689 (Rae.
878 2654 923 2689 24,
936 2655 954 2681 f.
969 2655 1030 2687 189,
1044 2664 1110 2683 ann.
1124 2656 1163 2689 11,

146 2709 176 2730 c.
193 2701 269 2734 364.)

190 2815 206 2829 a
232 2804 376 2840 Maytscro
396 2804 533 2833 Johannt
558 2804 591 2832 dc
614 2804 801 2840 Came-zano,
823 2805 980 2842 capellano
1003 2811 1106 2836 nostro
1127 2815 1163 2836 ac

145 2856 327 2885 litterarum
357 2856 623 2885 contradictarum
654 2857 810 2892 auditori,
841 2858 953 2887 rectori
984 2859 1102 2888 ecclesie
1129 2860 1163 2889 de

273 2921 496 2946 ALEXANDRE
516 2922 566 2952 1V,
585 2924 604 2946 t.
624 2922 644 2946 Ι.

1250 278 1419 314 Winyrcwc,
1440 280 1662 310 Ltncolniensis
1680 281 1815 310 diocesis.
1833 281 1989 312 Exliibita
2008 283 2104 313 nobis
2122 287 2180 313 tua
2195 293 2253 322 pe-

1246 329 1317 358 titio
1335 330 1522 360 continebat
1539 332 1636 370 quod,
1650 341 1723 362 cum
1738 332 1847 362 felicis
1861 334 2100 364 recordationis
2116 337 2156 370 Ι.,
2169 345 2252 374 papa

1244 382 1457 419 predecessor
1475 388 1597 419 noster,
1619 384 1743 414 dudum
1759 385 1888 415 dilectis
1914 386 1993 416 filiis
2012 410 2047 423 ..,
2067 387 2196 423 abbati,
2221 392 2253 418 et

1245 435 1422 464 conventui
1449 436 1561 465 Sancti
1578 436 1714 471 Albani,
1736 437 1979 468 Lincolniensis
2002 439 2158 475 diocesis,
2181 441 2252 470 suis

1245 487 1389 517 dedisset
1404 487 1525 518 litteris
1541 489 1575 518 in
1593 489 1769 524 mandatis,
1787 495 1822 519 ut
1840 491 1910 526 tibi,
1930 493 2040 529 nepoti
2057 502 2127 527 suo,
2147 493 2252 523 eccle-

1245 539 1328 569 siam
1346 540 1385 569 de
1396 541 1590 578 NVingrave,
1604 551 1703 580 quam
1715 543 1755 571 ad
1767 544 2047 580 presentationem
2061 546 2250 575 eorumdem

1245 592 1373 622 abbatis
1391 597 1422 622 et
1438 599 1618 624 conventus
1636 599 1838 633 spectantem
1856 596 1997 631 obtines,
2016 606 2090 627 cum
2106 598 2171 628 alia
2186 608 2251 628 me-

1243 644 1333 679 liori,
1360 646 1547 683 pertinente
1573 648 1612 676 ad
1635 648 1917 685 presentationem
1946 649 2108 687 ipsorum,
2133 655 2251 680 extunc

1244 697 1350 735 primo
1372 702 1541 733 vacatura,
1566 703 1720 729 curarent
1744 699 1929 730 liberaliter
1948 706 2146 739 permutare.
2164 704 2251 732 Tan-

1245 749 1318 778 dem
1337 754 1492 787 suggesto
1514 751 1608 780 nobis
1630 751 1733 781 dictos
1753 751 1905 781 abbatem
1927 757 1956 781 et
1980 758 2177 783 conventum
2198 763 2252 784 ec-

1246 801 1381 830 clesiam
1404 802 1442 831 de
1466 803 1692 836 Horteburne,
1713 803 1950 832 Dunclmensis
1976 805 2132 840 diocesis,
2153 815 2252 844 quam

1246 853 1286 882 ad
1308 862 1422 882 eorum
1440 854 1722 891 presentationem
1742 858 1889 892 spectare
1913 864 1949 884 ac
1972 856 2179 893 postmodum
2196 866 2253 895 per

1246 909 1384 934 mortem
1401 906 1565 943 Hugonis,
1586 907 1724 936 rectoris
1743 907 1901 945 ejusdem,
1917 908 2088 937 asserebas
2106 918 2251 943 vacasse,

1245 967 1303 996 pro
1325 958 1412 988 dicta
1433 959 1573 988 ecclesia
1590 959 1629 989 de
1645 959 1827 997 XVingrave
1845 959 1931 989 nolle
1950 961 2024 995 tibi,
2040 961 2133 999 juxta
2150 961 2254 991 dicta-

1245 1020 1319 1040 rum
1342 1011 1490 1050 ejusdem
1517 1012 1762 1050 predecessoris
1786 1012 1974 1042 litterarum
1996 1014 2250 1049 continentiam,

1244 1068 1449 1102 permutare,
1475 1073 1574 1102 super
1596 1064 1657 1094 hoc
1685 1065 1725 1094 ad
1747 1065 1903 1094 dilectum
1926 1065 2032 1095 tilium
2051 1089 2083 1101 ..,
2102 1067 2254 1097 abbatem

1246 1117 1358 1147 Sancti
1387 1117 1568 1154 Augustini
1598 1117 1869 1153 Cantuariensis,
1901 1122 2031 1148 nostras
2068 1119 2129 1149 sub
2166 1125 2254 1149 certa

1244 1170 1351 1199 forma
1366 1169 1494 1199 litteras
1511 1170 1708 1208 impetrasti.

1286 1235 1299 1249 n
1319 1223 1468 1261 Cumque
1485 1232 1619 1252 causam
1637 1223 1840 1262 hujusmodi,
1857 1233 1919 1262 que
1935 1224 2023 1254 inter
2040 1229 2085 1260 te,
2107 1234 2143 1255 ex
2163 1230 2254 1264 parte

1244 1284 1326 1310 una,
1346 1279 1376 1305 et
1393 1275 1524 1305 eosdem
1546 1275 1697 1305 abbatem
1716 1280 1747 1305 et
1768 1281 1967 1306 conventum
1991 1277 2103 1307 Sancti
2120 1278 2252 1313 Albani,

1245 1337 1283 1358 ex
1299 1328 1417 1363 altera,
1439 1337 1537 1366 super
1552 1329 1621 1366 Jam
1637 1328 1724 1358 dicta
1740 1329 1880 1358 ecclesia
1897 1329 1935 1359 de
1952 1330 2161 1360 Horteburne
2184 1335 2256 1360 orta

1246 1381 1364 1416 extitit,
1382 1381 1521 1410 dilectus
1539 1381 1628 1410 filius
1645 1382 1803 1419 magister
1820 1382 1990 1412 &Valterus
2009 1383 2047 1412 de
2065 1383 2252 1419 Sinemuro,

1246 1434 1427 1464 canonicus
1441 1433 1618 1464 Belnensis
1633 1434 1782 1469 ecclesie,
1797 1435 1849 1464 cui
1865 1436 2012 1472 prefatus
2029 1436 2130 1466 abbas
2143 1437 2255 1467 Sancti

1245 1487 1427 1524 Augustini
1440 1496 1538 1525 super
1554 1487 1615 1517 1106
1631 1487 1841 1517 commiserat
1858 1488 1946 1518 vices
1964 1497 2052 1523 suas,
2066 1489 2105 1518 ad
2118 1498 2254 1519 examen

1248 1540 1343 1570 Sedis
1357 1540 1545 1578 Apostolice
1561 1540 1758 1575 remisisset,
1778 1544 1809 1569 et
1824 1549 1882 1569 nos
1900 1541 1933 1569 in
1951 1541 2063 1571 eadem
2086 1550 2185 1571 causa
2206 1542 2255 1571 di-

1245 1592 1367 1623 lectum
1392 1592 1499 1622 filium
1525 1596 1674 1622 nostrum
1698 1593 1742 1628 J„
1768 1592 1858 1622 tituli
1887 1593 1999 1623 Sancti
2024 1594 2197 1624 Laurentii
2219 1595 2254 1624 in

1246 1646 1374 1676 Lucina
1395 1645 1617 1683 presbiterum
1638 1645 1855 1680 cardinalem,
1874 1645 2081 1676 dedissemus
2102 1647 2253 1685 partibus

1247 1699 1443 1732 auditorem,
1463 1698 1595 1727 demum
1611 1697 1698 1728 idem
1715 1698 1904 1734 cardinalis,
1929 1698 2023 1737 cujus
2039 1699 2254 1735 ordinationi,

1246 1751 1430 1791 provisioni
1447 1756 1478 1782 et
1493 1751 1687 1781 diffinitioni
1704 1755 1738 1780 tu
1754 1755 1785 1781 et
1801 1751 1993 1781 VVillelmus
2008 1752 2046 1782 de
2061 1752 2180 1782 Sancto
2197 1754 2255 1783 Ea-

1247 1804 1384 1839 doardo,
1407 1808 1599 1842 procurator
1616 1804 1839 1842 predictorum
1863 1803 1991 1833 abbatis
2017 1808 2048 1834 et
2074 1809 2256 1835 conventus

1249 1856 1362 1888 Sancti
1377 1856 1515 1891 Albani,
1536 1864 1649 1886 eorum
1666 1855 1815 1889 nomine,
1834 1864 1890 1885 vos
1908 1860 2022 1894 sponte
2041 1861 2071 1886 et
2087 1857 2257 1886 unanimi-

1248 1914 1297 1940 ter
1317 1909 1535 1939 submisistiS.
1556 1908 1628 1938 Lite
1653 1917 1763 1938 coram
1783 1917 1820 1938 eo
1838 1907 1986 1946 legitime
2010 1913 2206 1944 contestata,
2226 1913 2257 1940 et

1248 1963 1371 1992 auditis
1386 1962 1464 1990 111116
1480 1961 1556 1990 inde
1573 1961 1762 1999 propositis,
1781 1969 1798 1990 a
1815 1961 1910 1990 nobis
1927 1969 2057 1999 quoque
2073 1961 2210 1992 lieentia
2226 1965 2257 1992 et

1248 2015 1403 2044 mandato
1420 2014 1557 2052 speciali
1574 2022 1708 2043 causam
1720 2013 1826 2051 ipsam
1841 2022 1898 2051 per
1910 2014 2193 2051 compositionem,
2208 2023 2255 2044 or-

1249 2068 1453 2097 dinationem
1472 2070 1502 2096 et
1519 2066 1751 2096 diffinitionem
1769 2075 1805 2095 ac
1821 2065 1904 2095 alios
1920 2067 2043 2102 modos,
2064 2067 2149 2096 sicut
2165 2076 2258 2105 expe-

1248 2119 1319 2149 dire
1343 2119 1482 2154 videret,
1506 2117 1707 2148 terminandi
1727 2122 1757 2147 et
1780 2117 1956 2155 supplendi
1982 2118 2147 2148 defectum
2168 2128 2257 2148 man-

1248 2173 1316 2202 dati
1342 2172 1481 2210 predicti
1505 2171 1727 2209 procuratoris
1743 2170 1904 2206 obtentis,
1924 2180 1981 2208 pro
1998 2171 2122 2201 eisdem
2140 2171 2257 2202 abbate

1248 2229 1279 2255 et
1300 2228 1464 2254 conventu
1489 2224 1666 2253 diffinitiva
1688 2223 1854 2253 sententia
1877 2223 2098 2261 promulgata,
2122 2224 2160 2253 de
2184 2233 2258 2262 spe-

1248 2277 1325 2307 ciali
1344 2277 1498 2306 mandato
1520 2281 1632 2306 nostro
1655 2275 1786 2310 statuit,
1807 2275 1949 2313 providit
1968 2279 1998 2305 et
2017 2276 2200 2311 ordinavit,
2221 2280 2257 2306 ut

1248 2330 1407 2369 sepedicti
1430 2330 1530 2359 abhas
1554 2334 1584 2359 et
1607 2333 1788 2359 conventus
1810 2329 1849 2358 (16
1874 2329 1969 2358 bonis
1992 2330 2187 2359 monasterii
2205 2330 2257 2359 sui

1246 2383 1365 2421 viginti
1387 2383 1534 2421 quinque
1553 2391 1680 2411 marcas
1700 2381 1952 2419 sterlingorum,
1971 2382 2104 2412 nomine
2124 2383 2257 2420 pensio-

1248 2437 1312 2471 nis,
1334 2436 1459 2466 tamdiu
1478 2435 1539 2464 tibi
1556 2435 1655 2465 certis
1672 2435 1742 2464 loco
1760 2439 1790 2464 et
1810 2435 1951 2464 termino
1968 2434 2112 2470 solvant,
2131 2435 2181 2465 vel
2198 2445 2257 2465 no-

1247 2490 1336 2519 mine
1361 2494 1415 2519 tuo
1438 2489 1617 2527 deponant,
1636 2488 1739 2518 donec
1761 2488 1820 2517 tibi
1841 2488 1879 2517 de
1898 2488 2058 2517 beneficio
2082 2488 2258 2518 ecclesias-

1246 2543 1327 2577 tico,
1356 2542 1395 2571 ad
1421 2550 1533 2571 eorum
1557 2541 1608 2570 vel
1634 2541 1772 2570 alterius
1797 2541 1945 2578 ipsorum
1971 2540 2180 2570 collationem
2207 2540 2257 2571 vel

1245 2595 1527 2635 presentationem
1546 2598 1730 2632 spectante,
1748 2594 1896 2632 proximo
1913 2598 2082 2628 vacaturo,
2101 2594 2187 2631 quod
2202 2603 2257 2624 oc-

1247 2649 1397 2686 tuaginta
1416 2656 1544 2677 marcas
1568 2646 1802 2684 sterlingorum
1820 2647 1859 2675 ad
1876 2646 1986 2675 minus
2006 2646 2112 2675 valeat
2129 2656 2256 2676 annua-

1246 2702 1321 2736 tim,
1340 2701 1439 2731 etiam
1456 2703 1761 2738 quantumcumque
1780 2699 1916 2728 eandem
1936 2698 2104 2728 excederet
2122 2699 2255 2737 quanti-

1245 2758 1357 2789 tatem,
1374 2753 1434 2782 tibi
1448 2752 1602 2782 duxerint
1616 2751 1867 2790 providendum,
1883 2755 1913 2780 et
1928 2751 1962 2779 in
1979 2751 2084 2788 ipsius
2102 2751 2255 2781 beneficii

1245 2807 1350 2837 fueris
1370 2806 1506 2844 pacifica
1527 2804 1736 2843 possessione
1754 2808 1784 2833 et
1806 2803 1934 2841 integre
1956 2804 2084 2833 fructus
2100 2812 2255 2842 percepe-

1245 2860 1292 2889 ris
1313 2869 1350 2889 ex
1373 2859 1499 2889 eodem.
1518 2858 1567 2888 Ita
1590 2857 1676 2896 quod
1697 2857 1869 2887 memorati
1893 2856 1993 2886 abbas
2019 2860 2049 2886 et
2073 2861 2255 2887 conventus

2092 2922 2121 2946 56
