2498 3325
978 248 1201 286 PREMIERE
1224 248 1382 285 ΑΝΝΕΕ.
2170 255 2226 285 209

129 327 228 354 censis
251 329 279 352 et
299 325 387 360 priori
407 325 563 351 saecularis
579 324 718 351 ecclesiae
735 323 930 351 Vastinensis,
950 319 1137 346 Bituricensis

129 375 267 406 dioensis,
284 375 331 401 cui
351 374 489 407 magister
505 373 653 404 Albertus,
673 373 800 399 notarius
815 371 1006 405 apostolicus,
1025 374 1091 395 tunc
1110 369 1137 394 in

132 432 222 458 regno
239 422 376 449 Franciae
392 422 567 456 apostolicae
586 421 670 447 Sedis
686 421 808 455 legatus,
822 423 852 445 ut
869 420 984 445 unicum
997 417 1071 443 aliud
1089 417 1136 442 be-

133 472 268 499 neficium
281 479 332 498 seu
346 474 530 505 personatum
545 470 632 496 libere
645 470 794 504 reciperet,
810 469 890 495 duxit
902 467 1138 501 dispensandum,

134 522 206 547 hanc
223 520 469 554 dispensationem
486 519 644 545 confirmat.
663 517 801 551 (neam,
813 526 838 543 0.
857 517 917 549 556,
935 516 952 541 f.
970 515 1002 541 δί)
1018 517 1026 547 )

176 633 188 647 <1
227 621 365 650 Johanm·
400 621 433 649 de
463 620 598 654 Solstzco,
629 620 740 648 deca-no
775 618 972 647 Bituricensi.
1005 610 1088 646 Cum
1122 624 1140 645 a

134 673 230 703 nobis
247 690 293 701 —-.
313 673 387 702 Dat.
405 672 568 709 Anagnie,
586 672 636 701 III
652 670 825 710 idusjulii,
845 679 930 700 anno
947 669 1064 707 primo.
1085 681 1097 694 r>

205 837 292 865 688

171 899 271 925 Eidem
297 898 460 932 dispensat,
486 901 518 924 ut
541 897 712 924 decanatum
738 896 930 923 Bituricensis
953 897 1090 922 ecclesiae
1114 900 1142 922 et

133 947 187 974 alia
204 947 341 973 beneficia
357 947 480 972 retinere
496 946 596 973 valeat.
617 945 697 978 (Rau.
714 945 757 975 24,
776 954 800 972 0.
819 945 890 976 556Ί,
910 945 920 972 f
945 945 1000 978 82)

691 835 816 870 Anagni,
834 835 866 862 ⁵23
880 835 973 869 juillet
992 835 1068 860 1:¹55,

176 1060 188 1074 α
206 1048 320 1076 Eidem.
332 1048 401 1077 Tua
413 1046 509 1076 nobis
519 1047 648 1076 devotio
658 1046 866 1085 supplicavit,
878 1052 924 1077 ut.
938 1057 1011 1076 cum
1023 1052 1141 1081 tecum,

132 1105 243 1139 preter
257 1099 483 1130 ecclesiastica
496 1099 658 1129 beneficia
670 1109 733 1138 que
748 1104 824 1129 tunc
842 1109 878 1130 ex
896 1100 1143 1138 dispensatione

133 1152 315 1191 apostolica
342 1151 530 1186 obtinebas,
558 1151 695 1181 unicum
719 1157 932 1190 personatum
960 1153 1011 1182 vel
1034 1153 1143 1191 digni-

135 1210 246 1240 tatem,
267 1204 367 1234 etiam
383 1204 411 1234 si
429 1213 539 1234 curam
555 1205 741 1234 animarum
757 1205 891 1235 haberet
907 1215 1080 1241 annexam,
1097 1214 1144 1235 re-

134 1259 244 1297 cipere
262 1257 365 1287 libere
383 1262 413 1287 et
429 1257 518 1287 licite
535 1258 679 1287 retinere
696 1258 842 1293 valeres,
861 1259 888 1287 si
907 1259 966 1288 tibi
987 1259 1144 1289 canonice
1184 1259 1186 1263 '

133 1311 320 1343 offerretur,
332 1310 568 1340 constitutione
583 1310 747 1348 generalis
759 1311 892 1341 concilii
904 1321 968 1341 non
982 1312 1143 1346 obstante,

135 1364 174 1394 de
191 1363 328 1402 speciali
344 1363 448 1400 gratia
463 1363 655 1392 duxerimus
672 1363 943 1401 dispensandum,
963 1368 992 1393 et
1009 1374 1066 1402 pcr
1084 1364 1145 1394 ali-

136 1420 213 1455 quot
238 1416 307 1445 dies
329 1415 524 1445 decanatum
548 1415 770 1445 Bituriccnsis
790 1416 928 1446 ecclesie
950 1421 1024 1446 ante
1042 1417 1146 1455 impe-

135 1469 314 1499 trationem
338 1468 597 1506 dispensationis
619 1468 725 1506 ipsius
749 1469 831 1499 alias
854 1473 964 1499 tamen
988 1471 1146 1500 canonice

134 1521 240 1551 fueris
271 1525 458 1555 assecutus,
485 1521 657 1559 providere
686 1521 746 1550 tibi
771 1531 870 1559 super
898 1522 959 1551 hoc
986 1522 1023 1551 (10
1049 1522 1147 1552 solita.

135 1575 231 1605 Sedis
255 1574 433 1612 apostolice
449 1573 625 1604 clementia
649 1583 858 1610 curaremus,
883 1576 1027 1605 fructum
1044 1576 1146 1613 igitur

135 1636 233 1666 quem
258 1636 296 1657 ex
316 1627 443 1664 prefata
463 1630 575 1656 nostra
592 1627 840 1665 dispensatione
857 1632 887 1657 te
904 1628 1037 1666 assequi
1056 1628 1145 1658 vole-

136 1680 266 1715 bamus,
285 1680 319 1709 in
336 1679 521 1709 retentione
537 1683 604 1709 tam
620 1679 712 1709 licita
730 1689 829 1718 quam
844 1680 949 1710 libera
966 1680 1145 1710 decanatus

136 1733 285 1772 ejusdem
309 1732 442 1770 assequi
462 1736 493 1761 te
518 1731 683 1767 volentes,
710 1732 795 1770 quod
818 1732 926 1771 ipsum
949 1733 1145 1761 decanatum

135 1794 202 1815 una
223 1794 297 1814 cum
318 1784 475 1823 predictis
497 1784 641 1814 obtentis
661 1784 751 1814 licite
768 1784 879 1815 valeas
898 1785 1057 1817 retinere.
1078 1785 1144 1815 tuis

133 1837 287 1876 precibus
310 1836 481 1871 inclinati,
505 1840 614 1867 tecum
635 1837 830 1867 auctoritate
853 1837 1057 1875 presentium
1077 1838 1144 1868 dis-

133 1898 324 1928 pensamus,
338 1889 513 1919 dummodo
525 1893 674 1927 pretextu
686 1889 946 1927 dispensationis
958 1890 1064 1927 ipsius
1078 1899 1143 1919 non

133 1943 181 1972 sis
203 1941 399 1979 dignitatem
416 1941 467 1971 vel
486 1945 702 1979 personatum
722 1941 825 1971 alium
848 1946 1020 1972 assecutus
1037 1942 1088 1972 vel
1109 1943 1144 1972 in

134 2000 303 2034 posterum
325 1994 532 2033 assequaris;
552 1994 683 2032 proviso
704 1994 791 2033 quod
812 1994 975 2024 beneficia
998 1999 1028 2024 ct
1048 1995 1144 2025 deca-

133 2051 232 2077 natus
260 2047 407 2085 predicta
433 2046 554 2077 debitis
582 2050 643 2076 etc.
669 2056 775 2085 usque
802 2056 808 2075 :
840 2047 1039 2084 negligatur.
1068 2048 1142 2077 Dat.

134 2099 299 2137 Anagnie,
315 2099 347 2128 X
360 2098 519 2129 kalendas
536 2098 680 2137 augusti,
699 2107 785 2129 anno
800 2099 918 2137 primo.
937 2111 949 2125 »

203 2264 290 2293 (389

167 2326 266 2353 Eidem
281 2326 419 2359 indulget,
438 2329 469 2352 ut
486 2333 562 2351 unus
577 2324 611 2351 de
628 2325 775 2351 canonicis
791 2326 931 2351 ecclesiae
947 2334 972 2353 s.
990 2325 1144 2359 Ausa-egi-

132 2375 188 2401 silii
219 2374 409 2400 bituricensis
435 2381 520 2408 quem
544 2373 678 2407 elegerit,
701 2373 842 2400 insistens
865 2374 1015 2408 obsequiis
1042 2374 1143 2408 ipsius,

134 2423 226 2458 possit
243 2431 292 2457 per
311 2422 541 2456 quinquennium
562 2421 674 2448 fructus
693 2422 871 2456 praebendae
892 2422 984 2456 ipsius
1005 2423 1144 2448 ecelesiae

133 2480 198 2499 cum
218 2472 380 2506 integritate
404 2472 566 2505 percipere,
590 2479 624 2496 ac
644 2471 668 2496 si
691 2471 716 2496 in
739 2478 771 2496 ea
791 2471 978 2505 personaliter
995 2470 1141 2497 resideret..

133 2521 216 2556 (Rea.
232 2521 276 2554 Ἰ4,
294 2529 320 2547 0.
337 2520 409 2551 556³,
432 2520 449 2546 f.
467 2520 522 2552 82.)

714 2264 838 2297 Anagni,
854 2264 869 2290 0
881 2264 975 2297 juillet
996 2264 1071 2291 12:35.

175 2635 188 2649 «
214 2623 328 2651 Eidem.
351 2622 420 2651 Tua
440 2621 558 2650 merita
581 2621 785 2650 sinceritatis
807 2638 856 2649 —.
880 2622 953 2650 Dat.
978 2621 1142 2659 Anagnie‚

130 2677 195 2706 VII
213 2675 287 2705 idus
300 2675 388 2714 julii,
407 2683 494 2704 anno
510 2674 626 2712 primo.
648 2686 661 2700 n

204 2838 292 2867 690

167 2900 338 2935 Praeposito
361 2903 390 2926 et
410 2899 534 2934 capitulo
558 2898 708 2925 Fesulanis
725 2898 876 2925 confirmat
891 2904 919 2925 et
938 2900 1022 2926 refert
1037 2900 1144 2926 confir-

256 2961 481 2986 ALEXANDRE
500 2960 548 2990 IV,
566 2963 585 2985 t.
605 2960 625 2986 1.

723 2836 840 2871 Naples,
859 2837 890 2864 ¹12
906 2838 975 2864 avril
996 2839 1071 2864 1255.

1222 321 1362 346 mationcs
1388 324 1415 347 et
1440 321 1608 347 donationes
1631 323 1673 347 eis
1699 330 1713 347 a
1737 321 1891 355 Rodulpho
1915 321 1970 347 1001
1993 321 2130 355 00150000
2152 329 2227 348 anno

1223 367 1418 394 MCLXXIIII
1437 368 1474 394 Vl
1493 370 1626 395 kalendas
1639 370 1715 403 junii
1732 370 1831 395 saetas.
1851 369 1934 402 (Rae,
1948 369 1990 399 24,
2008 375 2038 395 11ο
2049 369 2122 402 55t⁴,
2140 368 2226 401 f.82.)

1264 480 1276 493 (ι
1304 490 1336 502 ..,
1358 470 1524 505 preposito.
1550 475 1574 497 et
1596 471 1729 506 capitulo
1749 470 1920 498 Fesulanis.
1943 469 2059 499 Oblata
2076 470 2171 499 nobis
2190 478 2228 499 ex

1221 523 1313 557 parte
1326 524 1435 549 vestra
1451 521 1566 557 petitio
1579 521 1781 555 continebat,
1795 521 1881 559 quod
1898 521 1981 551 bone
1999 523 2156 551 memorie
2174 523 2227 557 R,

1223 572 1407 601 Fesulanus
1434 573 1623 610 0015000115,
1645 573 1724 602 011111
1746 573 1781 601 111
1804 573 1927 602 honore
1948 573 2041 603 beate
2067 575 2170 603 Marie
2192 583 2229 603 ac

1224 625 1329 654 sancti
1353 624 1497 659 Romuli,
1517 625 1602 662 apud
1619 625 1794 663 quemdam
1809 625 1917 654 locum
1935 625 1992 663 qui
2009 626 2163 663 Figinum
2179 626 2229 655 di-

1224 677 1319 711 citur,
1341 677 1502 706 Fesulane
1520 677 1672 711 diocesis,
1690 677 1818 715 plebem
1835 681 1866 706 et
1882 677 2111 715 baptismalem
2131 678 2231 708 eccle-

1224 730 1307 759 siam
1325 729 1501 767 apostolice
1524 729 1618 759 Sedis
1644 729 1840 759 auctoritate
1859 733 2071 759 construens.
2091 730 2231 769 subJ‘ecit

1224 781 1265 815 01,
1290 781 1328 811 (10
1352 790 1516 810 consensu
1533 781 1670 819 capituli
1687 781 1757 815 sui,
1777 781 1935 819 quasdam
1955 781 2111 811 ecclesias
2130 786 2161 811 et
2177 791 2231 811 ca-

1222 833 1326 871 pellas
1344 842 1418 863 cum
1432 833 1585 864 decimis.
1604 833 1816 863 molendinis.
1834 833 2102 871 possessionibus
2119 838 2148 863 et
2162 843 2232 863 om-

1224 887 1323 916 nibus
1345 886 1420 915 aliis
1438 886 1682 924 pertinentibus
1699 886 1739 915 ad
1756 886 1899 916 casdem.
1922 887 2133 916 Postmodum
2152 896 2232 924 quo-

1225 948 1287 977 que
1306 939 1412 968 dictus
1432 939 1605 976 episcopus
1622 938 1751 976 plebem
1768 943 1799 968 et
1816 938 1991 968 ecclesiam
2009 939 2233 976 supradictam

1224 991 1411 1021 habendam
1430 996 1459 1021 01
1476 991 1692 1021 ordinandam
1711 1000 1746 1021 ac
1763 991 2002 1021 instituendam
2019 1001 2076 1029 per
2091 1001 2148 1021 vos
2164 1001 2233 1021 ves-

1225 1049 1358 1084 trosque
1376 1045 1513 1074 clericos
1531 1049 1561 1074 ct
1583 1045 1684 1075 laicos
1703 1045 1967 1082 gubernandam,
1985 1045 2089 1075 libere
2108 1054 2144 1074 ac
2161 1046 2232 1075 sine

1226 1097 1486 1127 contradictione
1496 1098 1602 1135 ipsius
1615 1097 1760 1135 episcopi
1772 1097 1822 1127 vel
1833 1106 2061 1127 successorum
2074 1097 2232 1136 ejusdem,

1226 1154 1292 1180 tam
1315 1151 1349 1179 in
1374 1150 1605 1188 spiritualibus
1623 1160 1720 1189 quam
1740 1151 1773 1179 in
1796 1150 2032 1188 temporalibus
2050 1150 2146 1188 pleno
2159 1150 2234 1189 jure

1227 1203 1319 1233 vobis
1337 1207 1367 1233 et
1388 1213 1444 1241 per
1461 1212 1517 1232 vos
1536 1203 1693 1232 canonice
1711 1202 1874 1233 Fesulane
1891 1203 2069 1237 concessit,
2088 1206 2182 1240 prout
2199 1203 2233 1231 in

1226 1256 1347 1286 litteris
1370 1256 1446 1285 inde
1468 1256 1627 1285 consectis
1651 1260 1681 1285 et
1704 1255 1851 1294 ejusdem
1870 1256 2015 1294 episcopi
2034 1255 2144 1293 sigillo
2161 1265 2234 1285 mu-

1228 1309 1308 1338 nitis
1325 1309 1455 1347 plenius
1475 1309 1672 1338 continetur.
1696 1310 1763 1338 Nos
1780 1309 1902 1347 itaque,
1925 1308 2109 1338 devotionis
2126 1312 2233 1338 vestre

1228 1363 1526 1400 supplicationibus
1545 1362 1714 1396 inclinati,
1733 1362 1819 1400 quod
1836 1362 1869 1390 in
1890 1361 1952 1391 hac
1972 1366 2063 1399 parte
2079 1370 2136 1399 per
2153 1370 2234 1391 eun-

1228 1416 1301 1445 dem
1320 1415 1508 1453 episcopum
1526 1415 1659 1453 provide
1677 1415 1798 1443 sactum
1817 1418 1882 1444 cst.
1902 1418 2009 1443 ratum
2026 1414 2185 1444 1101100105
2204 1418 2234 1443 ct

1228 1473 1377 1506 gratum,
1397 1468 1478 1497 illud
1501 1468 1695 1497 auctoritate
1718 1467 1895 1505 apostolica
1918 1468 2151 1497 confirmamus
2172 1472 2232 1497 etc.

1227 1530 1332 1559 usquc
1347 1531 1352 1549 :
1369 1521 1623 1550 communimus.
1644 1521 1805 1549 Tenorem
1822 1523 1931 1549 autem
1947 1519 2133 1549 litterarum
2145 1520 2234 1557 ipsa-

1227 1582 1299 1602 rum
1317 1573 1528 1611 presentibus
1544 1573 1648 1603 inseri
1667 1572 1839 1605 facientes,
1860 1572 1917 1610 qui
1934 1572 2009 1601 talis
2026 1575 2083 1601 est.

1824 1671 1945 1703 Fiesolc,
1964 1670 1995 1697 ‘27
2014 1671 2067 1697 mai
2086 1670 2162 1696 1174.

1270 1746 1281 1759 «
1302 1733 1508 1771 Rodulphus,
1527 1733 1665 1763 ecclesie
1682 1732 1844 1763 Fesulane
1856 1733 1916 1762 Dei
1931 1732 2036 1769 gratia
2050 1732 2234 1769 episcopus,

1230 1799 1242 1813 »
1268 1787 1386 1816 dilecto
1400 1786 1467 1816 filio
1481 1787 1665 1824 presbitero
1677 1786 1857 1824 Raynerio,
1870 1785 2035 1823 preposito
2047 1789 2077 1814 et
2089 1784 2235 1823 ejusdem

1228 1852 1241 1866 >›
1268 1839 1406 1869 ecclesie
1427 1839 1597 1873 canonico,
1622 1843 1653 1868 et
1676 1838 1843 1867 universis
1868 1838 2029 1867 fratribus
2055 1845 2235 1874 eorumque

1229 1904 1241 1919 »
1268 1892 1516 1922 successoribus
1535 1891 1693 1921 canonice
1713 1890 1955 1920 substituendis
1976 1890 2010 1918 in
2027 1893 2234 1927 perpetuum.

1228 1958 1241 1972 n
1267 1945 1383 1975 chile
1397 1945 1537 1974 actionis
1551 1944 1696 1974 officium
1710 1944 1851 1982 quisque
1865 1942 2009 1981 prelatus
2023 1942 2236 1980 prosequitur

1228 2010 1241 2024 1)
1268 1998 1422 2036 quotiens
1433 1997 1593 2026 fratribus
1606 1996 1755 2031 ecclesie,
1772 1995 1836 2026 0111.
1853 1995 1994 2024 Domino
2008 1995 2233 2032 dispensante,

1229 2064 1241 2078 1)
1268 2051 1417 2080 1105011111·
1433 2050 1611 2088 presidere,
1624 2049 1787 2079 beneficia
1804 2048 1912 2077 studet
1929 2047 2055 2084 largiri,
2070 2050 2104 2076 ut
2118 2047 2185 2075 Deo
2200 2046 2235 2075 in

1229 2116 1242 2131 r>
1268 2103 1444 2133 cotidianis
1471 2103 1589 2132 officiis
1612 2102 1770 2131 attentius
1799 2105 1830 2131 et
1855 2100 2004 2130 devotius
2032 2099 2178 2129 serviant
2205 2104 2236 2128 et

1229 2170 1241 2184 »
1268 2157 1332 2187 sibi
1360 2157 1474 2186 laudes
1505 2165 1541 2185 ac
1569 2155 1692 2193 gratias
1718 2154 1888 2184 uberiores
1915 2153 2046 2182 fidelius
2072 2152 2232 2182 exolvant.

1229 2222 1241 2236 n
1268 2211 1458 2247 Eapropter,
1487 2209 1522 2237 in
1551 2208 1685 2239 Christo
1710 2207 1822 2237 dilecti
1851 2206 1929 2239 tilii,
1961 2210 2103 2235 vestram
2133 2205 2235 2234 vitam

1229 2275 1241 2289 n
1269 2261 1496 2299 Omnipotcnti
1522 2261 1677 2299 placitam
1698 2264 1864 2298 totamque
1889 2258 2173 2288 conversationem
2196 2257 2236 2286 ab

1229 2328 1241 2341 11
1268 2315 1461 2344 hominibus
1489 2323 1553 2343 non
1582 2313 1748 2342 immerito
1784 2311 1983 2341 laudandam
2014 2310 2235 2339 attentissime

1229 2380 1242 2394 n
1270 2367 1512 2405 conspicientes
1543 2371 1640 2404 atque
1677 2366 1717 2395 ad
1751 2364 1925 2402 religionis
1955 2362 2236 2401 perseverantiam

1229 2432 1242 2446 1>
1269 2419 1465 2458 propensius
1480 2419 1702 2451 exhortantes,
1717 2418 1768 2456 pie
1781 2415 2100 2455 apredecess01·ilms
2114 2414 2235 2444 nostris

1230 2485 1242 2499 11
1268 2473 1361 2502 vobis
1378 2472 1563 2510 vestrisque
1581 2470 1848 2500 antecessorilms
1865 2469 1972 2499 oblata
1990 2468 2235 2500 confirmamus,

1228 2537 1241 2552 ι)
1268 2530 1298 2555 et
1315 2525 1343 2554 si
1358 2524 1437 2563 quid
1454 2532 1740 2562 supererogamus,
1760 2532 1778 2552 a
1800 2522 1998 2552 retributore
2014 2520 2163 2550 omnium
2179 2519 2237 2548 bo-

1229 2590 1241 2605 »
1268 2587 1385 2607 norum
1402 2577 1568 2615 premium
1587 2577 1682 2607 nobis
1699 2576 1791 2605 reddi
1810 2575 1916 2614 majus
1935 2574 2121 2611 meliusque
2138 2573 2236 2601 indu-

1229 2642 1241 2657 »
1266 2631 1411 2660 bitanter
1434 2638 1617 2667 speramus.
1640 2629 1774 2659 Plebem
1796 2629 1907 2666 itaque
1929 2626 2035 2657 sancti
2053 2625 2184 2655 Romuli
2205 2628 2237 2654 et

1229 2696 1241 2710 >)
1267 2687 1379 2713 sancte
1397 2682 1500 2711 Mario
1517 2681 1555 2711 de
1568 2682 1696 2719 Figino,
1716 2690 1813 2719 quam
1831 2679 2076 2709 construximus
2096 2677 2234 2711 noviter,

1229 2748 1241 2763 n
1268 2735 1463 2766 auctoritate
1478 2734 1658 2772 apostolica
1669 2733 1808 2769 suffulti,
1820 2731 2037 2770 etepiscopali
2051 2729 2235 2760 munimine

1228 2801 1241 2816 n
1266 2787 1570 2823 roboravirnusxui
1580 2787 1721 2822 sane,ad
1730 2795 1826 2816 usum
1836 2783 2236 2815 clericorumetlaicorum

1229 2854 1241 2868 n
1268 2841 1373 2871 01110111
1400 2840 1512 2870 (10111111
1535 2843 1725 2870 constanter
1745 2839 1779 2868 in
1805 2838 1938 2869 Christo
1963 2834 2234 2866 deservientium.

1229 2907 1241 2921 »
1269 2893 1443 2924 ecclesiam
1469 2893 1635 2931 quondam
1662 2896 1693 2922 et
1723 2891 1962 2921 monasterium
1991 2893 2102 2918 sancte
2133 2886 2236 2916 Marie

2083 2953 2111 2976 ‘27
