2441 3330
167 227 206 257 96
894 226 1134 258 REGISTRES
1155 225 1462 256 D'ALEXANDRE
1485 227 1541 257 IV.

240 291 326 321 822·

203 352 357 379 Universis
387 353 533 386 magistris
556 357 584 379 et
613 354 795 381 scholaribus
822 354 1034 382 Parisiensibus
1062 358 1177 390 propter

168 401 394 427 controversiam
418 401 492 427 inter
511 410 562 428 cos
582 406 610 428 et
625 402 764 436 quosdam
782 403 933 437 religiosos
949 412 1037 437 super
1052 403 1175 437 quibus-

168 449 232 476 dam
249 450 366 475 statutis
381 454 508 476 exortam
525 450 559 476 dc
576 451 765 483 licentiandis,
778 451 813 478 de
824 451 941 485 juribus
956 452 1128 482 cancellarii,
1141 452 1176 478 de

169 497 342 523 baccalareis
357 501 385 523 et
400 498 435 523 de
450 499 612 524 cessatione
629 500 792 526 scholarum
810 503 917 526 statuta
937 504 966 526 et
980 500 1176 527 ordinationes

169 545 313 572 moderata
329 545 377 572 dat
395 545 428 571 ad
447 546 657 573 observandum
675 556 707 574 ea
725 549 751 574 in
769 552 916 582 posterum
928 570 934 582 ,
951 558 985 575 ac
1000 549 1130 575 decernit
1146 553 1177 575 ut

171 593 356 620 Bonushomo
372 599 400 620 et
415 593 491 621 Elias
507 595 615 621 ordinis
635 595 864 623 praedicatorum
884 597 985 623 fratres
1000 598 1115 624 scholas
1132 606 1176 624 re—

167 646 270 677 gentes
282 642 410 669 Parisius
426 643 452 668 in
471 643 631 677 theologica
645 644 780 671 facultate
795 645 830 671 ad
848 645 1045 672 universitatis
1058 654 1176 672 consor-

167 692 237 718 tium
254 695 282 717 et
297 691 450 725 collegium
467 692 656 718 restituantur
671 698 699 719 ct
714 701 815 720 omnes
831 695 990 720 sententias
1007 694 1176 729 privationis

166 743 216 766 aut
237 739 427 774 separationis
450 748 549 766 corum
574 750 589 766 a
609 741 685 768 dicto
710 743 856 768 consortio
877 747 1001 768 revocat.
1022 742 1105 775 (tit—o.
1129 742 1174 774 24.

166 796 192 815 c.
208 788 284 819 277¹,
300 788 320 814 f.
335 789 382 819 39;
403 788 562 823 Porruitsr,
582 790 661 817 15801
678 802 684 821 ς
701 790 826 817 Datum:
845 795 873 817 et
894 790 1052 818 Cui-ratiis
1064 813 1070 821 .
1087 792 1176 818 Char-

167 838 304 863 tulart'um
323 837 514 863 Universitan‘s
534 838 708 866 parisiensis.
733 839 828 870 Paris,
856 840 936 871 1889,
955 842 997 871 4⁰,
1021 839 1048 871 1,
1066 847 1096 866 n⁰
1112 841 1173 872 247,

167 894 195 920 p.
210 885 283 918 2³79.)

755 292 873 328 Naples,
892 293 921 320 14
938 293 1007 320 avril
1028 292 1102 319 1255.

207 993 221 1007 (1
242 982 396 1010 [Ῑπίυενεὶε
415 983 572 1019 moqistris
589 988 614 1012 el
631 984 799 1013 scolaribus
815 985 1051 1013 parisiensibus.
1071 984 1174 1020 Quasi

165 1033 294 1071 lignum
315 1034 380 1063 vite
403 1034 437 1063 in
460 1035 613 1073 paradiso
632 1036 692 1065 Dei
712 1040 744 1065 ct
762 1036 858 1075 quasi
880 1036 1017 1066 lucerna
1034 1036 1174 1074 fulgoris

165 1086 201 1115 in
217 1086 311 1116 domo
325 1087 458 1116 Domini
475 1092 523 1117 est
539 1087 573 1117 in
588 1092 702 1118 sancta
715 1088 855 1119 ecclesia
869 1089 1055 1119 Parisiensi
1071 1089 1175 1119 studii

166 1138 355 1177 disciplina.
381 1140 449 1169 Hec
476 1140 596 1178 quippe
617 1141 707 1171 velut
731 1141 873 1172 fecunda
895 1142 1094 1172 eruditionis
1117 1152 1174 1180 pa-

164 1200 242 1221 rens
267 1192 307 1221 ad
332 1192 538 1230 irrigandum
565 1193 713 1223 sterilem
737 1194 828 1224 orbis
851 1194 971 1224 faciem
992 1194 1109 1224 fluvios
1135 1195 1173 1225 de

163 1245 321 1282 pontibus
339 1246 502 1283 sapientie
519 1246 676 1276 salutaris
694 1256 768 1276 cum
788 1247 913 1286 impetu
929 1249 1018 1278 foras
1036 1248 1173 1279 mittens

165 1296 288 1335 ubique
306 1301 467 1326 terrarum
484 1298 545 1327 Dei
563 1298 699 1328 letificat
721 1299 905 1330 civitatem.
926 1304 957 1330 et
980 1301 1015 1329 in
1032 1301 1172 1338 refrige-

163 1349 251 1379 rium
269 1350 455 1380 animarum
470 1350 682 1388 flagrantium
699 1352 755 1381 siti
767 1352 898 1391 justitie
913 1353 1009 1392 aquis
1023 1353 1171 1384 doctrine

163 1402 280 1432 dividit
306 1403 437 1440 publice
461 1403 495 1432 in
518 1403 648 1442 plateis.
675 1404 726 1434 Ibi
746 1405 906 1435 nimirum
929 1406 1101 1436 ordinatus
1122 1412 1172 1437 est

162 1464 220 1494 per
237 1456 479 1494 providentiam
501 1457 682 1488 conditoris
705 1458 745 1488 ad
769 1467 850 1497 opus
871 1463 968 1497 atque
987 1460 1172 1490 custodiam

163 1509 325 1539 dictorum
345 1509 423 1538 ordo
444 1509 636 1547 precipuus,
653 1514 689 1539 ut
712 1510 753 1540 ad
770 1511 836 1541 vite
858 1512 1003 1541 fructum
1024 1513 1171 1543 rationa-

162 1561 240 1591 bilis
257 1565 406 1591 creature
429 1561 568 1591 deducat
591 1563 761 1598 affectum,
784 1573 825 1594 ne
846 1564 881 1593 in
901 1568 1034 1601 gustum
1054 1566 1171 1596 mortis

163 1614 263 1645 vetita
283 1615 405 1644 veteris
427 1615 702 1652 prevaricationis
724 1616 881 1647 illecebra
906 1617 1094 1648 seducatur.
1120 1619 1171 1649 Ibi

162 1667 346 1697 humanum
375 1676 480 1705 genus
509 1668 684 1706 originalis
712 1669 901 1707 ignorantie
941 1671 1078 1701 cecitate
1114 1672 1171 1702 de-

161 1720 282 1755 forme,
305 1729 363 1758 per
383 1720 608 1758 cognitionem
629 1722 699 1751 veri
724 1721 878 1758 luminis,
908 1733 1006 1762 quam
1030 1725 1171 1755 scientia,

161 1773 295 1811 pietatis
316 1773 518 1811 assequitur,
540 1774 669 1804 reddita
689 1775 829 1805 visionis
849 1784 939 1814 spem
958 1777 1169 1807 reformatur.

160 1825 210 1856 Ibi
229 1826 385 1864 precipue
404 1826 457 1855 dat
476 1827 638 1857 Dominus
657 1836 776 1865 sponse
793 1837 851 1858 sue
868 1837 903 1858 os
922 1833 953 1858 et
972 1829 1170 1867 sapientiam

159 1888 196 1908 ac
220 1878 369 1915 linguam
393 1879 536 1909 misticis
559 1879 701 1918 eloquiis
726 1881 907 1917 eruditam,
936 1882 990 1911 cui
1012 1882 1169 1913 resistere

159 1931 273 1969 nequit
296 1931 404 1961 omnis
430 1931 614 1962 adversitas
637 1932 874 1970 improborum.
897 1934 943 1965 Ut
964 1934 1067 1972 igitur
1091 1944 1169 1965 con-

157 1985 253 2014 sortii
269 1985 370 2014 vestri
391 1985 667 2015 communicabile
688 1994 725 2016 ac
743 1995 917 2017 commune
937 1987 1092 2017 omnibus
1111 1988 1168 2018 bo-

159 2046 248 2073 num,
269 2038 359 2067 omni
374 2038 465 2075 pacis
484 2038 634 2068 custodia
655 2048 787 2069 servare
805 2048 970 2073 curemus.
990 2045 1020 2070 et
1037 2042 1168 2071 favora-

158 2090 281 2120 bilibus
298 2091 492 2128 patrociniis
508 2092 713 2122 communire
730 2101 770 2122 ne
791 2093 826 2122 in
846 2102 1019 2124 commune
1035 2094 1167 2132 publice

158 2143 275 2173 salutis
293 2143 416 2173 exitum
434 2143 518 2173 illud
540 2144 649 2174 emula
667 2145 816 2175 caritatis
839 2150 869 2176 et
885 2146 1021 2176 unionis
1041 2147 1165 2177 invidia

156 2196 295 2226 sathane
322 2196 522 2226 labefactare
551 2198 653 2235 possit
687 2199 825 2234 astutia,
855 2199 1018 2229 instructa
1045 2200 1165 2239 quippe

155 2244 261 2279 modis
280 2249 583 2280 innumerabilibus
612 2251 651 2280 ad
674 2252 859 2281 nocendum
886 2253 921 2282 in
947 2253 1058 2288 nobis,
1083 2263 1165 2292 quos

154 2302 231 2331 licet
256 2302 411 2339 indignos
437 2303 565 2332 cunctis
593 2303 788 2333 mortalibus
811 2305 873 2334 Dei
896 2305 1044 2342 dignatio
1067 2315 1166 2344 super

155 2355 327 2385 intendere
345 2355 448 2384 voluit
470 2355 508 2383 df·
526 2365 701 2394 suppremo
716 2356 852 2395 fastigio
872 2357 988 2387 domus
1010 2367 1068 2388 sne
1090 2367 1165 2396 pre-

155 2408 250 2445 cipua
262 2395 504 2437 'sollicitudinis
521 2408 694 2443 vigilantia
712 2409 883 2445 excitatur,
903 2414 932 2439 et
948 2420 1003 2439 cor
1015 2415 1164 2440 nostrum

153 2460 219 2490 urit
236 2470 312 2489 cure
334 2460 490 2489 stimulus
507 2461 672 2498 specialis.
699 2461 785 2491 Olim
806 2472 901 2497 sane,
927 2463 1010 2492 sicut
1036 2464 1164 2501 accepi-

154 2522 238 2547 mus,
265 2522 339 2541 111111
364 2512 562 2550 quibusdam
585 2513 768 2543 scolaribus
792 2515 1031 2545 Universitatis
1056 2521 1162 2547 vestre

152 2566 287 2603 collegis
305 2565 444 2595 fuissent
471 2576 487 2594 a
508 2566 666 2603 vigilibus
683 2567 828 2597 civitatis
853 2568 1055 2598 Parisiensis
1075 2574 1162 2599 atro-

152 2628 205 2648 ces
222 2618 343 2658 injurie
361 2618 514 2654 irrogato.
534 2628 599 2648 nno
616 2619 749 2648 illorum
765 2620 884 2655 occiso,
902 2620 1041 2659 reliquis
1056 2622 1160 2659 gravi-

153 2678 200 2702 ter
222 2672 405 2701 vulneratis
429 2677 455 2699 1-1
484 2672 516 2700 111
537 2682 700 2701 carcerem
727 2677 756 2702 et
779 2673 814 2702 in
838 2673 969 2703 vincula
990 2675 1158 2713 conjectis,

151 2725 282 2754 demunt
305 2734 377 2755 vos,
408 2724 544 2762 quibus,
572 2729 604 2753 ut
630 2725 762 2759 dicitnr,
790 2725 898 2755 felicis
921 2727 1160 2757 recordationis

151 2778 189 2807 G.
211 2787 293 2815 papa
321 2777 532 2814 prtwjletwssor
558 2783 670 2807 noster
693 2778 830 2807 indulsit
861 2783 910 2813 111,
938 2779 965 2808 si
992 2780 1083 2809 vohis
1110 2780 1159 2809 vel

151 2829 251 2859 alicui
268 2834 413 2858 vestrum
438 2830 559 2868 injuria
584 2830 631 2859 vel
649 2840 802 2860 excessus
819 2831 994 2862 inferatur,
1013 2833 1158 2862 enormis·

152 2887 259 2921 utpote
293 2882 407 2911 mortis
444 2883 489 2911 rvi
522 2883 741 2913 mutilationis
772 2884 910 2913 membri
941 2885 1155 2923 cujusquam,

1260 291 1326 321 nisi
1343 300 1487 330 congrua
1508 293 1691 324 monitione
1709 294 1873 332 premissa
1893 294 1984 325 infra
1997 294 2060 324 XV
2080 294 2152 324 die-s
2167 294 2269 325 suerit

1259 344 1478 380 satisfactum,
1502 345 1632 375 licitum
1652 346 1695 376 sit
1714 346 1807 376 vobis
1824 355 1929 385 usque
1945 346 1986 376 ad
2005 346 2268 377 satisfactionem

1258 396 1457 434 condignam
1468 398 1671 436 suspendere
1680 398 1839 429 lectiones
1853 408 1859 427 :
1874 398 2082 428 attendentes
2093 398 2268 438 quodlicet

1258 448 1360 479 iidem
1376 449 1519 480 scolares
1535 451 1796 489 quos-sacrilega
1812 451 1993 481 carceravit
2009 451 2144 490 injuria.
2162 455 2198 481 ut
2214 459 2268 482 as-

1258 502 1391 538 seritur⁷
1416 503 1509 534 vobis
1539 503 1682 534 fuissent
1709 505 1743 534 in
1773 505 1919 535 crastino
1949 504 2070 535 redditi
2095 504 2265 540 semivivi,

1254 555 1386 594 justitie
1403 560 1511 586 tamen
1535 557 1685 587 executio
1707 557 1742 586 in
1764 557 1965 596 injuriarum
1983 556 2174 596 hujusmodi
2196 565 2266 595 pre-

1259 613 1444 648 sumptor-es
1461 610 1635 640 videbatur
1650 610 1737 640 ultra
1754 611 1902 641 debitum
1923 610 2105 649 prorogari,
2125 609 2232 642 scolas
2247 619 2267 640 a

1256 661 1458 693 lectionibus
1471 663 1687 701 suspenditis.
1702 664 1825 693 Verum
1841 672 1916 693 cum
1933 672 1993 693 nec
2009 663 2056 693 sic
2067 663 2198 702 justitie
2213 662 2266 694 de-

1256 714 1363 744 bitum
1379 715 1579 753 proveniret,
1599 724 1672 750 vos,
1695 719 1784 745 tante
1800 715 2009 745 enormitatis
2031 715 2172 745 articulo
2187 723 2266 754 sug-

1257 771 1403 804 gerente,
1423 767 1462 797 de
1480 768 1646 798 communi
1661 768 1801 798 consilio
1817 768 1859 798 ad
1873 768 1978 798 dictas
1993 768 2136 807 injurias
2151 776 2266 798 secun-

1257 820 1334 850 dum
1350 821 1456 850 Deum
1472 825 1503 851 et
1515 821 1682 860 justitiam
1699 825 1861 860 quantum
1872 821 1966 851 vobis
1980 822 2065 851 foret
2081 820 2221 856 licitum,
2236 820 2266 851 si

1253 873 1377 913 judicis
1395 878 1576 912 tepesceret
1599 874 1759 908 officium,
1779 873 2039 913 p1·osequendas·‚
2061 878 2091 904 et
2110 873 2150 903 ad
2166 881 2267 912 quas-

1257 926 1332 956 dam
1353 926 1581 957 ordinationes
1604 927 1688 956 alias
1709 936 1767 957 vos
1786 935 1845 966 per
1865 927 2100 965 obligationem
2131 926 2266 957 robora-

1257 982 1322 1009 tam
1342 979 1741 1019 juramentisadbibitis,
1766 985 1801 1010 ut
1823 979 1955 1014 dicitur,
1980 979 2196 1010 astrinxistis.
2226 979 2267 1010 Et

1257 1041 1358 1071 quare
1376 1032 1553 1071 superbiis
1572 1033 1713 1063 dilectus
1730 1033 1819 1063 filius
1836 1033 1950 1063 Bonus
1967 1033 2073 1063 Homo
2090 1036 2120 1063 et
2139 1031 2266 1072 Helyas

1255 1084 1396 1123 predicti
1427 1085 1554 1115 ordinis
1584 1086 1704 1115 fratres
1732 1085 1838 1116 scolas
1869 1090 2022 1124 regentes
2049 1085 2201 1116 Parisius
2229 1084 2278 1119 in,

1257 1137 1441 1176 theologica
1461 1138 1619 1168 facultate
1640 1148 1677 1168 ex
1694 1139 1794 1169 certis
1814 1127 1925 1169 ca'usis
1941 1148 1976 1169 se
1998 1137 2266 1169 ordinationibus

1256 1195 1287 1220 et
1302 1191 1498 1229 obligationi
1516 1191 1707 1231 hujusmodi
1719 1192 1870 1222 subicere
1886 1191 2065 1221 noluerunt
2085 1191 2125 1221 ad
2147 1190 2266 1221 Sedem

1255 1244 1469 1282 apostolicam
1486 1244 1696 1282 appellando;
1718 1254 1773 1275 cos
1794 1244 1878 1275 bone
1898 1245 2067 1275 societatis
2083 1244 2117 1274 in
2141 1243 2265 1282 magis-

1256 1296 1396 1326 tralibus
1426 1297 1635 1335 privavistis,
1662 1298 1817 1336 ipsosque
1843 1297 1989 1336 privatos
2016 1296 2147 1336 publice
2177 1304 2264 1327 nun·-

1255 1350 1381 1380 ciantes
1398 1350 1592 1390 injunxistis
1606 1351 1756 1381 districte
1771 1355 1804 1380 ut
1820 1350 1964 1381 scolares
1979 1350 2139 1381 lectiones
2150 1358 2264 1380 eorum

1254 1402 1293 1432 de
1310 1407 1419 1433 cetero
1441 1412 1507 1433 non
1527 1403 1696 1439 audirent,
1719 1412 1760 1433 ne
1780 1403 1928 1442 ipsorum
1946 1403 2114 1433 auditores
2136 1411 2156 1433 a
2178 1411 2265 1442 pena

1254 1465 1353 1494 quam
1375 1457 1587 1487 Universitas
1609 1457 1761 1495 infligere
1785 1456 1908 1487 talibus
1934 1457 2107 1487 consuevit
2131 1465 2167 1487 se
2188 1465 2264 1495 pos-

1254 1513 1328 1539 sent
1355 1518 1414 1548 per
1439 1509 1664 1547 ignorantiam
1693 1519 1861 1540 excusare.
1892 1511 2034 1540 Demum
2058 1518 2133 1539 cum
2161 1509 2264 1539 iidem

1253 1562 1374 1592 fratres
1385 1572 1483 1601 super
1492 1563 1554 1593 hoc
1570 1563 1610 1593 ad
1624 1563 1709 1593 dicte
1723 1563 1819 1593 Sedis
1828 1563 2010 1601 presidium
2022 1562 2262 1601 confugissent,

1253 1614 1362 1645 felicis
1378 1616 1617 1646 recordationis
1638 1617 1662 1646 Ι.
1687 1625 1770 1655 papa
1791 1616 2004 1654 predecessor
2024 1620 2137 1646 noster
2151 1614 2264 1646 audito

1254 1667 1341 1706 quod
1356 1668 1444 1698 inter
1460 1677 1516 1698 vos
1533 1673 1564 1698 et
1585 1669 1688 1705 cives,
1708 1669 1766 1708 qui
1782 1669 1946 1707 predictas
1970 1668 2113 1708 injurias
2135 1668 2264 1706 irroga-

1252 1724 1338 1755 rent,
1365 1720 1530 1750 discordia
1552 1730 1610 1759 pcr
1633 1721 1896 1751 satisfactionem
1920 1722 2027 1751 suerat
2046 1721 2115 1760 jam
2139 1720 2260 1759 sopita,
2304 1758 2313 1761 ἢ

1253 1773 1368 1804 volens
1384 1774 1422 1804 de
1442 1774 1551 1804 medio
1567 1779 1714 1805 vestrum
1729 1775 1953 1805 controversie
1969 1783 2176 1805 summovere
2191 1782 2262 1804 ma-

1253 1826 1371 1856 teriam
1392 1831 1423 1856 et
1438 1827 1574 1865 pacifice
1591 1828 1771 1858 reformare
1793 1832 1907 1858 mutue
1927 1827 2077 1857 caritatis
2093 1827 2259 1862 affectum,

1252 1879 1341 1917 ipsos
1358 1880 1478 1909 fratres
1497 1881 1536 1910 ad
1555 1885 1702 1910 vestrum
1718 1880 1895 1918 collegium
1913 1885 1944 1910 et
1961 1880 2166 1910 consortium
2190 1888 2262 1910 res-

1252 1931 1341 1961 tituit
1358 1932 1396 1961 de
1413 1933 1519 1970 gratia
1536 1932 1682 1971 speciali.
1707 1933 1972 1963 Prohibitionem
1989 1942 2049 1963 seu
2068 1932 2261 1962 mandatum

1251 1984 1374 2014 factum
1391 1985 1575 2015 scolaribus
1592 1985 1799 2016 auditoribus
1818 1985 1998 2016 eorundem
2016 1985 2150 2024 penitus
2165 1993 2261 2015 revo-

1251 2037 1365 2072 cando,
1384 2046 1420 2066 ac
1439 2038 1545 2067 dando
1562 2038 1654 2068 vobis
1671 2039 1741 2068 suis
1756 2038 1878 2069 litteris
1893 2039 1928 2068 in
1944 2038 2122 2074 mandatis,
2138 2042 2174 2068 ut
2189 2046 2260 2076 pre-

1251 2089 1355 2120 dictos
1372 2090 1491 2120 fratres
1505 2091 1577 2120 sine
1594 2091 1786 2121 difficultate
1803 2100 1862 2121 seu
1876 2091 2034 2122 dilatione
2051 2094 2259 2121 resumentes

1251 2142 1291 2172 ad
1310 2147 1433 2172 statum
1454 2143 1634 2181 pristinum
1656 2148 1686 2174 et
1710 2144 1750 2173 ad
1773 2143 1950 2181 collegium
1968 2144 2203 2182 magistrorum
2221 2151 2258 2173 ac

1251 2195 1490 2226 Universitatis
1515 2196 1718 2226 consortium
1743 2197 1975 2232 admittentes,
2004 2206 2060 2227 eos
2085 2196 2258 2227 occasione

1248 2248 1488 2286 premissorum
1510 2249 1701 2279 nullatenus
1722 2250 1900 2285 vexaretis,
1926 2249 2173 2280 venerabilibus
2190 2250 2258 2279 fra-

1249 2301 1356 2331 tribus
1373 2302 1496 2331 nostris
1523 2325 1555 2336 ..‚
1577 2302 1820 2332 Silvanectensi
1843 2307 1874 2333 et
1898 2326 1931 2338 ..‚
1955 2303 2150 2333 Ebroicensi
2168 2303 2257 2341 epis-

1249 2355 1353 2393 copis,
1381 2364 1479 2393 super
1499 2354 1560 2384 hoc
1580 2356 1727 2385 mandati
1752 2355 1924 2394 apostolici
1947 2355 2178 2386 executoribus
2200 2355 2257 2385 de-

1246 2408 1382 2445 putatis.
1413 2409 1454 2437 At
1485 2408 1561 2438 licet
1594 2408 1633 2437 ad
1667 2418 1722 2438 vos
1753 2409 1943 2439 mandatum
1976 2408 2199 2439 restitutionis
2224 2412 2255 2438 et

1245 2461 1466 2490 revocationis
1482 2461 1672 2499 hujusmodi
1690 2462 1881 2499 thI'Vt·sslsse
1898 2462 2037 2497 dicatur,
2063 2461 2128 2499 ipsi
2145 2465 2253 2491 tamen

1245 2514 1365 2543 fratres
1395 2523 1499 2553 usque
1531 2524 1617 2544 nunc
1639 2515 1777 2552 adipisci
1802 2516 1914 2544 etlicax
1941 2524 2000 2545 sue
2028 2512 2254 2544 restitutionis

1245 2567 1451 2596 commodum
1481 2567 1573 2596 vobis
1601 2568 1741 2606 quedam
1767 2568 1990 2598 obiciennhus
2018 2568 2251 2607 nequiverunt.

1244 2620 1398 2649 Ceterum
1416 2630 1483 2655 vos,
1506 2619 1564 2648 tilii
1586 2621 1735 2656 mag-{istri
1759 2621 1792 2650 in
1813 2621 1990 2658 Theologia
2008 2621 2158 2651 Parisius
2174 2624 2253 2650 tunc.

1244 2677 1413 2709 regentes,
1433 2673 1491 2702 bec
1513 2678 1645 2703 statuta.
1670 2674 1909 2704 ‹lt—liberatione
1932 2674 2061 2709 habita,
2086 2674 2249 2709 edidistis,

1244 2731 1279 2755 ut
1308 2726 1457 2755 videlicet
1483 2726 1520 2755 111·
1547 2730 1655 2755 cetero
1682 2726 1856 2765 religiosus
1880 2727 2002 2765 aliquis
2029 2736 2094 2756 non
2124 2726 2251 2756 liabens

1243 2779 1416 2815 collegium
1447 2779 1596 2809 Pal-isin>-
1621 2786 1649 2809 ct
1677 2781 1729 2809 1-111
1756 2786 1803 2809 est
1836 2790 1853 2809 a
1877 2781 1952 2819 jure
1976 2779 2107 2818 publice
2134 2780 2250 2810 docere
2282 2771 2285 2773 ⁵

1241 2831 1457 2870 prohibitum,
1476 2832 1515 2861 ad
1534 2833 1725 2862 soci‹;›tat‹-111
1739 2833 1973 2870 magistrorum
1990 2832 2181 2862 nullatenus
2197 2831 2250 2861 ad·

1242 2885 1392 2915 mittatur
1409 2895 1413 2913 :
1430 2890 1462 2914 ut
1479 2895 1541 2924 quc
1556 2885 1686 2923 singula
1704 2886 1935 2923 religiosorum
1949 2885 2087 2922 collegia
2103 2884 2246 2923 singulis
