2441 3330
165 220 221 250 150
889 220 1129 252 REGISTRES
1150 220 1457 250 D'ALEXANDRE
1481 221 1536 250 IV.

165 298 177 312 n
202 285 355 316 obstante
380 286 603 324 predictarum
630 287 816 317 litterarum
839 287 1034 317 auctoritate
1057 292 1170 317 tenore

165 351 178 365 »
202 338 407 377 presentium
434 338 681 377 dispensamus,
706 340 837 378 proviso
864 340 950 379 quod
975 339 1116 370 ecclesia
1140 343 1172 370 et

164 404 176 418 »
202 391 364 422 beneficia
386 392 458 430 ipsa
481 392 602 422 debitis
625 397 686 423 etc.
710 402 816 431 usque
838 403 844 422 ι
869 392 1068 430 negligatur.
1095 392 1168 421 Dat.

165 457 177 471 »
202 444 354 482 Neapoli,
371 445 477 483 primo
493 446 584 481 maii,
602 446 685 476 XIII
699 446 894 476 indictione.
911 457 924 472 »

202 496 295 527 Nulli
318 501 379 527 etc.
406 501 517 527 nostre
543 498 806 528 confirmationis
831 502 892 528 etc.
918 498 991 527 Dat.
1014 497 1169 535 Neapoli,

162 550 224 580 XV
241 549 400 579 kalendas
414 550 513 588 junii,
533 559 619 580 anno
638 551 754 589 primo.
778 563 790 576 »

232 735 324 763 513

197 795 338 822 Jacobum
357 797 528 823 monachum
546 797 711 824 monasterii
728 805 753 824 s.
774 797 896 824 Firmani
912 797 1022 824 ordinis
1035 805 1059 824 s.
1078 796 1171 823 Bene-

161 846 242 879 dicti,
260 845 409 872 Fit-manae
425 845 559 878 diocesis,
578 847 605 872 in
621 847 752 873 abbatem
768 846 899 880 ejusdem
916 846 970 872 loci
986 847 1123 873 canonice
1139 854 1172 873 ac

163 894 344 921 concorditer
355 904 370 921 a
386 899 529 921 conventu
545 896 683 925 electum,
701 900 729 922 et
745 895 779 921 ab
795 896 932 930 episcopo
951 894 1083 921 Firmano
1099 903 1172 921 con-

162 944 305 970 firmatum
319 944 479 971 confirmat.
497 944 580 977 (lino.
598 944 641 976 ⁵24,
659 953 684 971 c.
703 944 764 975 4211,
782 944 800 971 f.
818 944 886 975 60¹.)

766 735 882 770 Naples,
902 735 931 762 14
949 736 1003 761 mai
1022 735 1099 762 1255.

205 1057 217 1071 t(
246 1046 367 1079 Jacobo,
394 1046 495 1074 abbati
524 1047 704 1075 monasterii
733 1047 833 1075 sancti
863 1047 1023 1080 Firmani,
1052 1045 1172 1075 ordinis

161 1099 262 1127 sancti
274 1098 437 1133 Benedicti,
452 1099 597 1128 Firwartc
610 1099 745 1130 diocesis.
759 1098 963 1136 Significasti
975 1098 1070 1128 nobis
1085 1098 1172 1137 quod

162 1167 211 1179 —-.
229 1151 302 1180 Dat.
321 1150 471 1188 Neapoli,
492 1152 523 1180 II
541 1151 615 1180 idus
633 1151 723 1186 maii,
743 1160 829 1181 anno
845 1151 962 1189 primo,
984 1164 996 1177 »

231 1333 323 1362 514

195 1395 341 1430 Episcopo
359 1395 555 1430 Magalonensi
571 1397 700 1428 mandat,
719 1400 750 1423 ut
766 1396 998 1423 deliberationem
1016 1398 1128 1424 abbatis
1143 1402 1172 1425 et

161 1448 323 1471 conventus
352 1444 517 1470 monasterii
543 1444 781 1476 Psalmodiensis,
805 1445 1015 1472 Nemausensis
1034 1446 1170 1479 diocesis,

160 1496 335 1520 statuentem
358 1496 388 1518 ut
409 1497 547 1528 perpetuo
568 1493 726 1520 decanatus
751 1494 856 1520 existat
875 1495 903 1520 in
925 1496 1098 1522 monasterio
1120 1504 1172 1522 su-

160 1541 299 1577 pradicto.
317 1542 476 1569 confirmet.
496 1541 577 1574 (Rae.
594 1542 642 1574 Q4,
659 1551 684 1569 e.
703 1543 764 1576 42¹2,
781 1543 800 1570 f.
818 1543 886 1576 θον.)

764 1334 880 1369 Naples‚
899 1335 928 1361 tl
948 1335 1002 1361 mai
1022 1335 1098 1362 1255.

204 1656 218 1670 «
241 1666 273 1678 ..,
292 1645 424 1681 episcopo
438 1644 657 1681 Miz-(salonensi.
674 1644 796 1674 Petitio
815 1644 1010 1675 dilectorum
1025 1645 1171 1675 filiorum

164 1719 196 1733 ..‚
223 1696 352 1726 abbatis
377 1701 407 1726 et
431 1701 613 1727 conventus
634 1697 829 1728 monasterii
855 1698 1106 1734 Salmodiensis,
1131 1699 1172 1728 ad

162 1751 347 1780 Romanam
370 1748 553 1779 Ecclesiam
569 1750 660 1780 nullo
680 1750 789 1780 medio
808 1751 1019 1789 pertinentis,
1043 1751 1171 1782 ordinis

161 1802 268 1832 sancti
284 1802 468 1836 Benedicti,
486 1803 727 1833 Nemausensis
743 1803 896 1840 diocesis,
912 1803 1008 1833 nobis
1024 1804 1172 1834 exhibita

160 1854 361 1885 continebat,
377 1855 463 1893 quod
473 1855 551 1893 ipsi,
569 1856 777 1886 attendentes
789 1856 876 1894 quod
891 1865 928 1886 ex
945 1857 1171 1887 subtractione

159 1906 258 1937 officii
276 1906 457 1936 decanatus
474 1907 561 1946 qnod
578 1908 617 1937 ab
635 1908 771 1946 antiquo
790 1917 862 1939 esse
883 1909 918 1938 in
935 1909 1021 1939 dicto
1037 1918 1171 1940 monas—

160 1960 243 1990 terio
259 1960 431 1989 consucvit
447 1960 534 1990 idem
551 1961 791 1991 monasterium
809 1961 997 2000 patiebatur
1014 1962 1049 1991 in
1065 1962 1170 2000 pluri-

158 2013 220 2042 bus
237 2012 488 2048 detrimentum,
513 2013 752 2044 deliberatione
773 2015 910 2052 provida
931 2018 1119 2045 statuerunt
1133 2019 1170 2045 ut

158 2069 316 2104 perpetuo
341 2066 520 2095 decanatus
545 2067 664 2096 existat
686 2067 721 2096 in
744 2068 945 2097 monasterio
967 2068 1167 2106 supradicto,

158 2118 244 2157 quod
258 2118 426 2156 petierunt
439 2127 496 2156 per
511 2119 628 2149 Sedem
643 2119 856 2157 apostolicam
870 2120 1071 2150 confirmari.
1085 2121 1168 2156 Quo-

157 2172 245 2201 circa
258 2172 455 2201 mandamus
470 2172 628 2210 quatinus
643 2173 729 2211 quod
743 2182 841 2211 snper
851 2173 913 2203 hoc
927 2174 967 2203 ab
981 2174 1029 2203 eis
1044 2174 1169 2203 sactum

157 2228 217 2259 est,
234 2224 429 2254 auctoritate
441 2228 555 2254 nostra
568 2225 754 2261 confirmes,
773 2226 801 2255 si
817 2226 1019 2256 monasterio
1035 2226 1107 2264 ipso
1123 2226 1168 2255 vi-

155 2276 243 2307 deris
278 2277 443 2315 expedire.
475 2277 548 2306 Dat.
582 2277 738 2316 Neapoli,
772 2279 803 2308 II
835 2279 911 2309 idus
946 2279 1027 2308 maii
1041 2302 1046 2313 ,
1080 2287 1166 2309 anno

154 2329 271 2367 primo.
290 2341 302 2355 n

223 2506 315 2535 515

187 2567 280 2594 Priori
303 2571 331 2594 et
353 2568 491 2595 fratribus
513 2577 546 2595 ae
569 2569 719 2595 sororibus
741 2570 881 2596 ecclesiae
904 2578 944 2597 ss.
967 2570 1065 2602 Marci,
1087 2571 1163 2597 Mar-

151 2617 246 2643 cellini
263 2621 292 2643 et
307 2616 384 2643 Petri
400 2604 562 2644 Brixiensis
578 2618 682 2644 dictam
700 2618 862 2650 ecclesiam,
879 2628 893 2644 a
906 2619 996 2645 bonae
1010 2620 1164 2646 memoriae

151 2667 200 2697 A„
218 2665 355 2700 episcopo
372 2665 528 2697 Brixiensi‚
543 2674 723 2699 concessam,
734 2668 894 2694 confirmat.
909 2668 992 2701 (Rau.
1006 2668 1049 2700 24,
1061 2677 1087 2695 c.
1100 2669 1162 2701 4‘23,

151 2715 168 2740 t.
187 2713 254 2747 (ὅθ’.)

757 2507 874 2542 Naples,
892 2508 924 2535 ‘23
941 2510 996 2535 mai
1014 2510 1091 2536 1255.

192 2827 205 2841 α
231 2838 262 2851 ..,
282 2816 386 2853 priori
406 2820 431 2844 et
451 2817 602 2852 fratribus
620 2826 655 2846 ac
674 2818 827 2846 sororibus
846 2818 963 2847 ecclesie
985 2824 1162 2848 sanctorum

149 2870 256 2904 Marci,
274 2869 450 2898 Marcellini
466 2874 491 2898 et
507 2870 590 2898 Petri
604 2870 785 2905 Br'ioez'erzsis,
801 2871 920 2900 ordinis
939 2872 1038 2900 sancti
1052 2872 1161 2901 Marci.

1255 286 1299 315 Ex
1323 290 1436 315 tenore
1458 291 1564 317 vestre
1588 287 1758 325 petitionis
1775 287 1962 326 accepimns
1984 288 2070 326 quod
2091 288 2174 318 bone
2195 297 2264 319 me-

1253 338 1356 368 morie
1377 339 1433 372 A..
1458 339 1631 378 episcopus
1650 340 1850 374 Brixiensis,
1875 339 2049 370 ecclesiam
2074 345 2264 371 sanctorum

1253 391 1426 420 martirum
1451 391 1625 421 Marcelini
1647 397 1678 422 et
1699 392 1788 422 Petri
1811 392 2019 422 Brixiensem
2042 397 2119 422 tunc
2144 401 2264 423 vacan-

1254 447 1335 478 tem,
1355 443 1393 473 de
1412 452 1577 474 consensu
1595 444 1731 483 capituli
1749 445 1952 479 Brixiensis,
1975 445 2067 475 vobis
2085 454 2159 476 cum
2177 445 2264 484 juri-

1254 496 1315 525 bus
1339 501 1367 531 et
1386 497 1599 534 pertinentiis
1615 507 1652 528 ac
1672 498 1768 528 bonis
1785 498 1855 528 suis
1874 498 2008 536 provida
2024 498 2264 529 deliberatione

1253 550 1428 583 concessit,
1449 554 1598 581 statuens
1616 552 1702 590 quod
1718 551 1857 581 ecclesia
1870 552 1941 590 ipsa
1954 552 1988 581 in
2002 556 2197 590 perpetuum
2211 561 2264 583 re-

1254 601 1380 640 gularis
1410 603 1529 632 existat
1556 603 1669 642 ibique
1699 604 1778 634 ordo
1806 608 1915 634 vester
1944 604 2112 642 perpetuis
2140 603 2263 634 futuris

1255 655 1458 693 temporibus
1473 655 1677 691 observetur,
1693 661 1723 686 et
1738 656 1824 695 quod
1840 656 1953 686 nullus
1969 657 2058 695 prior
2074 656 2264 695 preficiatur

1254 708 1388 743 ibidem,
1406 709 1471 738 nisi
1487 718 1585 747 quem
1599 714 1782 739 conventus
1795 709 1902 747 ipsius
1915 713 1971 739 aut
1985 709 2089 748 major
2105 713 2135 738 et
2151 708 2265 739 sanior

1253 770 1329 799 pars
1354 761 1502 800 ejusdem
1523 766 1705 792 conventus
1724 762 1882 792 canonice
1907 762 2037 792 duxerit
2061 761 2262 799 eligendum,

1253 814 1378 844 electus
1411 824 1486 844 vero
1519 815 1708 854 hujusmodi
1737 824 1794 853 pro
1829 815 2092 845 confirmationis
2127 823 2265 845 munere

1253 854 1432 896 obtinendo
1446 867 1611 897 Brixicnsi
1626 868 1778 906 episcopo
1787 867 1845 906 qui
1856 876 1914 906 pro
1927 871 2072 906 tempore
2084 867 2185 897 fucrit
2195 875 2265 906 pre-

1254 923 1403 949 sentetur
1419 930 1455 949 ac
1473 920 1501 949 ei
1518 920 1743 950 obedientiam
1761 920 1913 951 exhibeat
1931 920 2118 950 manualem
2135 930 2141 948 :
2156 923 2265 958 prete-

1253 980 1309 1001 rea
1325 972 1492 1001 institutio
1513 976 1543 1001 et
1565 973 1687 1003 amotio
1704 974 1846 1002 fratrum
1865 977 1896 1002 et
1917 981 2066 1002 sororum
2085 981 2122 1002 ac
2140 971 2266 1002 officia-

1250 1024 1334 1054 lium
1344 1025 1490 1064 ejusdetn
1499 1026 1637 1056 ecclesie
1650 1027 1837 1064 pertineant
1849 1026 2059 1056 solummodo
2073 1025 2112 1055 ad
2122 1025 2266 1064 priorem

1253 1082 1284 1108 et
1300 1082 1499 1107 conventum
1520 1078 1658 1109 ecclesie
1678 1083 1869 1109 memorate.
1895 1080 1942 1109 Ita
1963 1078 2049 1118 quod
2068 1078 2155 1108 idem
2179 1077 2264 1116 epis-

1254 1140 1354 1169 copus
1373 1140 1407 1160 se
1424 1131 1462 1160 de
1480 1131 1546 1161 hiis
1566 1131 1631 1161 nisi
1650 1140 1707 1170 pro
1721 1132 1809 1170 justa
1825 1135 1855 1161 et
1874 1131 2019 1161 evidenti
2040 1140 2140 1161 causa
2156 1129 2266 1160 nulla-

1253 1188 1350 1213 tenus
1371 1184 1570 1214 intromittat
1591 1188 1621 1214 et
1644 1184 1729 1223 quod
1755 1184 1895 1214 ecclesia
1915 1184 1987 1222 ipsa
2012 1188 2077 1213 tam
2102 1183 2136 1212 in
2158 1183 2265 1222 capite

1254 1246 1352 1275 quam
1378 1237 1410 1266 in
1438 1237 1597 1267 membris
1621 1237 1660 1266 ab
1685 1237 1775 1267 omni
1799 1237 2001 1275 prestatione
2026 1237 2265 1276 eujtiscumque

1254 1289 1447 1324 exactionis,
1464 1290 1500 1318 in
1517 1289 1638 1328 quibus
1655 1289 1761 1319 eidem
1779 1290 1816 1319 A.
1832 1290 1984 1328 episcopo
1998 1294 2028 1319 et
2045 1289 2115 1319 suis
2132 1297 2266 1319 sucees-

1254 1341 1385 1371 soribus
1408 1342 1547 1371 forsitan
1567 1345 1769 1376 tenerentur,
1789 1342 1831 1371 sit
1852 1341 1959 1371 libera
1981 1346 2011 1372 et
2032 1345 2192 1380 exempta,
2212 1349 2265 1371 re-

1254 1394 1468 1424 servato'sibi
1491 1399 1522 1424 et
1545 1394 1693 1433 ejusdem
1719 1394 1968 1424 suecessoribus
1990 1394 2025 1423 in
2049 1394 2182 1432 signum
2208 1393 2266 1424 do-

1254 1447 1351 1476 minii
1383 1455 1484 1476 censu
1516 1456 1626 1476 annuo
1654 1447 1754 1476 unius
1786 1447 1869 1476 libre
1898 1456 1971 1477 rere
2003 1450 2091 1476 certo
2124 1446 2266 1476 termino

1255 1499 1450 1533 exhibende,
1467 1504 1562 1537 prout
1578 1499 1612 1528 in
1630 1500 1820 1537 patentibus
1836 1499 1958 1528 litteris
1975 1499 2135 1529 consectis
2149 1498 2266 1529 exinde

1254 1560 1290 1581 ac
1316 1551 1426 1589 sigillo
1451 1552 1596 1590 episcopi
1622 1552 1794 1582 memorati
1819 1552 1959 1589 signatis
1987 1551 2120 1590 plenius
2145 1551 2267 1581 dicitur

1253 1604 1427 1633 contineri.
1458 1605 1526 1634 Nos
1557 1604 1669 1642 itaque
1696 1604 1816 1634 vestris
1842 1603 2141 1643 supplicationibus
2167 1603 2267 1634 incli-

1254 1657 1335 1692 nati,
1354 1657 1441 1696 quod
1463 1666 1562 1695 super
1582 1657 1756 1695 premissis
1777 1657 1830 1695 pie
1853 1666 1889 1686 ac
1910 1656 2045 1695 provide
2070 1656 2195 1686 factum
2217 1660 2266 1686 est

1253 1715 1283 1739 et
1303 1714 1411 1740 ratum
1427 1714 1458 1739 et
1474 1711 1607 1739 firmum
1626 1710 1803 1745 hahentes,
1821 1709 1855 1739 id
1873 1709 2069 1739 auctoritate
2087 1708 2266 1748 apostolica

1253 1763 1487 1793 confirmamus
1502 1766 1563 1793 etc.
1580 1771 1686 1802 usque
1702 1773 1709 1792 :
1727 1762 1982 1793 communimus.
2000 1762 2094 1792 Nulli
2113 1766 2172 1792 etc.
2192 1770 2252 1792 nos

1252 1819 1301 1845 tre
1319 1815 1581 1845 confirmationis
1598 1820 1658 1845 etc.
1678 1816 1752 1845 Dat.
1772 1814 1922 1854 Neapoli,
1942 1815 1973 1844 X
1988 1814 2148 1845 kalendas
2162 1814 2251 1854 junii

1253 1877 1339 1898 anno
1354 1868 1472 1906 primo.
1492 1880 1505 1895 »

1321 2032 1410 2062 516

1289 2095 1439 2122 Fratribus
1463 2096 1489 2123 b.
1511 2095 1617 2122 Mariae
1638 2095 1672 2121 de
1689 2095 1785 2121 Monte
1802 2094 1906 2121 Sonaio
1924 2094 2105 2128 Florentino,
2125 2093 2223 2120 Servis
2237 2101 2262 2120 s.

1251 2144 1357 2171 Mariae¹
1369 2145 1525 2178 vulgariter
1538 2144 1722 2179 nuncupatis,
1736 2143 1836 2170 tribuit
1848 2144 1991 2170 licentiam
2004 2143 2161 2178 recipiendi
2173 2142 2264 2177 legata

1250 2198 1278 2220 et
1293 2194 1493 2228 eleemosynas
1511 2202 1527 2219 a
1543 2192 1651 2219 Christi
1667 2192 1801 2219 fidelibus
1819 2200 1868 2226 pro
1884 2193 1966 2218 oratii
1982 2195 2010 2218 et
2025 2191 2176 2218 domorum
2192 2199 2264 2218 con-

1250 2243 1419 2269 structione.
1439 2242 1521 2275 (Rae.
1538 2242 1580 2273 ζ24,
1599 2250 1623 2268 c.
1642 2242 1705 2271 424,
1722 2242 1741 2268 f.
1759 2242 1829 2274 60¹⁷.)

1854 2032 1970 2067 Naples,
1990 2032 2022 2059 19
2039 2033 2094 2059 mai
2114 2032 2192 2060 1255.

1291 2356 1303 2371 «
1325 2367 1356 2378 ..,
1372 2345 1475 2381 priori
1489 2349 1514 2372 et
1531 2344 1682 2380 fratribus
1699 2345 1779 2373 beate
1794 2344 1889 2372 Mario
1908 2343 1941 2372 de
1956 2343 2052 2372 Monte
2067 2343 2180 2372 Sonaio
2196 2342 2261 2371 Flo-

1247 2398 1383 2431 rentino,
1403 2397 1491 2425 Servi
1510 2401 1611 2426 sancte
1626 2397 1722 2426 Maria
1739 2397 1912 2434 vulqariter
1932 2396 2124 2433 nuncupati,
2142 2395 2261 2424 ordinis
2303 2395 2307 2398 ’

1246 2450 1347 2478 sancti
1370 2450 1548 2486 Augustini.
1579 2448 1783 2486 Significasti
1805 2447 1900 2477 nobis
1928 2447 2015 2488 quod
2037 2456 2093 2476 vos
2119 2446 2177 2485 qui
2201 2455 2261 2476 no-

1246 2501 1332 2531 vella
1355 2500 1618 2539 estisplantatio
1641 2510 1679 2531 ex
1703 2500 1915 2530 institutione
1931 2499 2034 2529 vestri
2056 2498 2184 2529 ordinis
2202 2507 2261 2537 per

1247 2554 1364 2584 Sedem
1386 2553 1599 2592 apostolicam
1616 2554 1809 2583 confirmata
1826 2552 1986 2583 tenemini
2008 2552 2119 2591 aliqua
2141 2552 2260 2582 immo-

1245 2607 1327 2636 bilia
1343 2615 1408 2636 non
1430 2606 1568 2641 habere,
1585 2610 1718 2645 propter
1734 2605 1821 2645 quod
1841 2605 1918 2635 dum
1937 2614 1994 2635 vos
2016 2604 2186 2642 contingat
2206 2612 2260 2634 so-

1245 2659 1412 2689 lummodo
1427 2654 1479 2689 'de
1510 2659 1637 2690 Christi
1668 2658 1817 2689 fidelium
1855 2658 2047 2688 elemosinis
2077 2657 2259 2687 sustentari

1244 2720 1365 2750 magna
1378 2712 1571 2750 preminimi
1585 2712 1717 2742 sarcina
1732 2711 1948 2750 paupertatis.
1965 2710 2074 2746 Quare
2091 2710 2187 2740 nobis
2199 2709 2258 2740 hu-

1244 2766 1369 2796 militer
1388 2765 1602 2803 supplicastis
1620 2770 1671 2800 ut,
1695 2774 1769 2795 cum
1785 2773 1921 2794 necesse
1942 2764 1985 2794 sit
2006 2763 2101 2793 vobis
2117 2763 2158 2793 ad
2175 2771 2257 2802 opus

1245 2823 1392 2849 vestrum
1408 2818 1590 2848 oratorium
1610 2822 1641 2848 et
1659 2818 1771 2848 domos
1788 2821 1991 2851 construere,
2009 2815 2192 2854 recipiendi
2209 2815 2257 2845 le-

1246 2876 1321 2909 gata
1337 2876 1368 2901 ct
1391 2871 1590 2901 elemosinas
1614 2879 1631 2900 a
1657 2870 1783 2901 Christi
1808 2869 1962 2899 fidelibus
1984 2877 2043 2907 pro
2066 2867 2257 2898 eorumdem
