2498 3325
211 193 268 223 278
938 199 1177 230 REGISTRES
1199 198 1506 231 D'ALEXANDRE
1530 202 1582 232 IV.

212 268 312 289 causa
329 259 439 289 solatii
454 266 490 290 ut
507 267 617 299 posset
633 263 852 303 phylosopliie
870 265 976 296 titulis
991 265 1150 295 decorari.
1168 282 1217 294 —.

213 312 284 341 Dat.
306 313 472 348 Laterani,
492 314 558 344 IIII
574 314 733 346 kalendas
749 317 945 352 decembris,
965 327 1051 348 anno
1067 319 1184 356 primo.
1204 331 1217 346 ι)

281 483 369 511 943

248 544 408 572 Prioratum
430 546 464 573 de
487 546 604 584 Campis
625 550 652 576 in
674 549 788 583 Exona,
810 551 983 577 monasterio
1001 552 1030 578 S.
1050 551 1172 579 Dionisii
1189 553 1218 580 in

212 591 328 619 Francia
345 595 549 628 pertinentem,
567 597 666 624 eximit
683 606 717 624 ex
734 599 947 625 contributione
963 600 990 626 in
1008 601 1218 635 procurationi-

211 640 264 666 bus
280 641 438 674 legatorum
455 645 629 678 apostolicae
646 645 739 673 Sedis.
755 647 838 678 (Rae.
855 647 900 679 24,
918 656 943 674 c.
962 648 1022 679 761,
1041 649 1057 675 f.
1080 649 1161 681 toev.)

717 487 830 519 Lau-an,
852 489 881 515 13
897 488 1049 515 decembre
1068 489 1145 516 1255.

252 755 264 768 α
286 766 318 778 ..,
337 745 449 779 abbaci,
473 751 499 775 et
516 749 681 777 conventui
704 749 884 791 monasterii
904 750 1010 779 Sancti
1030 751 1163 780 Dionist'i
1185 753 1218 781 in

208 795 354 830 Francia,
371 797 491 827 ordinis
506 801 605 828 sancei
623 801 792 835 Benedicti,
810 802 849 830 ad
868 803 1035 832 Romanam
1053 805 1218 834 Ecclesiam

210 849 294 877 nullo
322 850 419 879 medio
437 853 634 888 pertinentis.
658 853 875 891 Exigentibus
901 860 1008 886 vestre
1031 856 1217 888 devotionis

209 901 348 938 meritis,
365 903 449 933 votis
461 908 521 933 etc.
537 914 642 943 usque
662 916 667 934 :
684 907 889 938 exaudimus.
905 908 987 940 Cum
1001 909 1115 947 igitur,
1132 911 1218 941 sicut

209 962 246 983 ex
262 959 353 992 parte
370 960 480 986 vestra
494 957 558 986 suit
575 959 780 996 propositum
797 969 906 990 coram
925 961 1032 997 nobis,
1051 963 1216 1001 prioratus

208 1011 316 1037 vester
332 1008 370 1038 de
387 1008 520 1048 Campis
536 1011 571 1040 in
589 1011 700 1042 Exona
712 1013 805 1051 juxta
821 1014 1028 1051 Corbolium,
1046 1017 1216 1047 Parisien-

208 1058 254 1088 sis
271 1059 423 1097 diocesis,
443 1062 624 1093 multorum
635 1064 714 1095 illuc
728 1066 977 1098 advenientium
990 1068 1217 1108 hospitalitate

208 1116 372 1149 gravetur,
387 1123 457 1150 nos,
470 1117 589 1147 vestris
599 1117 898 1156 supplicationibus
908 1120 1072 1158 inclinati,
1084 1123 1215 1153 utidem

207 1165 372 1202 prioratus
389 1176 454 1197 non
474 1172 626 1200 teneatur
643 1171 684 1200 ad
699 1173 977 1204 contribuendum
994 1184 1068 1205 cum
1084 1176 1214 1208 clericis

207 1218 413 1250 secularibus
424 1221 458 1250 in
470 1223 759 1259 procurationibus
774 1225 957 1263 legatorum
972 1232 1003 1257 et
1016 1229 1214 1261 nunciorum

207 1272 384 1310 apostolice
407 1274 517 1310 Sedis,
540 1275 633 1306 vobis
656 1281 687 1306 et
711 1277 818 1308 eidem
838 1279 1000 1317 prioratui
1019 1283 1214 1314 auctoritate

206 1325 385 1363 apostolica
401 1326 622 1365 indulgemus.
644 1329 737 1359 Nulli
760 1334 820 1360 etc.
845 1336 956 1362 nostre
974 1335 1212 1366 concessionis.

208 1379 423 1409 Presentibus
441 1385 514 1418 post
536 1381 719 1412 triennium
736 1388 797 1413 etc.
814 1385 886 1414 Dat.
912 1386 1082 1421 Laterani,
1101 1388 1212 1419 idibus

205 1431 400 1465 decembris,
419 1442 505 1463 anno
520 1434 639 1472 primo.
659 1447 671 1461 n

275 1596 362 1624 944

240 1658 346 1684 Abbati
367 1658 527 1693 corbiensi,
552 1661 760 1689 Ambianensis
782 1663 918 1699 diocesis,
943 1667 1056 1694 mandat
1074 1669 1211 1702 quatinus

203 1706 296 1733 abbati
320 1711 347 1733 et
370 1709 524 1734 conventui
545 1711 709 1737 monasterii
733 1712 762 1737 S.
785 1712 908 1740 Dionisii
930 1715 955 1741 in
978 1715 1105 1750 Francia,
1123 1726 1211 1753 super

203 1754 286 1780 bonis
303 1755 430 1789 ipsorum
448 1765 463 1782 a
480 1758 625 1784 nonnullis
641 1759 761 1794 injurias
777 1762 950 1796 multiplices
965 1765 1147 1798 patientibus,
1160 1776 1211 1793 ox-

204 1803 299 1829 hibeat
315 1804 484 1830 auctoritate
494 1807 650 1840 apostolica
663 1808 696 1833 de
713 1808 932 1842 injuriatoribus
944 1813 1076 1845 justitiae
1088 1817 1211 1850 comple-

203 1856 341 1879 mentum.
358 1853 441 1885 (Rea.
457 1853 501 1888 24,
518 1862 544 1882 e.
563 1855 623 1888 762,
642 1856 660 1883 ἰ.
680 1857 751 1891 110.)

714 1600 825 1632 Lati-an,
847 1604 876 1630 13
892 1604 1042 1632 decembre
1063 1607 1138 1634 1253.

242 1967 253 1980 «
274 1977 305 1989 ..,
327 1956 427 1984 abbati
448 1957 615 1993 Cor-biensa
637 1960 851 1990 Ambianensis
871 1963 1003 1993 diocesis.
1024 1954 1108 2001 Quia
1126 1975 1208 1996 non-

200 2006 283 2036 nulli
301 2007 347 2036 sic
364 2008 397 2036 in
415 2008 542 2038 malitia
560 2010 776 2047 delectantur,
795 2018 830 2043 ut
849 2014 1029 2046 voluntatis
1043 2017 1137 2047 libito
1155 2019 1207 2049 ab·

199 2060 356 2089 stincntie
374 2061 479 2098 ruptis
496 2062 635 2093 habenis
648 2064 687 2093 ad
702 2064 819 2096 illicita
836 2066 990 2103 relaxato,
1009 2070 1160 2101 ecclesiis
1177 2077 1208 2102 et

198 2113 348 2150 personis
361 2113 597 2145 ecclesiasticis
610 2125 708 2154 super
720 2117 815 2148 bonis
830 2120 911 2150 suis.
923 2121 983 2150 Dei
996 2122 1112 2153 timore
1122 2129 1207 2161 post-

198 2165 318 2203 posito,
351 2166 581 2205 multipliciter
612 2169 767 2208 injuriari
797 2178 1005 2209 presumant,
1035 2178 1207 2207 consuevit

197 2218 374 2255 apostolica
393 2219 493 2249 Sedes
510 2221 660 2252 ecclesiis
683 2227 713 2252 et
735 2225 886 2261 personis
903 2226 984 2264 ipsis
1001 2233 1115 2258 contra
1130 2239 1206 2267 pra-

196 2270 331 2300 vitatem
362 2271 478 2301 talium
509 2273 715 2305 defensionis
747 2278 893 2308 remedio
921 2279 1118 2317 subvenire,
1148 2292 1205 2321 per

196 2323 283 2361 quod
299 2332 411 2353 earum
428 2324 513 2354 bona
530 2330 600 2356 tuta
612 2334 839 2365 permaneant,
859 2335 889 2360 et
906 2331 1143 2371 injuriatorum
1158 2335 1204 2374 ip-

195 2384 306 2405 sorum
323 2382 550 2415 compescatur
569 2381 755 2416 temeritas,
779 2386 809 2411 et
833 2383 908 2413 aliis
928 2385 1037 2416 aditus
1058 2389 1204 2418 commit-

197 2429 285 2458 tendi
306 2430 516 2467 precludatur
539 2432 672 2463 similia.
699 2434 782 2465 Cum
804 2436 917 2473 igitur,
942 2438 1027 2469 sicut
1052 2449 1090 2470 ex
1110 2446 1203 2479 parte

194 2481 305 2511 dilecti
328 2482 390 2512 filii
411 2506 442 2519 ..,
466 2484 594 2515 abbatis
615 2490 646 2516 et
668 2492 850 2519 conventus
874 2492 1069 2522 monasterii
1089 2494 1202 2524 Sancti

194 2534 338 2564 Dionisii
354 2535 388 2564 in
405 2536 555 2572 Francia,
571 2538 698 2569 ordinis
710 2541 816 2570 sancti
832 2542 1016 2579 Benedicti,
1031 2545 1071 2574 ad
1084 2546 1201 2576 Roma-

193 2595 270 2616 nam
286 2587 468 2618 Ecclesiam
485 2589 576 2620 nullo
596 2592 704 2622 medio
724 2594 942 2631 pertinentis,
967 2597 1031 2626 suit
1050 2599 1201 2637 proposi-

194 2644 261 2669 tum
278 2649 387 2670 coram
404 2642 510 2672 nobis.
531 2643 632 2673 iidem
653 2654 671 2674 a
689 2647 860 2677 nonnullis
881 2657 980 2687 super
996 2650 1092 2681 bonis
1111 2651 1200 2690 ipso-

192 2702 265 2722 rum
290 2693 432 2732 injurias
460 2695 626 2725 interdum
654 2698 854 2737 multiplices
879 2701 1059 2738 patiantur,
1091 2708 1122 2734 et
1151 2705 1199 2735 eis

193 2746 293 2776 nimis
317 2747 450 2777 difficile
477 2748 521 2777 sit
547 2754 577 2778 et
602 2758 700 2787 grave
726 2761 824 2790 super
839 2753 975 2792 injuriis
993 2754 1196 2794 huJ'usmodi,

191 2799 344 2837 quotiens
363 2800 445 2838 ipsis
465 2801 504 2830 ab
521 2801 689 2841 aliquibus
713 2804 901 2836 inferantur
921 2807 960 2836 ad
983 2809 1197 2846 apostolicam

192 2851 308 2881 Sedem
332 2852 453 2883 babere
470 2863 658 2891 recursum,
679 2857 775 2887 nobis
795 2857 968 2889 humiliter
985 2861 1194 2899 supplicavit,

1303 269 1338 294 ut
1355 265 1403 296 eis
1416 266 1450 296 in
1462 266 1523 297 hac
1539 272 1631 306 parte
1646 269 1820 307 providere
1835 269 1874 300 de
1887 270 2093 308 benignitate
2107 271 2205 302 solita
2220 281 2311 303 cura-

1302 326 1425 348 remus.
1440 318 1525 355 Quia
1539 319 1642 358 igitur
1653 330 1710 359 per
1718 321 1823 353 dictos
1836 321 1990 352 abbatem
2003 327 2033 352 et
2048 329 2246 354 conventum
2263 325 2311 355 sic

1302 370 1502 401 interdimus
1518 373 1675 412 prosequi
1691 375 1902 412 prerogativa
1922 375 2046 406 favoris
2067 380 2097 406 et
2116 377 2220 414 gratie
2236 386 2311 416 spe-

1302 423 1408 459 cialis,
1428 424 1514 463 quod
1529 424 1639 456 illatas
1656 426 1704 456 cis
1720 427 1863 458 offensas
1887 427 2042 458 nolumus
2058 428 2158 458 sicuti
2178 438 2238 460 nec
2253 429 2311 460 de-

1301 476 1417 506 bemus
1432 476 1644 516 aliquatenus
1657 479 1834 515 sustinere,
1846 480 1927 519 quin
1939 481 2049 519 potius
2063 482 2121 517 eis,
2136 481 2310 512 cumidem

1301 530 1541 560 monasterium
1562 530 1649 561 beati
1666 532 1756 562 Petri
1773 532 1860 571 juris
1879 533 2008 568 existat,
2025 534 2140 564 adesse
2156 534 2310 565 volumus

1301 585 1332 611 et
1363 582 1530 613 debemus.
1563 583 1705 623 Ideoque
1735 584 1930 616 discretioni
1958 590 2013 616 tue
2043 595 2101 625 per
2130 587 2310 625 apostolica

1300 634 1423 673 scripta
1436 636 1632 667 mandamus
1649 637 1818 676 quatinus,
1839 638 1993 677 quotiens
2007 639 2048 669 ab
2061 639 2110 670 eis
2125 639 2308 678 requisitus

1299 687 1416 723 fueris,
1434 688 1591 719 exhibeas
1607 689 1802 720 auctoritate
1818 695 1931 721 nostra
1947 691 1985 721 de
2001 691 2149 730 ipsorum
2167 692 2310 732 injuria-

1301 740 1427 770 toribus
1457 741 1586 778 justitie
1621 742 1908 781 complementum.
1947 744 2214 775 Contradictores
2245 748 2307 775 etc.

1300 794 1517 825 Presentibus
1534 799 1606 833 post
1622 796 1805 826 triennium
1819 801 1879 827 etc.
1899 798 1971 827 Dat.
1991 802 2027 827 ut
2042 807 2152 836 supra.
2173 810 2186 825 n

1369 965 1458 995 945
1808 967 1923 1004 Latran,
1942 969 1973 996 13
1988 968 2141 996 decembre
2158 969 2236 997 1255.

1334 1027 1432 1054 Electo
1452 1027 1607 1055 Vulterano
1628 1029 1752 1061 mandat.
1769 1029 1906 1064 quatinus
1921 1030 2017 1057 abbati
2032 1034 2060 1058 et
2075 1033 2231 1059 conventui
2247 1040 2309 1059 mo-

1299 1077 1414 1104 nasterii
1433 1076 1464 1104 S.
1481 1076 1585 1104 Felicis
1601 1078 1635 1104 de
1655 1077 1742 1109 Vada.
1758 1077 1878 1106 pisanae
1891 1079 2026 1114 diocesis,
2042 1088 2128 1107 onere
2145 1080 2308 1108 debitorum

1298 1126 1423 1159 pressis,
1441 1126 1594 1160 concedat,
1613 1130 1642 1153 ut
1656 1126 1690 1153 de
1707 1127 1791 1154 bonis
1810 1128 1977 1155 monasterii
1998 1136 2090 1163 usque
2109 1128 2144 1154 ad
2163 1136 2307 1156 summam

1297 1173 1522 1208 quingentarum
1543 1174 1679 1202 librarum
1697 1177 1863 1210 pisanorum
1880 1176 2014 1204 vendant.
2029 1176 2112 1211 (Rae.
2128 1177 2173 1209 24,
2190 1185 2216 1206 c.
2232 1177 2305 1210 762²,

1296 1222 1316 1248 f.
1334 1223 1405 1254 110.)

1339 1337 1351 1352 «
1372 1348 1405 1360 ..,
1423 1326 1511 1354 electo
1531 1326 1704 1355 Volcei-ano.
1723 1326 1844 1356 Petitio
1861 1326 1973 1356 dilecti
1988 1326 2051 1356 filii
2069 1350 2101 1362 ..,
2122 1327 2251 1358 abbatis
2274 1331 2307 1358 et

1296 1382 1478 1408 conventus
1501 1378 1697 1408 monasterii
1722 1379 1829 1409 sancti
1850 1379 1970 1409 Felicis
1994 1379 2032 1410 de
2048 1380 2156 1416 Vada,
2178 1379 2306 1410 ordinis

1296 1431 1402 1460 sancti
1420 1431 1604 1466 Benedicti,
1623 1431 1744 1461 Pisane
1765 1432 1918 1467 diocesis,
1937 1432 1977 1462 ad
1993 1433 2176 1462 Romanam
2193 1432 2306 1464 Eccle-

1295 1484 1379 1514 siam
1392 1483 1483 1514 nullo
1495 1484 1603 1514 medio
1615 1484 1825 1522 pertinentis,
1838 1485 1934 1515 nobis
1946 1485 2093 1515 exhibita
2102 1485 2303 1521 continebat,

1294 1537 1382 1576 quod
1397 1546 1511 1567 eorum
1531 1537 1771 1567 monasterium
1793 1537 1873 1567 adeo
1889 1542 2021 1576 propter
2036 1538 2192 1568 incursus
2208 1547 2304 1576 guer-

1294 1600 1406 1620 rarum
1418 1590 1580 1628 premitur
1591 1598 1691 1620 onere
1703 1590 1902 1626 debitorum,
1918 1591 2005 1629 quod
2014 1591 2080 1629 ipsi
2091 1600 2156 1621 non
2166 1595 2306 1630 possunt

1293 1643 1328 1673 in
1352 1643 1465 1673 eodem
1488 1643 1691 1673 monasterio
1712 1652 1901 1678 remanere,
1926 1652 1986 1674 nec
2008 1643 2133 1674 habent
2153 1644 2240 1674 unde
2264 1644 2304 1675 de

1292 1697 1390 1727 bonis
1417 1697 1524 1735 ipsius
1552 1706 1615 1735 que
1639 1705 1818 1726 usurarum
1843 1705 1962 1734 vorago
1987 1697 2152 1726 consumit
2176 1697 2305 1736 possint

1293 1750 1505 1789 aliquatenus
1530 1749 1728 1784 sustentari;
1757 1754 1889 1787 propter
1910 1750 1997 1788 quod
2017 1750 2113 1780 nobis
2131 1749 2304 1780 humiliter

1293 1803 1533 1841 supplicarunt,
1548 1807 1584 1832 ut
1600 1802 1639 1832 de
1651 1802 1747 1832 bouis
1764 1802 1875 1832 minus
1890 1802 2031 1832 utilibus
2046 1803 2153 1841 ipsius
2168 1811 2302 1834 monas-

1293 1856 1368 1886 terii
1398 1864 1455 1894 pro
1484 1855 1718 1885 exoneratione
1745 1855 1893 1892 ipsorum
1921 1855 2107 1885 debitorum
2129 1864 2235 1894 usque
2261 1855 2302 1886 ad

1292 1917 1455 1938 summam
1468 1908 1726 1946 quingentarum
1740 1907 1901 1937 librarum
1917 1908 2111 1946 pisanorum
2124 1917 2301 1947 parvorum

1291 1962 1339 1991 eis
1349 1961 1513 1991 vendendi
1527 1960 1696 1990 licentiam
1709 1960 1887 1990 concedere
1901 1960 2126 1998 dignaremur.
2139 1961 2301 1998 Quocirca

1290 2015 1498 2049 mandamus,
1516 2014 1685 2052 quatinus,
1704 2014 1733 2043 si
1749 2018 1798 2043 est
1814 2014 1870 2049 ita,
1889 2014 2084 2044 auctoritate
2101 2019 2213 2044 nostra
2229 2023 2301 2053 pos-

1290 2067 1395 2097 tulata
1411 2067 1493 2105 ipsis
1509 2066 1681 2101 concedas,
1699 2066 1728 2096 si
1747 2066 1885 2096 utilitati
1901 2067 2021 2104 prefati
2038 2067 2233 2097 monasterii
2249 2067 2300 2097 vi-

1289 2120 1376 2150 deris
1398 2119 1562 2158 expedire.
1582 2119 1718 2149 Proviso
1737 2128 1777 2149 ne
1800 2119 1887 2158 quod
1903 2128 1962 2158 pro
1980 2120 2087 2158 ipsius
2103 2120 2299 2150 monasterii

1288 2173 1432 2203 utilitate
1447 2172 1648 2207 conceditur,
1664 2172 1699 2201 in
1711 2172 1946 2202 detrimentum
1958 2177 2071 2210 vergat
2082 2172 2201 2211 ipsius,
2215 2177 2246 2202 et
2256 2181 2298 2203 ne

1286 2226 1321 2255 id
1334 2226 1372 2256 de
1387 2226 1452 2255 tuis
1463 2225 1619 2255 manibus
1631 2234 1649 2254 a
1664 2225 1805 2254 Domino
1820 2225 2022 2263 requiratur.
2037 2226 2111 2254 Dat.
2129 2225 2296 2261 Laterani,

1285 2278 1398 2308 idibus
1414 2277 1610 2313 decembris,
1628 2286 1714 2307 anno
1729 2278 1848 2315 primo.
1871 2289 1883 2304 »

1356 2449 1443 2478 846
1795 2450 1908 2484 Latran,
1927 2450 1958 2478 13
1973 2450 2126 2477 decembre
2143 2449 2220 2478 1255.

1320 2511 1465 2546 Episcopo
1488 2511 1646 2538 Mutinensi
1669 2511 1784 2538 mandat
1806 2512 1943 2546 quatinus
1963 2511 2113 2547 Huldrico,
2133 2511 2293 2540 coronensi

1284 2560 1390 2592 electo,
1407 2559 1482 2595 apud
1498 2559 1658 2587 Bononiam
1674 2565 1769 2587 autem
1785 2560 1890 2588 studiis
1911 2561 2089 2596 theologicae
2104 2561 2249 2588 facultatis
2263 2565 2292 2588 et

1283 2608 1415 2635 canonici
1441 2608 1517 2643 juris
1547 2609 1707 2643 insistenti,
1739 2610 1966 2636 consecrationis
1997 2617 2104 2636 munus
2132 2609 2289 2644 impendat.

1285 2656 1366 2690 (nm.
1383 2656 1426 2688 24,
1444 2665 1470 2684 c.
1488 2657 1548 2690 763,
1566 2658 1585 2684 f.
1604 2658 1674 2690 ΗΟ.)

1323 2770 1336 2785 α
1356 2781 1389 2793 ..,
1407 2759 1541 2796 episcopo
1556 2760 1734 2788 Mutinensi.
1752 2759 1798 2789 Ex
1813 2763 1905 2798 parte
1919 2759 2031 2789 dilecti
2044 2758 2106 2788 filii
2122 2758 2286 2794 Huldrici,

1279 2810 1481 2841 Coronensis
1494 2811 1600 2845 electi,
1614 2812 1677 2841 suit
1691 2811 1786 2841 nobis
1801 2811 1975 2841 humiliter
1989 2811 2220 2850 supplicatum,
2238 2815 2284 2847 ut,

1279 2873 1354 2894 cum
1370 2864 1456 2903 ipse,
1475 2865 1560 2902 apud
1576 2865 1761 2895 Bononiam
1777 2864 1897 2895 studiis
1913 2864 2097 2902 theologice
2117 2863 2287 2894 facultatis
