2498 3325
216 226 272 254 210

216 356 228 370 n

216 408 229 421 D

216 461 228 475 ))

216 514 228 528 ))

215 567 228 581 )>

216 620 228 633 >i

215 672 227 685 Υ)

215 725 228 739 ))

216 778 228 791 ))

216 831 227 843 1)

215 884 227 897 ))

216 937 228 951 ))

216 989 227 1003 >l

215 1042 228 1056 ))

214 1094 226 1108 D

214 1146 226 1160 >3

215 1199 226 1212 ))

214 1252 226 1265 ))

214 1304 226 1317 7)

213 1356 226 1371 ))

214 1409 226 1423 ))

213 1461 227 1476 »

213 1514 226 1529 ))

213 1568 226 1582 ))

214 1620 226 1634 )7

214 1673 226 1687 )>

213 1726 226 1741 b

213 1779 225 1793 D

213 1832 226 1846 ))

214 1885 226 1899 ))

214 1938 226 1951 ))

214 1990 226 2004 ))

213 2041 226 2055 ))

214 2094 227 2107 )>

214 2147 226 2161 )>

213 2200 226 2214 Υ)

213 2252 225 2266 ))

214 2306 219 2318 ‚
224 2310 225 2315 ,

214 2358 226 2372 >J

214 2410 225 2423 Ὃ

214 2462 226 2476 >i

214 2516 226 2530 ))

214 2568 226 2582 ))

215 2622 226 2635 >j

214 2673 226 2687 ))

215 2727 226 2740 ))

255 291 361 329 ipsius
375 291 436 320 loci
451 300 524 320 cum
543 292 612 321 suis
629 292 764 330 capellis
781 292 819 323 de
833 292 1020 323 Galianella
1037 297 1067 322 et
1085 292 1124 322 de
1143 291 1224 321 Cas-

255 343 430 373 tellovekio
443 349 471 374 et
487 345 593 373 sancti
612 345 795 379 Laurentii,
812 350 909 384 atque
927 345 1119 374 canonicam
1136 344 1223 374 beati

256 396 373 432 Angeli
390 397 428 425 de
447 396 571 426 Pavelli
589 407 662 427 cum
680 398 908 436 suiscapcllis,
926 397 1091 432 videlicet,
1111 401 1223 426 sancte

256 450 359 479 Mario
380 450 418 479 dc
443 450 568 480 Pavclli
597 455 627 480 et
651 455 762 480 sancte
788 451 890 480 Marte
914 451 952 480 de
974 449 1145 480 Panicalia
1165 458 1223 480 seu

255 502 396 541 desuper
414 504 545 533 Portam
563 508 593 533 et
608 504 712 533 sancti
732 503 905 533 Michaelis
924 503 963 533 dc
981 502 1125 534 Castello
1141 502 1221 537 Atti,

254 560 282 584 et
308 555 467 593 capellam
486 556 580 586 beate
600 557 702 586 Marie
719 557 757 586 de
773 556 953 591 Tartillise,
975 565 1050 585 cum
1068 555 1223 585 omnibus

255 608 467 645 pertinentiis
491 609 755 646 supradictarum
785 608 1000 638 ecclesiarum
1025 617 1126 647 penes
1149 617 1224 638 ves-

254 661 567 690 trumdeliberatum
579 662 755 691 consilium
771 661 1016 699 assignavimus
1031 671 1036 690 :
1051 661 1223 699 supposui-

254 722 326 742 mus
349 714 446 742 etiam
471 714 535 743 sibi
557 715 639 744 alias
663 715 834 750 ecclesias,
855 715 939 744 sicut
956 715 990 744 in
1007 715 1183 753 privilegio
1205 724 1224 745 a

256 766 350 795 nobis
365 767 450 795 sacto
465 767 662 802 continetur,
679 767 938 805 suprascriptam
951 767 1078 797 scilicet
1094 767 1223 806 plebem

254 822 284 847 et
304 818 470 856 plebatum
485 823 515 849 ct
530 820 600 859 ejus
612 819 768 858 populum
786 823 816 850 et
831 820 935 850 dictas
952 820 1139 857 assignatas
1158 820 1222 850 sibi

254 871 410 901 ecclesias
436 882 509 901 cum
536 873 704 903 universis
731 882 843 902 carum
868 873 1096 911 pertinentiis,
1123 873 1222 903 terris

255 924 352 954 cultis
376 929 404 954 et
427 925 574 959 incultis,
599 925 753 956 decimis.
781 925 957 963 primitiis,
983 926 1220 963 oblationibus,

255 977 455 1007 molendinis
480 977 700 1016 omnibusque
723 978 902 1008 mobilibus
928 982 959 1008 et
981 979 1220 1015 immobilibus,

254 1030 448 1068 cunctisque
461 1030 499 1059 ad
517 1040 588 1060 eam
600 1031 856 1069 pertinentibus,
870 1031 937 1061 illis
951 1036 1060 1061 tamen
1078 1033 1222 1070 exceptis

253 1092 315 1120 que
332 1083 370 1111 sle
389 1083 600 1121 pertinentiis
618 1084 782 1122 quondam
800 1084 879 1113 dicti
896 1084 1090 1114 monasterii
1109 1089 1221 1115 sancte

255 1135 357 1164 Mario
367 1136 620 1171 reservavimus,
632 1136 773 1166 ulterius
784 1136 1218 1174 habendam,ordinandam,

254 1196 310 1224 per
326 1197 382 1217 vos
398 1192 589 1226 vestrosque
606 1188 744 1218 clericos
757 1199 793 1218 ac
809 1189 911 1219 laicos
927 1189 1176 1226 gubernandam
1191 1195 1221 1220 et

252 1239 355 1269 libere
375 1240 632 1274 instituendam,
655 1241 726 1270 sine
746 1246 858 1271 nostra
875 1246 1129 1281 nostrorumque
1146 1252 1221 1273 suc-

252 1301 420 1322 cessorum
439 1293 713 1329 contradictione,
736 1298 800 1323 tant
822 1294 855 1323 in
874 1294 1105 1332 spiritualibus
1122 1305 1221 1334 quam

252 1345 285 1373 in
304 1345 540 1383 temporalibus
561 1346 658 1387 pleno
675 1347 748 1385 jure
771 1347 992 1376 tractandam.
1012 1347 1116 1377 nichil
1133 1348 1166 1377 in
1184 1358 1221 1378 ea

253 1397 302 1426 vel
326 1397 364 1427 de
386 1408 421 1427 ea
446 1398 541 1427 nobis
565 1403 751 1435 servantes,
776 1399 842 1428 nisi
862 1399 1045 1439 circula[m]
1069 1401 1222 1439 episcopo

253 1450 309 1488 qui
333 1461 389 1488 pro
413 1455 557 1488 tempore
575 1452 704 1481 Fesulis
722 1452 822 1481 suerit
838 1462 895 1491 per
911 1462 1046 1482 manum
1062 1454 1222 1492 prepositi

254 1503 407 1533 Fesulani
432 1503 482 1533 vel
507 1504 577 1543 ejus
596 1505 711 1533 nuncii
733 1505 831 1535 annis
848 1505 991 1543 singulis
1007 1506 1220 1543 offerendam,

252 1556 296 1585 ita
312 1556 465 1586 videlicet
476 1560 522 1591 ut,
539 1556 577 1586 de
589 1557 711 1586 circula
726 1567 824 1596 quam
836 1557 949 1596 plebes
966 1559 1072 1588 sancti
1088 1559 1222 1589 Romuli

253 1613 280 1637 et
307 1609 412 1638 sancti
434 1609 503 1638 Viti
524 1609 685 1639 hactenus
708 1610 784 1639 dare
812 1611 1000 1646 consuevit,
1025 1612 1222 1650 episcopalis

253 1662 347 1690 sedes
368 1662 491 1691 nullam
514 1663 635 1692 sentiat
656 1663 927 1699 minorationem,
945 1664 1039 1694 vobis
1062 1665 1223 1704 recipien-

254 1715 342 1743 tibus
367 1715 435 1743 vice
461 1716 619 1745 canonice
637 1716 810 1750 Fesulane,
833 1722 864 1747 et
880 1718 968 1747 Deus
985 1722 1096 1748 nostre
1113 1719 1222 1749 anime

253 1778 288 1796 ac
305 1772 491 1797 nostrorum
508 1769 779 1806 predecessorum
795 1769 948 1799 misereri
964 1771 1130 1808 dignetur.
1149 1781 1222 1802 con-

253 1820 412 1853 cedimus,
427 1825 454 1849 et
469 1821 712 1859 episcopalibus
730 1822 879 1860 apicibus
899 1823 1103 1854 roboramus.
1125 1825 1223 1855 Salva

252 1873 285 1901 in
303 1873 457 1902 omnibus
475 1874 651 1911 apostolice
669 1874 764 1904 Sedis
781 1875 985 1905 auctoritate.
1005 1877 1222 1909 Decernimus

253 1936 340 1961 eruo.
366 1931 397 1955 ut
423 1926 505 1955 nulli
530 1927 664 1957 omnino
688 1932 876 1957 nostrorum
895 1929 1104 1960 subditorum
1125 1931 1224 1962 liceat

252 1978 329 2007 liuic
348 1983 457 2007 nostre
475 1980 682 2009 concessioni
704 1981 928 2011 contradicere
944 1982 994 2012 vel
1011 1983 1222 2021 aliquatenus

253 2030 428 2059 contraire.
448 2030 481 2059 Si
500 2030 574 2068 quis
592 2036 701 2060 autem
723 2031 754 2060 id
775 2036 968 2070 attemptare
984 2036 1223 2073 presumpserit

253 2082 302 2111 vel
323 2082 450 2121 aliquid
470 2083 634 2112 malitiose
653 2084 768 2121 egerit,
787 2084 853 2113 nisi
870 2085 1053 2124 requisitus
1070 2087 1221 2117 emenda-

252 2135 347 2170 verit,
364 2145 438 2164 eum
449 2136 795 2172 excommunicationi,
807 2138 908 2167 donec
921 2139 1116 2175 satisfaciat,
1128 2140 1220 2171 inno-

252 2188 363 2217 datum
388 2197 458 2217 csse
481 2197 666 2218 censemus.
689 2189 826 2220 Cunctis
849 2200 920 2220 eam
944 2193 1155 2223 servantibus
1179 2194 1221 2224 sit

253 2250 311 2278 pax
335 2241 467 2270 Domini
490 2241 606 2270 nostri.
630 2243 746 2271 Amen.
765 2243 832 2280 Ego
849 2243 1061 2281 Rodulpltus,
1082 2245 1221 2276 ecclesie

254 2293 414 2323 Fesulane
432 2294 491 2323 Dei
510 2295 615 2329 gratia
633 2295 817 2333 episcopus,
834 2305 851 2325 a
866 2305 917 2326 me
935 2297 1040 2333 facto;
1059 2308 1118 2336 ego
1132 2308 1220 2337 pres-

252 2346 337 2375 biter
354 2347 545 2384 ltaynerius
561 2348 768 2385 prepositus,
793 2357 851 2386 ego
872 2350 1036 2387 presbiter
1051 2352 1217 2389 Angelus,

253 2409 311 2433 ego
331 2399 494 2436 presbiter
514 2400 724 2435 Manfredus,
743 2410 802 2437 ego
824 2401 988 2439 presbiter
1011 2404 1218 2442 Raynaldus,

254 2461 311 2485 ego
333 2451 439 2480 Guido
462 2452 634 2489 presbiter,
659 2462 717 2489 ego
741 2454 947 2483 Lanfrancus
968 2455 1142 2491 diaconus,
1161 2466 1219 2495 ego

255 2504 502 2533 Rennitcndens
521 2504 582 2542 (sici
601 2505 778 2535 diaconus.
804 2515 862 2543 ego
884 2507 1067 2538 Bet-noctus
1085 2510 1220 2540 subdia-

252 2565 365 2585 conus.
387 2566 445 2593 ego
469 2557 680 2587 Bonae-ursus
701 2558 924 2589 subdiaconus
947 2560 1218 2599 subscripsimus.

254 2609 419 2647 Scriptum
449 2609 578 2639 chulis
604 2620 702 2639 manu
729 2611 861 2648 propria
886 2613 1039 2649 magistri
1064 2614 1218 2651 Rolandi,

253 2661 399 2700 ejusdem
416 2661 554 2690 ecclesie
576 2662 787 2698 subdiaconi,
815 2673 902 2693 anno
925 2664 1089 2696 dominice
1110 2667 1221 2697 incar-

254 2714 398 2743 nationis
416 2714 687 2749 M0C⁰LXX111112
706 2716 749 2745 Vl
765 2716 924 2746 kalendas
943 2718 1044 2756 junii.
1072 2731 1084 2745 n

252 2766 345 2795 Nulli
368 2770 428 2795 etc.
458 2770 568 2795 nostre
592 2768 853 2797 confirmatiot‘tis
876 2773 936 2798 etc.
964 2771 1036 2800 Dat.
1063 2772 1218 2811 Neapoli,

212 2821 243 2849 II
262 2820 335 2849 idus
353 2819 479 2857 aprilis,
501 2828 587 2849 anno
601 2820 718 2858 primo.
741 2834 752 2847 n

939 226 1178 257 REGISTRES
1201 224 1508 257 D’ALEXANDRE
1532 228 1586 258 IV.

1379 291 1461 321 691
1905 295 2024 331 Naples¹
2045 297 2074 324 19
2091 297 2146 324 mai
2165 297 2243 325 ¹255.

1344 354 1494 382 Universis
1515 354 1622 383 Christi
1644 357 1777 384 fidelibus
1798 366 1849 392 per
1867 357 2001 385 Tusciam
2021 359 2200 391 constitutis,
2217 359 2251 386 ad
2267 368 2317 386 ae-

1307 403 1499 431 dificationem
1527 405 1666 432 ecclesiae
1691 413 1716 433 s.
1743 405 1859 433 Romuli
1883 406 2042 433 Fesutanae
2064 407 2317 436 contribuentibus

1306 456 1423 479 centurn
1440 453 1501 480 dies
1516 453 1551 479 de
1571 454 1745 488 poenitentia
1763 455 1881 483 retaxat.
1901 454 1986 488 (Rae.
2002 455 2034 482 24
2045 475 2052 487 ‚
2069 463 2094 482 c.
2112 455 2176 483 556·
2187 478 2194 490 ,
2211 456 2229 483 s.
2245 456 2315 489 8⁶2¹.)

1349 566 1362 580 «
1392 555 1546 583 Universis
1571 555 1686 585 Christi
1713 556 1852 593 fidelibus
1877 565 1933 594 per
1959 557 2099 586 Tusciam
2129 558 2315 587 constitutis.

1307 606 1470 643 Quoniam
1488 611 1523 636 ut
1545 607 1589 636 ait
1613 607 1781 646 apostolus
1802 612 1861 638 etc.
1885 617 1992 647 usque
2010 619 2016 637 :
2034 609 2137 638 vitam
2154 613 2315 640 eternam.

1306 659 1389 689 Cum
1406 659 1520 696 igitur,
1540 659 1626 690 sicut
1647 669 1685 690 ex
1706 664 1797 698 parte
1814 660 2010 691 dilectorum
2029 660 2173 691 filiorum
2192 685 2224 697 ..‚
2242 670 2318 700 pre-

1306 711 1417 750 positi,
1434 715 1465 741 et
1481 712 1618 750 capituli
1633 712 1772 743 ecclesie
1786 713 1948 743 Fesulane
1965 713 2029 743 fuit
2045 714 2249 752 propositum
2263 722 2318 744 co-

1307 773 1376 793 ram
1405 764 1513 799 nobis,
1538 764 1639 794 iidem
1664 764 1839 795 ecclesiam
1859 765 1966 803 ipsam
1982 765 2023 804 ‚in
2045 765 2204 796 honorem
2228 766 2318 796 beati

1306 817 1440 847 Romuli
1469 817 1701 856 sociorumque
1729 818 1800 857 ejus
1825 818 1980 849 edificare
2007 818 2193 857 inceperint
2219 827 2318 857 opere

1305 869 1486 908 plurimum
1507 875 1700 909 sumptuoso
1723 875 1755 901 et
1777 871 1817 901 ad
1838 871 2126 901 consumationem
2148 871 2256 910 ipsius
2276 894 2316 907 ..‚

1306 923 1456 961 operario
1473 923 1621 962 ejusdem
1633 923 1784 959 ecclesie,
1799 923 1931 962 proprie
1943 932 2008 953 non
2024 927 2200 962 suppetant
2209 923 2318 954 facul-

1306 979 1405 1010 tates,
1427 984 1485 1004 nos
1503 975 1542 1005 ad
1563 985 1601 1006 ea
1622 985 1685 1014 que
1705 976 1745 1005 ad
1761 976 1902 1006 salutem
1926 976 2113 1006 animarum
2129 980 2317 1006 vestrarum

1306 1028 1488 1066 respiciunt
1505 1037 1562 1058 vos
1578 1028 1735 1058 inducere
1753 1033 1953 1066 satagentes,
1969 1028 2009 1058 ad
2025 1029 2132 1058 instar
2145 1028 2255 1059 felicis
2267 1037 2316 1059 re·

1305 1080 1507 1110 cordationis
1526 1081 1548 1110 I.
1566 1090 1647 1119 pape
1666 1080 1910 1119 predecessoris
1925 1081 2042 1115 nostri,
2061 1081 2315 1111 universitatem

1304 1138 1449 1163 vestram
1465 1142 1619 1170 rogamus
1640 1138 1671 1163 et
1691 1133 1863 1163 hortamur
1878 1133 1912 1162 in
1930 1133 2071 1163 Domino
2087 1134 2122 1162 in
2142 1133 2316 1164 remissio-

1305 1195 1381 1216 nem
1397 1186 1490 1216 vobis
1507 1190 1567 1216 etc.
1586 1195 1691 1225 usque
1707 1196 1713 1215 :
1737 1186 1942 1225 adjutricem,
1963 1191 2096 1216 centum
2117 1186 2187 1217 dies
2206 1186 2245 1217 de
2260 1186 2315 1216 in-

1301 1239 1416 1278 juncta
1442 1243 1502 1269 etc.
1529 1248 1635 1278 usque
1660 1249 1666 1268 :
1693 1238 1892 1269 relaxamus.
1918 1240 1986 1269 Has
2009 1243 2120 1269 autem
2143 1239 2232 1269 mitti
2256 1248 2316 1278 per

1305 1291 1516 1330 questu-arios
1544 1295 1605 1321 etc.
1631 1300 1737 1330 usque
1764 1301 1771 1320 τ
1797 1292 2026 1322 decernentes.
2055 1292 2128 1322 Dat.
2154 1291 2313 1330 Neapoli,

1304 1345 1407 1374 XIIII
1425 1344 1584 1374 kalendas
1597 1344 1701 1383 junii,
1720 1352 1807 1373 anno
1822 1344 1940 1382 primo.
1960 1356 1973 1370 υ

1377 1515 1464 1543 692
1867 1515 1993 1549 Anagni,
2011 1515 2148 1550 ‘20juillet
2165 1514 2244 1543 1255.

1344 1577 1434 1604 Priori
1457 1577 1571 1605 Insulae
1602 1577 1754 1609 Barbarae,
1787 1577 1993 1612 Lugdunensis
2022 1577 2158 1609 diocesis,
2190 1577 2316 1611 mandat,

1305 1627 1442 1662 quatinus
1457 1627 1642 1654 Guillelmum
1658 1627 1787 1653 Gauterii
1804 1627 1939 1653 clericum
1957 1626 1992 1652 de
2008 1625 2140 1652 mandato
2156 1625 2318 1653 Innocentii

1307 1684 1395 1711 papae
1411 1676 1438 1702 in
1459 1676 1583 1702 ecclesia
1604 1675 1834 1702 claromontensi
1856 1675 2063 1710 recipiendum,
2084 1675 2112 1701 in
2133 1675 2318 1701 assecutione

1307 1724 1484 1759 praebendae
1501 1725 1626 1759 receptis
1647 1724 1783 1759 praeferri
1801 1724 1895 1752 faciat.
1911 1724 1995 1757 (Rau.
2013 1723 2045 1750 ‘24
2057 1745 2063 1755 ,
2080 1731 2106 1750 c.
2124 1724 2190 1758 557,
2209 1723 2228 1750 f.
2246 1723 2316 1756 82¹.)

1348 1840 1361 1853 (t
1382 1850 1414 1862 ..‚
1430 1827 1532 1864 priori
1548 1827 1651 1855 Insu-le
1666 1827 1812 1859 Barbare,
1831 1826 2042 1863 Lugdunensis
2057 1825 2191 1854 diocesis.
2209 1825 2318 1863 Expo-

1306 1880 1373 1909 suit
1390 1880 1485 1909 nobis
1501 1879 1641 1909 dilectus
1658 1878 1747 1908 tilius
1768 1878 1955 1908 Guilelmus
1972 1877 2138 1913 Gauterii,
2156 1877 2313 1912 clericus,

1306 1932 1393 1971 quod
1417 1932 1525 1961 felicis
1551 1931 1791 1961 recordationis
1815 1932 1839 1961 I.
1862 1940 1945 1969 papa
1967 1930 2181 1969 predecessor
2204 1933 2317 1960 noster

1305 1985 1424 2015 dilecto
1441 1984 1509 2014 filio
1524 1986 1620 2014 Petro
1635 1984 1769 2018 Fodras,
1784 1983 1943 2013 canonico
1956 1982 2095 2013 ecclesie
2109 1982 2215 2012 sancti
2226 1982 2316 2013 Justi

1305 2037 1551 2075 Lugdunensis,
1566 2037 1636 2067 suis
1648 2036 1709 2066 sub
1724 2041 1812 2066 certa
1824 2037 1930 2065 forma
1941 2035 2030 2065 dedit
2044 2035 2165 2065 litteris
2178 2035 2213 2064 in
2225 2043 2316 2064 man-

1305 2091 1401 2126 datis,
1415 2094 1449 2120 ut
1463 2090 1604 2120 eundem
1616 2089 1774 2119 clericum
1785 2089 1886 2126 recipi
1902 2089 2025 2118 faceret
2038 2088 2072 2116 in
2085 2087 2226 2118 ecclesia
2243 2087 2316 2118 Cla-

1304 2143 1509 2174 romontensi
1525 2143 1561 2172 in
1584 2143 1781 2172 canonicum
1798 2146 1827 2172 et
1845 2142 1879 2170 in
1898 2142 2052 2176 fratrem,
2071 2141 2168 2180 eique
2190 2140 2229 2171 de
2244 2149 2316 2179 pre-

1304 2197 1422 2232 benda,
1455 2196 1484 2226 si
1516 2205 1581 2235 qua
1612 2196 1646 2224 in
1677 2195 1791 2225 eadem
1823 2194 1963 2225 ecclesia
1991 2199 2069 2224 tunc
2097 2193 2235 2223 vacabat
2263 2193 2316 2224 vel

1304 2249 1550 2288 quamprimum
1571 2258 1605 2278 se
1622 2249 1736 2278 oti'eret
1752 2247 1904 2282 facultas,
1923 2247 2119 2276 auctoritate
2135 2245 2317 2284 apostolica

1303 2302 1501 2340 provideret.
1524 2301 1802 2332 Contradictores.
1821 2300 1970 2338 Cumque
1987 2298 2190 2329 venerabilis
2212 2299 2316 2329 frater

1304 2359 1416 2385 noster
1437 2378 1473 2390 ..,
1492 2355 1681 2392 episcopus,
1700 2377 1738 2389 ..‚
1760 2354 1922 2387 decanus,
1945 2356 1976 2382 et
1998 2351 2180 2390 capitulum
2200 2351 2316 2382 Claro-

1304 2412 1494 2438 montenscs
1519 2407 1643 2437 dictum
1669 2406 1825 2436 clericum
1849 2405 1890 2435 ad
1910 2405 2103 2434 mandatum
2130 2403 2316 2434 executoris

1303 2461 1410 2499 ipsius
1424 2460 1569 2498 recipere
1587 2469 1624 2489 ex
1639 2459 1768 2488 malitia
1784 2459 1994 2491 differentes,
2014 2456 2210 2487 auctoritate
2225 2456 2317 2486 litte-

1303 2521 1415 2542 rarum
1436 2512 1530 2542 Sedis
1554 2511 1747 2550 apostolice,
1772 2510 1932 2550 quosdam
1955 2509 2037 2539 alios
2061 2509 2214 2543 clericos,
2233 2517 2316 2547 quos

1303 2566 1391 2595 iden]
1410 2565 1550 2595 clericus
1567 2565 1602 2594 in
1618 2564 1851 2602 impetratione
1867 2571 1903 2592 ac
1923 2561 2169 2600 presentatione
2187 2560 2316 2591 littera-

1303 2627 1377 2648 rum
1403 2627 1538 2647 suarum
1558 2617 1734 2655 precessit,
1755 2617 1790 2645 in
1816 2615 1994 2645 canonicos
2019 2614 2238 2652 recepissent,
2259 2613 2316 2644 de-

1303 2679 1393 2699 mum
1413 2670 1515 2700 iidem
1531 2669 1713 2708 capitulum
1729 2669 1870 2699 eundem
1891 2667 2049 2698 clericum
2068 2670 2263 2704 receperunt
2279 2665 2315 2695 in

1304 2723 1500 2753 canonicum
1518 2727 1549 2752 et
1565 2723 1599 2751 in
1616 2723 1753 2752 fratrem
1769 2732 1775 2750 :
1791 2725 1923 2759 propter
1938 2719 2025 2758 quod
2037 2719 2125 2749 idem
2141 2718 2316 2756 episcopus

1303 2785 1361 2814 pro
1378 2784 1411 2805 se
1429 2780 1459 2805 et
1478 2775 1541 2804 sibi
1564 2774 1802 2805 adherentibus
1819 2782 1930 2803 vocem
1949 2771 2180 2810 appellationis
2197 2770 2237 2800 ad
2255 2766 2316 2801 Se-

1303 2828 1377 2858 dem
1396 2827 1610 2866 apostolicam
1626 2827 1748 2857 emisit.
1769 2827 1856 2857 Mota
1878 2825 1982 2863 igitur
1998 2824 2084 2862 apud
2100 2823 2218 2854 Sedem
2239 2831 2316 2861 pre-

1304 2880 1425 2909 dictam
1442 2889 1541 2918 super
1561 2880 1637 2916 hiis,
1656 2880 1743 2910 inter
1759 2879 1952 2918 episcopum
1971 2881 2001 2906 et
2023 2875 2221 2906 adherentes
2237 2876 2315 2913 pre-

2488 2064 2498 2215 -d—..i-a...
2491 1955 2494 1958 ν
