2441 3330
946 240 1169 277 PREMIERE
1192 241 1348 277 ANNEE.
2153 254 2191 282 97

99 313 271 352 magistris
288 317 362 342 actu
383 312 575 349 regentibus
590 317 620 342 et
639 313 736 342 unica
759 313 846 342 scola
863 313 900 341 de
917 317 1024 341 cetero
1041 312 1108 341 sint

100 370 266 397 contenta.
290 366 340 395 Ne
359 373 489 403 qnoque
505 364 628 402 aliquis
649 364 848 394 bacellarius
869 365 902 393 in
925 364 1109 401 theologica

100 418 259 449 facultate
275 420 506 456 promoveatur
521 417 562 446 ad
580 417 782 451 cathedram,
798 417 865 446 nisi
880 417 973 454 prius
990 416 1108 446 exami-

101 471 232 501 naverit
259 469 476 507 semetipsum
503 469 621 499 salt-em
651 469 781 507 aliquos
811 469 913 498 libros
946 468 1109 505 theologie

102 523 246 561 glosatos
271 526 302 552 et
322 521 505 552 sententias
526 521 561 550 in
583 521 681 551 scolis
702 521 843 559 alicujus
866 521 1018 558 magistri
1036 525 1110 550 actu

101 575 249 613 regentis
267 574 444 612 diligenter
458 573 608 611 legendo.
626 574 719 609 Quod
735 574 763 603 si
780 573 902 611 aliquis
918 578 1031 603 contra
1047 573 1110 602 dic-

102 631 153 658 tas
170 627 395 657 ordinationes
411 630 538 656 vestras
555 626 668 656 venire
686 630 902 664 presumeret.
922 626 951 655 ei
971 626 1110 655 societas

103 684 215 710 vestra
236 683 303 709 tam
322 679 358 708 in
381 678 556 717 principiis
581 687 679 717 quam
705 678 739 707 in
763 678 839 707 aliis
860 678 1112 708 subtraheretur

104 732 252 762 omnino.
269 731 477 769 Quicumque
493 740 569 760 vero
587 730 786 761 bacellarius
803 730 994 760 licentiatus
1011 730 1112 759 fuerit

105 789 137 815 et
151 785 230 814 huic
245 784 448 814 ordinationi
464 793 663 814 consensum
678 787 825 822 prestare
843 783 985 813 noluerit
1000 783 1112 821 requi-

103 837 200 872 situs,
219 846 293 867 eum
315 837 479 866 statuistis
502 836 631 866 excludi
652 846 669 866 a
692 836 857 866 consortio
876 836 1111 873 magistrorum

105 894 137 920 et
159 890 266 920 eidem
291 893 357 918 tam
380 889 415 918 in
440 889 614 927 principiis
641 898 740 928 quarn
765 888 799 917 in
824 888 899 918 aliis
920 888 1112 917 societatem

103 941 330 980 magistralem
343 942 476 980 penitus
490 941 647 979 denegari
663 951 669 970 :
687 941 860 980 premissis
877 941 1010 971 statutis
1027 941 1112 971 Uni-

103 994 284 1030 versitatis‚
313 998 349 1024 ut-
371 994 503 1029 dicitur,
528 994 703 1024 accedente
726 1002 902 1027 consensu,
925 993 1113 1023 reverentia

103 1052 216 1077 tamen
229 1051 259 1077 et
273 1047 462 1077 obedientia
478 1047 572 1077 Sedis
587 1046 765 1085 apostolice
777 1056 813 1076 ac
825 1046 977 1081 aliorum,
991 1046 1112 1085 quibus

104 1100 240 1130 obedire
260 1099 436 1135 tenemini,
455 1108 584 1138 semper
601 1099 701 1129 salva.
726 1099 898 1129 Statuistis
919 1099 1055 1138 insuper
1071 1108 1111 1129 ne

103 1152 194 1182 ullus
218 1152 377 1190 magister
400 1152 435 1181 in
463 1161 670 1191 quacumque
694 1152 851 1182 facultate
875 1152 915 1182 ad
937 1152 1113 1189 collegium

105 1205 340 1243 magistrorum
358 1204 410 1234 vel
427 1205 632 1234 consortium
649 1205 888 1235 Universitatis
909 1214 1033 1240 eorum,
1052 1205 1114 1234 ali-

106 1259 271 1296 quatenus
285 1257 488 1293 admittatur,
503 1257 570 1287 nisi
585 1258 679 1296 prius
694 1257 729 1287 in
745 1257 843 1296 plena
859 1258 1113 1295 congregatione

107 1310 343 1347 magistrorum
359 1310 411 1340 vel
427 1310 543 1340 saltem
560 1319 669 1340 coram
687 1311 792 1340 tribus
810 1311 980 1348 magistris
994 1320 1052 1341 sue
1068 1311 1113 1340 fa-

107 1363 242 1393 cultatis
265 1363 306 1392 ad
323 1362 386 1392 hoc
407 1363 595 1401 specialiter
616 1363 792 1401 deputatis,
813 1364 975 1402 juraverit
992 1367 1115 1393 statuta

106 1421 219 1446 vestra
233 1415 325 1445 licita
339 1420 370 1446 et
386 1415 525 1446 honesta
541 1420 572 1445 et
588 1416 681 1446 vobis
698 1416 906 1454 expedientia
925 1425 958 1446 se
975 1417 1115 1446 firmiter

108 1473 329 1504 servaturum,
349 1472 476 1498 secreta
492 1477 622 1507 quoque
638 1472 669 1498 et
688 1468 828 1498 consilia
843 1473 953 1499 vestra
974 1473 1045 1507 post
1061 1469 1114 1498 in-

105 1521 306 1551 hibitionem
335 1521 400 1550 sibi
431 1521 551 1550 factam
581 1530 599 1551 a
626 1521 720 1551 vobis
748 1522 890 1552 fideliter
917 1522 1112 1558 celaturum,

105 1574 259 1613 quodque
283 1573 544 1611 obligationibus
569 1574 689 1603 vestris
716 1574 819 1604 licitis
847 1578 878 1604 et
899 1574 1049 1604 honestis
1077 1584 1113 1604 ac

103 1627 199 1657 vohis
216 1627 482 1665 expedientibus,
500 1627 654 1665 precipue
674 1636 712 1657 ex
729 1632 842 1657 tenore
863 1628 1114 1666 privilegiorum

104 1684 292 1710 vestrorum
304 1680 450 1717 vigorem
467 1680 676 1718 capientibus
691 1681 827 1719 pacifice
842 1681 1113 1719 concorditerque

105 1732 303 1763 consentiet.
318 1733 368 1768 Et,
384 1737 419 1761 ut
435 1732 496 1762 hoc
512 1733 642 1763 firmius
659 1737 858 1768 servaretur,
877 1733 1063 1768 addidistis,
1078 1738 1114 1763 ut

107 1785 220 1815 nullus
243 1786 401 1823 magister
422 1786 623 1824 principium
645 1786 786 1826 alicujus
810 1787 980 1816 bacellarii
1003 1780 1113 1816 tenere

105 1837 159 1868 vel
187 1838 258 1877 ejus
285 1838 448 1876 principio
475 1838 637 1869 interesse
667 1844 847 1877 presumat,
873 1830 939 1869 nisi
966 1839 1058 1877 prius
1083 1839 1114 1868 ei

105 1890 293 1920 constiterit
320 1891 407 1929 quod
434 1891 523 1920 idem
548 1891 748 1921 bacellarius
776 1892 817 1921 ad
844 1892 991 1930 predicta
1018 1892 1113 1921 niodo

104 1942 278 1982 prehabito
292 1943 335 1972 sit·
347 1943 480 1981 ligatus,
496 1952 556 1973 nec
568 1943 656 1974 idem
672 1944 882 1979 bacellarius,
897 1945 925 1974 si
939 1945 1004 1974 alio
1019 1945 1113 1973 modo

102 1996 282 2033 inceperit,
301 1996 458 2033 magister
474 2006 492 2026 a
508 1996 600 2026 vobis
620 1997 831 2035 aliquatenus
848 1998 1020 2027 habeatur.
1040 1998 1113 2027 Sta-

105 2048 217 2078 tuistis
238 2053 399 2086 preterea.
421 2053 456 2077 ut
481 2049 520 2083 si,
548 2054 698 2079 cessante
724 2050 833 2079 studio
864 2050 1047 2080 Parisiensi
1072 2050 1112 2079 011

103 2110 221 2131 causas
240 2101 431 2131 consimiles
447 2101 498 2131 vel
512 2102 594 2131 alias
610 2103 826 2133 rationabiles
841 2103 963 2141 aliquis
978 2103 1112 2133 interim

102 2154 303 2184 bacellarius
318 2154 353 2183 in
370 2154 482 2192 aliqua
496 2155 653 2185 facultate
668 2156 706 2185 de
722 2165 804 2185 novo
822 2156 1049 2194 sollempniter
1064 2156 1112 2185 in-

103 2207 213 2245 cipere
227 2206 278 2236 vel
295 2207 417 2245 aliquis
431 2216 544 2237 eorum
561 2208 617 2246 qui
633 2209 726 2246 prius
743 2214 896 2238 rexerunt
910 2219 987 2239 suas
1001 2209 1111 2239 iterim

104 2269 273 2290 resumere
293 2260 531 2297 presumpserit
557 2260 733 2296 lectiones,
759 2267 877 2291 extunc
903 2272 919 2291 a
947 2262 1112 2291 consortio

104 2317 213 2343 vestro
236 2313 269 2342 in
289 2317 484 2351 perpetuum
502 2313 695 2343 excludatur
713 2324 773 2344 nec
790 2315 940 2344 Par-isius
958 2325 1016 2344 svn
1033 2315 1113 2344 alibi

104 2366 162 2396 uhi
183 2366 330 2396 studium
353 2367 527 2396 transferri
548 2367 724 2403 conti—gerit
748 2368 836 2397 inter
858 2368 1033 2405 inagisnps
1055 2377 1112 2397 seu

104 2419 248 2449 scolares
261 2418 473 2458 aliquatenus
487 2419 695 2455 adrnittattit·;
715 2425 745 2449 et
763 2431 844 2458 1101111
863 2421 995 2450 consilii
1013 2420 1112 2449 scola-

104 2471 162 2507 ris,
181 2472 238 2510 qui
254 2472 388 2501 iuterim
405 2481 505 2502 causa
521 2473 623 2501 studii
642 2473 791 2502 Parisins
809 2473 921 2503 venire
943 2482 1112 2510 presump-

104 2524 196 2560 serit,
234 2524 419 2562 puniretur,
458 2525 525 2554 nisi
565 2530 826 2561 t1·ans;.¹ress‹n·es
864 2526 1001 2564 predicti
1040 2534 1112 2562 pre-

105 2578 328 2615 sumptionem
358 2587 452 2607 suam
475 2578 515 2607 ad
542 2578 716 2607 arbitrium
745 2579 982 2609 Universitatis
1007 2582 1112 2606 vestre

105 2631 293 2661 curaverint
321 2631 508 2660 emendare.
534 2632 572 2660 Et
599 2631 659 2660 hoc
689 2632 869 2661 ordinastis
895 2636 923 2661 et
948 2631 1112 2660 statuistis

104 2683 166 2712 sub
189 2692 273 2721 pena
295 2692 393 2721 quain
418 2683 567 2721 infligere
589 2685 725 2721 potestis
746 2684 984 2714 inviolabiliter
1000 2684 1113 2711 obser-

103 2735 211 2765 vanda
233 2735 472 2765 nichilominus
494 2741 706 2766 recensentes
727 2746 764 2767 cx
786 2737 950 2766 communi
979 2740 1112 2764 senten-

104 2788 195 2823 tiam,
216 2789 326 2827 11110111
345 2793 607 2823 transgressores
623 2790 801 2826 premissos
821 2790 926 2818 extitit
945 2794 976 2817 nt
996 2798 1112 2826 propo-

103 2836 428 2879 1111111·1110111111011111,
449 2841 488 2870 ab
507 2841 662 2870 omnibus
677 2842 916 2871 inviolabiliter
930 2841 1110 2876 observari,

102 2892 206 2923 salvis
223 2893 255 2922 in
273 2893 426 2921 omnibns
440 2893 514 2931 jure
534 2903 569 2921 ac
588 2893 739 2923 libertate
759 2894 928 2923 canonicis
947 2893 1112 2923 l'arisicn-

227 2958 449 2982 ALEXANDRE
468 2957 519 2986 IV,
538 2961 556 2980 t.
578 2957 595 2981 l,

1191 312 1294 346 sibus,
1309 319 1467 351 quantum
1483 315 1522 344 ad
1536 315 1646 345 onmia
1662 316 1695 344 in
1711 316 1831 354 quibus
1845 320 1875 345 et
1889 325 1946 354 per
1960 326 2021 355 que
2038 327 2055 347 a
2071 319 2190 349 vestris

1191 364 1455 396 ordinationibus
1485 371 1515 396 et
1543 367 1676 396 statutis
1707 368 1900 398 auctoritate
1925 369 2102 406 apostolica
2132 380 2190 400 seu

1191 425 1397 455 quacumque
1416 417 1479 447 alia
1499 423 1575 447 sunt
1593 420 1742 457 exempti.

1232 470 1332 498 Porro
1343 469 1472 499 dilectis
1484 471 1562 500 filiis
1622 471 1729 509 priore
1741 473 1992 509 predicatorum.
2007 479 2037 504 et
2098 485 2190 511 euar-

1192 520 1289 550 diano
1303 521 1467 551 Minoi-um
1482 523 1620 552 fratrum
1636 523 1888 559 Parisiensium,
1907 534 1999 554 suam
2016 526 2054 555 ad
2075 527 2191 556 Sedeni

1192 572 1371 610 predictam
1385 574 1549 611 refugium
1564 584 1794 612 oppressorum
1806 576 2031 607 deferentibus
2046 579 2191 616 questio—

1192 633 1278 659 nem,
1292 625 1378 662 quod
1393 635 1449 655 vos
1461 627 1632 656 occasione
1649 631 1845 657 statutorum
1861 628 2049 666 hujusmodi
2067 640 2083 658 a
2100 631 2191 660 vobis

1193 677 1241 706 eis
1258 677 1399 707 exclusis
1417 687 1474 716 pro
1491 683 1598 708 vestro
1612 679 1705 708 libito
1719 679 1891 713 editorum,
1906 681 1993 718 ipsos
2009 685 2038 711 et
2052 681 2192 711 libermn

1194 733 1223 758 et
1250 729 1398 767 quietum
1417 735 1538 759 statum
1559 731 1791 768 magistrorum
1809 736 1839 762 et
1860 733 1999 762 fratrum
2016 734 2193 764 eorundem

1193 781 1347 811 ordinum
1380 783 1528 813 Parisius
1558 784 1666 813 studio
1696 784 1923 814 insistentium
1952 795 1987 815 ac
2018 786 2193 816 scolarium

1194 843 1328 864 suornm
1347 835 1493 865 indebite
1507 837 1659 870 turbatis,
1677 837 1823 874 prefatus
1840 839 2053 869 Innocentius
2068 848 2126 869 nec
2140 849 2194 869 ex-

1194 887 1330 924 pediens
1346 892 1502 925 reputans
1517 897 1622 926 neque
1639 889 1757 918 decens
1770 890 1924 927 predictis
1936 891 2089 921 omnibus
2103 901 2194 929 pres-

1195 948 1289 968 suras
1303 939 1492 978 hujusmodi
1511 940 1561 969 vel
1577 940 1745 970 molestias
1759 941 1898 979 irrogari
1915 942 2006 972 vobis
2021 943 2090 973 suis
2107 943 2195 973 dedit

1194 989 1314 1019 litteris
1333 990 1367 1019 in
1390 991 1566 1026 mandatis,
1590 995 1623 1020 ut
1647 991 1686 1021 ab
1709 992 1854 1029 ipsorum
1878 993 2079 1031 quibuslibet
2102 995 2194 1024 novis

1195 1042 1357 1072 molestiis
1371 1046 1401 1071 et
1417 1043 1727 1081 inquietationil‘ius,
1746 1045 1902 1082 predictis
1922 1046 2053 1075 statutis
2070 1055 2195 1084 nequa-

1195 1104 1293 1133 quam
1312 1095 1531 1130 obstantibus,
1549 1095 1746 1125 desistentes
1763 1097 1865 1125 nichil
1884 1098 2015 1135 penitus
2031 1108 2134 1137 usque
2157 1099 2196 1128 ad

1195 1148 1317 1177 festum
1326 1149 1572 1186 Assumptionis
1582 1149 1675 1179 beate
1683 1150 1832 1187 Virginis
1842 1150 1987 1188 proximo
1998 1155 2073 1180 tunc
2083 1156 2194 1181 ventu-

1196 1209 1268 1230 rum
1281 1201 1314 1229 in
1332 1209 1444 1230 eorum
1461 1201 1510 1230 vel
1522 1201 1655 1239 pristini
1673 1206 1776 1231 status
1798 1202 1943 1240 ipsorum
1962 1204 2195 1240 presumeretis

1196 1254 1415 1293 prejudicium
1434 1258 1639 1292 attemptare.
1664 1256 1701 1284 Et
1724 1264 1822 1293 quem
1838 1255 1923 1285 inter
1942 1265 1997 1285 vos
2021 1260 2048 1285 et
2077 1257 2194 1286 fratres

1196 1308 1340 1345 prefatos
1356 1306 1441 1336 idem
1457 1308 1480 1336 I.
1498 1307 1790 1339 onineniscandali
1811 1312 1841 1337 et
1862 1308 2022 1338 discordie
2044 1309 2194 1346 cupiebat

1196 1359 1369 1389 materiam
1384 1364 1552 1397 amputare
1566 1364 1601 1389 111
1613 1360 1672 1389 51111
1685 1361 1815 1390 vinculo
1829 1361 1918 1398 pacis
1933 1361 2078 1399 pacificis
2092 1362 2194 1391 501011·

1197 1412 1241 1442 tie
1271 1412 1390 1441 studiis
1419 1413 1597 1447 vacaretiS,
1627 1413 1825 1451 supradictis
1855 1414 2015 1451 episcopis
2048 1423 2104 1452 per
2136 1423 2194 1444 sua

1197 1464 1318 1502 scripta
1336 1465 1514 1499 mandavit,
1532 1469 1567 1494 ut
1590 1469 1655 1495 tam
1677 1475 1732 1495 vos
1751 1475 1849 1504 quam
1870 1467 1987 1496 fratres
2008 1466 2137 1496 eosdem
2157 1476 2195 1496 ex

1197 1522 1287 1555 parte
1314 1526 1373 1547 sua
1397 1519 1614 1555 peremptorie
1640 1519 1740 1548 citare
1764 1523 1926 1554 curarent,
1954 1519 2039 1557 quod
2061 1519 2095 1548 in
2122 1529 2195 1557 prc-

1197 1570 1298 1599 misso
1324 1571 1418 1605 festo,
1443 1571 1509 1599 nisi
1533 1580 1631 1609 super
1655 1571 1721 1601 hiis
1745 1572 1879 1601 interim
1904 1572 2090 1610 proveniret
2118 1581 2194 1601 con-

1197 1623 1308 1653 cordia
1329 1632 1386 1661 per
1408 1629 1635 1661 procuratores
1656 1623 1789 1653 idoneos
1812 1624 1851 1653 ad
1871 1624 1975 1662 ipsius
1996 1624 2195 1662 presentiam

1196 1676 1366 1711 veniretis,
1396 1680 1431 1705 ut
1461 1685 1558 1713 super
1585 1676 1755 1714 premissis
1782 1676 1866 1714 quod
1896 1676 1976 1706 utile
2004 1676 2134 1706 salubre
2160 1686 2195 1706 ae

1197 1729 1397 1759 conveniens
1424 1729 1635 1767 prospiceret,
1667 1733 1797 1758 auctore
1828 1729 1978 1761 Domino,
2009 1729 2194 1763 ordinaret;

1198 1792 1256 1812 nec
1275 1782 1503 1820 permitterent
1516 1782 1616 1811 iidem
1633 1782 1776 1819 episcopi
1794 1782 1910 1811 fratres
1927 1782 2056 1811 eosdem
2074 1792 2089 1810 a
2105 1782 2195 1811 vobis

1197 1840 1309 1865 contra
1328 1835 1490 1873 premissa
1507 1834 1612 1864 medio
1629 1838 1772 1872 tempore
1786 1833 1964 1863 molestari.

1236 1889 1386 1927 Denique
1404 1888 1491 1917 idem
1513 1887 1739 1925 predecessor,
1757 1891 1859 1916 morte
1876 1890 2066 1924 preventus,
2092 1886 2195 1915 nichil

1196 1942 1300 1980 potuit
1320 1942 1411 1980 juxta
1434 1940 1525 1978 pium
1551 1944 1742 1977 conceptum
1763 1939 1866 1968 animi
1886 1939 1937 1967 sni
1962 1948 2059 1977 super
2083 1939 2193 1968 eodem

1197 1995 1327 2032 negotio
1346 1994 1499 2027 ditlinire,
1516 1993 1628 2030 sicque
1644 2001 1701 2021 nos
1716 1992 1830 2021 habuit
1850 1992 1883 2020 in
1898 1991 2085 2030 hujusmodi
2105 1991 2195 2020 solli-

1196 2047 1354 2077 citudinis
1374 2055 1452 2075 cura
1480 2045 1563 2074 sicut
1587 2049 1617 2073 et
1639 2045 1673 2073 in
1697 2044 1814 2073 ceteris
1840 2043 2013 2081 pastoralis
2043 2043 2193 2079 angusti«-

1195 2099 1364 2129 laboribus
1391 2098 1466 2127 licet
1494 2097 1677 2126 immeritos
1703 2106 1920 2125 stu-cessores.
1946 2097 2062 2125 Vestro
2085 2095 2193 2132 itaqu«-

1195 2151 1362 2181 sufficiens
1380 2151 1419 2179 ad
1435 2150 1675 2179 ordinationem
1690 2148 1931 2185 stist·ipi‹;=11(l;11n
1951 2147 2090 2175 babento
2107 2156 2194 2174 nian-

1195 2206 1304 2234 datum
1323 2208 1351 2233 et
1370 2203 1588 2241 predictorum
1604 2201 1721 2239 prioris
1734 2205 1761 2229 01
1777 2202 1912 2229 fratrum
1928 2198 2193 2236 procuratoriluis

1195 2266 1321 2287 necnon
1346 2260 1375 2285 ct
1399 2255 1517 2284 dilecto
1539 2254 1606 2282 lilio
1629 2253 1786 2288 magistro
1802 2252 1927 2281 ordinis
1950 2251 2192 2281 predicatorum

1195 2310 1339 2349 quicum
1358 2308 1426 2337 illis
1442 2307 1627 2345 postulabat
1645 2306 1702 2335 1101·
1726 2306 1831 2342 ipsum
1848 2304 1880 2333 in
1900 2308 2008 2332 nostra
2028 2302 2192 2341 presentia

1195 2358 1686 2398 constitutis,premissaonmia
1698 2362 1724 2387 et
1740 2355 2188 2395 processusbabitosdiligffn-

1197 2419 1244 2444 ter
1264 2413 1482 2451 inspeximus,
1505 2420 1710 2450 quecumque
1732 2411 1764 2438 in
1783 2409 1944 2438 auditorio
1967 2412 2076 2437 nostro
2098 2416 2194 2444 super

1196 2467 1261 2496 hiis
1277 2466 1430 2504 utrinque
1444 2466 1534 2493 fuere
1548 2463 1711 2501 proposita
1725 2461 1946 2491 intelleximus
1959 2460 2144 2497 diligenter.
2158 2459 2190 2488 Et

1197 2520 1325 2549 tandein
1340 2528 1396 2556 1101·
1412 2518 1498 2547 viam
1513 2517 1600 2554 pacis
1615 2526 1676 2554 qua
1696 2524 1866 2553 [1100055115
1881 2518 1927 2542 est
1946 2513 2048 2548 gratie
2064 2512 2101 2541 ad
2119 2511 2193 2539 diri-

1197 2574 1351 2601 ntendunt
1379 2572 1464 2600 inter
1491 2574 1598 2608 parles
1626 2573 1735 2599 exorte
1764 2566 1985 2596 controversie
2012 2564 2191 2601 scrupulos.

1197 2636 1265 2659 nos,
1286 2624 1424 2653 Domino
1441 2623 1619 2658 dirigente.
1645 2622 1752 2659 aliqua
1771 2629 1807 2649 ex
1824 2618 1996 2657 premissis
2015 2616 2193 2645 ordinatio-

1196 2678 1293 2707 nibus
1317 2681 1345 2706 et
1366 2676 1497 2706 statutis
1517 2685 1533 2703 a
1558 2674 1647 2703 vobis
1665 2673 1778 2702 editis,
1798 2676 1829 2700 ut
1852 2670 2018 2699 salubrius
2043 2672 2189 2697 maneant

1196 2735 1226 2759 et
1246 2730 1362 2758 utilius
1381 2727 1600 2757 ronimoditati
1621 2725 1788 2764 proiit-iant
1811 2722 1972 2759 generali,
1997 2722 2034 2749 111·
2058 2723 2193 2749 l'ratrum

1197 2787 1381 2812 nostrorum
1397 2781 1536 2809 consilio
1551 2779 1747 2808 moderanda
1762 2776 1974 2815 providimus,
1995 2779 2100 2802 cetera
2119 2782 2192 2800 vero

1196 2846 1235 2865 110
1261 2835 1367 2871 rigore
1393 2832 1611 2861 distrivdcmis
1639 2831 1796 2859 niman-111
1823 2826 2028 2857 coniunionis
2059 2834 2191 2861 exaspe-

1196 2893 1279 2917 rent.
1298 2886 1486 2915 resecanda.
1506 2884 1635 2913 Etenim
1651 2883 1734 2911 circa
1758 2882 1788 2910 id
1810 2881 1892 2919 qnod
1911 2883 2052 2907 statuo-r»-
2071 2875 2192 2904 volnis-

2047 2943 2071 2964 13
