2498 3325
230 238 286 266 466
952 229 1190 260 REGISTRES
1212 228 1520 259 D'ALEXANDRE
1543 229 1599 259 IV.

232 305 328 334 licam
346 308 409 333 est.
428 306 464 331 ut
483 300 649 330 asseritis.
669 299 873 329 confirmata.
894 299 961 328 Nos
979 297 1093 335 igitur,
1117 295 1236 326 vestris

232 355 531 395 supplicationibus
547 353 712 382 inclinati.
722 351 919 381 observandi
931 350 1175 380 ordinationem
1187 349 1238 387 ip-

231 419 302 440 sam
324 408 491 439 ultimam.
513 407 629 445 primis
647 405 846 444 juramentis
870 412 1078 443 nequaquam
1102 402 1238 432 obstan-

232 464 331 493 tibus.
347 460 540 491 auctoritate
555 459 646 488 vol-is
655 458 860 496 presentium
875 456 1012 486 liberam
1025 455 1237 485 concedimus

232 515 434 545 facultatem.
463 512 555 542 Nulli
587 516 645 541 etc.
675 515 785 540 nostre
811 509 1037 539 concessionis
1070 513 1130 538 etc.
1163 509 1236 538 Dat.

233 567 398 601 Laterani,
416 567 447 596 II
466 574 568 595 nonas
586 563 712 602 aprilis,
731 572 818 592 anno
834 562 990 592 secundo.
1011 574 1022 588 »ι

307 753 420 781 ¹492

270 815 408 849 Magistro
423 818 450 840 ct
466 813 603 840 fratribus
619 812 723 838 domus
740 811 857 837 militiae
871 810 980 845 Templi
998 811 1024 836 in
1042 810 1140 837 Accou
1157 818 1239 837 man-

759 746 883 782 Anagni,
905 749 934 774 lo
954 748 1070 774 octobre
1091 748 1166 775 1255.

234 865 291 896 dat,
309 863 445 898 quatinus
460 861 610 895 assignent
628 869 719 895 usquc
731 859 764 886 ad
783 860 857 885 mille
874 868 985 886 marcas
997 860 1107 893 argenti
1121 859 1240 893 patriar-

233 914 304 939 cbae
321 911 553 938 Jerosolimitano
575 918 625 944 pro
648 909 780 935 custodia
795 908 881 934 castri
902 907 1068 942 Joppeusis.
1093 907 1174 942 (Rau⁴
1196 908 1238 938 24,

234 963 253 988 s.
272 962 348 990 201¹.
367 968 433 986 utin.
453 958 497 989 Il.
519 966 546 986 c.
566 957 639 989 406.)

277 1075 289 1089 «
313 1063 456 1099 ,llaqt'stro
477 1066 503 1090 et
522 1060 672 1096 fratribus
692 1059 798 1088 domus
814 1059 930 1088 milicie
949 1059 1062 1096 Templi
1080 1059 1113 1087 in
1130 1059 1238 1088 Accon.

235 1116 317 1146 Cum
341 1113 515 1151 negocium
536 1116 622 1142 terre
648 1116 760 1141 sancte
779 1111 919 1140 dilectus
939 1110 1029 1140 filius
1053 1110 1175 1140 nobilis
1192 1110 1242 1139 vir

237 1190 270 1203 ..‚
291 1175 400 1197 comes
419 1165 608 1203 Joppensis,
626 1167 717 1193 tanto
740 1164 860 1193 affectu
883 1163 1026 1198 ducitur,
1051 1163 1138 1201 quod
1157 1163 1240 1201 ipse,

235 1220 321 1251 sicut
351 1218 554 1256 accepimus,
581 1225 638 1255 pro
668 1216 818 1246 custodia
845 1216 945 1246 castri
971 1216 1148 1254 Joppensis
1176 1224 1242 1245 non

235 1272 341 1302 solum
357 1270 468 1301 omnia
485 1270 570 1299 bona
585 1278 644 1299 sua
655 1269 792 1299 mobilia
808 1272 839 1299 et
855 1277 922 1298 non
938 1269 1099 1298 modicam
1116 1273 1242 1307 partem

234 1325 286 1354 sui
310 1323 502 1362 patrimonii
520 1323 588 1361 jam
607 1321 778 1360 expendit,
797 1321 854 1351 sed
877 1321 976 1351 etiam
998 1321 1089 1359 gravi
1111 1324 1244 1359 propter

234 1377 295 1406 hoc
311 1375 472 1415 premitur
487 1375 617 1404 sarcina
631 1374 828 1404 debitorum.
845 1373 940 1404 Unde
956 1374 1002 1408 fit,
1013 1374 1100 1412 quod
1117 1374 1186 1412 ipse
1203 1374 1244 1404 ad

236 1429 419 1459 custodiam
443 1427 634 1466 hujusmodi
657 1436 714 1465 per
737 1436 770 1456 se
794 1427 903 1464 ipsum
926 1435 991 1456 non
1015 1427 1152 1462 sufficit,
1177 1427 1244 1457 nisi

235 1482 368 1512 aliunde
385 1481 450 1510 sibi
464 1481 503 1510 ad
520 1480 553 1509 id
569 1484 730 1518 oportuna
747 1479 922 1509 subventio
940 1483 1144 1517 procuretur.
1161 1479 1244 1510 Cum

236 1536 348 1573 itaque
371 1534 455 1563 bone
481 1533 639 1562 memorie
658 1533 708 1565 G.,
731 1531 920 1570 patriarcba
938 1532 1241 1568 Jerosolimitanus‚

238 1588 323 1618 sicut
347 1586 550 1625 accepimus,
570 1586 647 1615 dum
671 1585 778 1615 adbuc
799 1585 940 1618 viveret.
959 1590 1081 1615 certam
1105 1585 1244 1624 pecunie

237 1640 468 1680 quantitatem,
485 1648 547 1677 que
564 1638 708 1668 sedecim
723 1638 852 1667 milium
872 1638 1097 1667 Bisantiorum
1115 1647 1151 1667 ac
1168 1639 1246 1669 Sar-

238 1701 432 1723 racenorum
450 1700 613 1722 summam
630 1696 661 1720 et
677 1691 845 1730 a[m]plius
860 1691 1023 1728 attingere
1040 1691 1197 1726 creditur,
1211 1691 1245 1721 in

238 1746 332 1776 domo
347 1749 457 1775 vestra
468 1744 586 1783 deponi
601 1744 770 1777 fecerit,in
785 1744 932 1782 ejusdem
948 1748 1033 1774 terre
1045 1749 1158 1774 sancte
1173 1744 1246 1773 sub-

239 1799 361 1829 sidium
381 1797 648 1832 converteudam,
667 1806 737 1830 nos,
756 1796 924 1827 intellecto
943 1797 1041 1836 quod,
1056 1797 1084 1826 si
1102 1801 1247 1827 castrum

238 1852 364 1891 ipsum,
389 1851 475 1890 quod
496 1850 601 1885 absit,
626 1849 795 1888 a(m)u*1itti
817 1849 1040 1887 contingeret,
1067 1849 1248 1879 maximum

239 1904 357 1935 exinde
374 1904 609 1934 detrimentum
627 1902 771 1941 predicte
789 1906 873 1932 terre
892 1911 928 1932 ac
945 1902 1098 1932 fidelibus
1115 1902 1248 1932 illarum

239 1957 383 1996 partium
409 1956 610 1989 immineret,
629 1955 728 1992 digne
750 1954 920 1989 volumus,
940 1959 970 1984 et
989 1964 1046 1993 per
1069 1954 1250 1993 apostolica

239 2010 332 2040 vobis
347 2009 469 2047 scripta
482 2009 631 2038 districte
645 2008 857 2046 precipiendo
869 2008 1076 2038 mandamus.
1090 2008 1249 2047 quatinus

240 2063 279 2093 de
299 2061 490 2101 hujusmodi
511 2061 651 2099 pecunia
673 2070 777 2100 usque
799 2061 839 2090 ad
860 2061 949 2090 mille
973 2070 1100 2090 marcas
1120 2061 1250 2097 argenti

240 2114 423 2145 venerabili
448 2114 542 2143 fratri
564 2118 676 2143 nostro
701 2137 734 2149 ..,
757 2113 945 2152 patriarche
965 2113 1248 2149 Jemsolimitano,

242 2168 420 2207 apostolice
437 2167 532 2197 Sedis
549 2167 667 2204 legato,
685 2167 926 2205 expendendas,
941 2167 1035 2206 juxta
1050 2167 1157 2205 ipsius
1175 2176 1251 2205 pro-

241 2221 434 2255 videntiam,
446 2221 480 2249 in
493 2220 679 2250 subsidium
695 2220 773 2250 dicti
786 2220 885 2250 castri
901 2219 972 2249 sine
985 2219 1177 2249 difficultate
1193 2229 1251 2249 seu

243 2274 401 2304 dilatione
414 2273 561 2312 qualibet
572 2273 763 2310 assignetis,
775 2273 966 2302 mandatum
979 2277 1127 2302 nostrum
1142 2272 1252 2303 taliter

241 2326 422 2364 impleturi,
443 2330 478 2355 ut
499 2325 615 2355 exinde
635 2325 720 2364 apud
741 2334 800 2355 nos
821 2330 931 2355 vestra
953 2326 1129 2355 sinceritas
1147 2325 1252 2364 possit

243 2379 361 2408 merito
378 2378 601 2408 commendari
623 2388 628 2406 ε
650 2378 798 2416 alioquin
823 2378 908 2408 dicto
932 2378 1119 2416 patriarche
1135 2378 1252 2408 damus

245 2431 367 2461 nostris
390 2431 511 2461 litteris
534 2431 569 2460 in
592 2431 773 2467 mandatis,
795 2435 831 2461 ut
855 2441 911 2461 vos
937 2431 977 2461 ad
1000 2431 1047 2466 id,
1069 2431 1252 2461 monitione

243 2484 421 2522 premissa,
441 2494 499 2522 per
529 2493 703 2514 censuram
732 2484 1006 2521 ecclesiasticam,
1031 2483 1252 2523 appellatione

244 2540 384 2571 remota,
412 2534 596 2574 compellat.
628 2536 700 2564 Dat.
728 2535 897 2573 Anagnie,
925 2536 969 2565 VI
995 2535 1069 2564 idus
1095 2534 1250 2570 octobris,

245 2597 332 2618 anno
351 2588 505 2618 secundo.
530 2600 542 2614 »

321 2772 435 2800 1493
778 2772 903 2806 Anagai,
923 2773 952 2797 lt)
966 2772 1084 2798 octobre
1104 2772 1179 2798 1256.

287 2833 467 2859 l’atriarcbae
483 2833 727 2868 Jerosolyinitauo
744 2835 871 2860 notiticat
890 2834 1054 2860 mandatum
1071 2834 1254 2868 suprascrip-

249 2887 323 2914 tum,
338 2882 421 2915 eiquo
439 2882 567 2915 mandat,
587 2888 615 2908 ut
640 2883 741 2908 fratres
757 2882 865 2916 Templi
883 2882 915 2907 ad
938 2882 978 2913 nl,
998 2882 1154 2908 monitione
1172 2890 1254 2916 prac-

1283 344 1285 347 '
1320 343 1415 377 pellat.
1431 342 1515 376 (lun.
1533 342 1565 369 24
1577 364 1583 374 ‚
1599 343 1618 369 f.
1636 342 1698 374 302,
1716 350 1783 368 ann.
1800 341 1839 373 ΙΙ,
1855 350 1882 369 c.
1899 342 1972 376 ⁴07.)

1319 295 1423 326 missa,
1442 303 1492 328 por
1505 302 1658 321 censuram
1673 294 1901 321 ecclesiasticam
1917 293 2108 328 appellatione
2125 297 2231 320 remota
2245 301 2327 320 com-

1361 470 1374 484 υ
1401 481 1433 493 ..,
1457 459 1636 496 patriarche
1655 458 1912 492 Jerosolimilano,
1935 458 2095 494 apostolice
2114 457 2199 486 Sedis
2219 457 2326 494 leyato.

1319 511 1402 542 Cum
1430 511 1598 549 negotium
1621 512 1720 541 Terre
1739 528 1790 540 —.
1814 511 1887 540 Dat.
1905 510 2069 548 Anagnie,
2084 510 2131 540 VI
2147 509 2222 540 idus
2238 513 2328 540 octo-

1320 565 1400 600 bris,
1419 573 1506 594 anno
1522 564 1678 594 secundo.
1698 576 1710 590 n

1395 767 1414 794 ¹
1421 765 1510 794 494

1358 827 1389 853 In
1411 827 1581 862 quaestione
1604 827 1677 852 inter
1697 825 1883 852 Guillclmum
1907 830 1935 852 ct
1957 825 2120 860 Philippum
2135 824 2244 851 dictum
2266 823 2332 850 Pis-

1322 884 1383 902 cem
1400 879 1461 901 orta
1482 883 1570 909 super
1590 875 1730 900 decanatu
1749 873 1913 900 Acconensi
1938 877 1967 900 et
1988 873 2161 908 quibusdam
2184 871 2329 902 domibus.

1322 924 1473 951 confirmat
1492 924 1665 950 sententiam
1690 922 1736 954 J..
1759 922 1788 949 S.
1815 921 1962 948 Laurentii
1982 921 2011 948 in
2038 921 2146 948 Lucina
2170 920 2331 955 presbyteri

1322 972 1489 1004 cardinalis,
1512 972 1595 998 latam
1619 972 1770 1006 Anagniae
1796 970 1866 997 V111
1887 970 1952 997 idus
1976 970 2151 1004 septembris
2177 967 2331 997 MCGLVI.

1322 1021 1405 1055 (nm.
1422 1021 1466 1054 Ἡ,
1483 1021 1501 1047 f.
1519 1020 1580 1054 20²2,
1598 1029 1665 1047 ann.
1681 1019 1720 1054 11,
1736 1028 1762 1048 c.
1779 1020 1853 1053 408.)

1804 764 1931 798 Auagni,
1948 762 1981 790 ‘22
1997 762 2161 797 septembre
2180 761 2258 790 ¹256.

1366 1148 1378 1162 α
1398 1137 1541 1173 Mayislro
1558 1136 1730 1171 Guillelmo,
1748 1136 1859 1165 decano
1874 1136 2050 1164 Acconensi.
2069 1135 2115 1164 Ea
2131 1143 2194 1174 que
2206 1133 2334 1174 judicio

1325 1188 1376 1219 vel
1392 1188 1567 1219 concordia
1587 1197 1693 1227 usque
1717 1198 1723 1217 :
1751 1188 1960 1218 communiri.
1987 1189 2026 1218 In
2046 1196 2146 1218 causa
2167 1187 2334 1227 siquidem

1325 1250 1389 1281 que
1413 1241 1501 1271 inter
1524 1245 1555 1271 te
1580 1245 1611 1271 et
1636 1240 1828 1279 Philippum
1852 1241 1978 1270 dictum
1998 1241 2145 1276 Piscem,
2170 1240 2335 1280 presbite-

1324 1303 1398 1324 rum
1417 1295 1617 1332 Tyrensem,
1639 1302 1738 1332 super
1760 1293 1922 1323 decanatu
1940 1293 2127 1324 Acconensi
2143 1297 2175 1324 et
2195 1293 2335 1333 quibus-

1326 1347 1400 1377 dam
1423 1346 1591 1376 domibus.
1610 1355 1668 1384 per
1691 1350 1831 1376 mortem
1856 1345 2023 1385 quondam
2045 1345 2192 1381 Nicolai‚
2217 1345 2335 1376 decani

1326 1399 1548 1434 Acconcnsis,
1578 1403 1654 1429 tunc
1684 1399 1719 1428 in
1747 1398 1888 1428 ecclesia
1910 1398 2096 1428 Acconensi
2122 1398 2333 1434 vacantibus,

1325 1452 1526 1486 vertebatur,
1556 1451 1713 1482 dilectum
1735 1451 1842 1481 filium
1863 1455 2013 1481 nostrum
2035 1452 2080 1486 J.‚
2105 1450 2195 1481 tituli
2220 1450 2335 1482 Sancti

1328 1505 1499 1536 Laurentii
1516 1505 1550 1534 in
1568 1505 1694 1534 Lucina
1712 1504 1935 1543 presbiterum
1951 1503 2164 1540 cardinalem,
2183 1503 2335 1535 dedimus

1328 1558 1522 1589 auditorem.
1546 1558 1584 1588 Et
1602 1557 1690 1593 licet,
1709 1557 1796 1587 sicut
1814 1565 1852 1587 ex
1873 1561 1930 1586 tua
1950 1556 2111 1595 petitione
2128 1556 2336 1595 collegimus,

1327 1611 1416 1641 idem
1444 1612 1493 1643 P..
1523 1611 1719 1641 auctoritate
1745 1609 1932 1640 litterarum
1956 1614 2159 1646 nostrarum,
2187 1609 2336 1648 legitime

1328 1664 1449 1694 citatus
1467 1663 1580 1699 suerit,
1600 1663 1679 1702 quia
1698 1667 1807 1693 tamen
1825 1663 1896 1701 ipse
1916 1663 1952 1692 in
1972 1662 2096 1701 prefixo
2111 1662 2177 1692 sibi
2195 1662 2337 1693 termino

1329 1716 1564 1755 peremptorio.
1584 1721 1615 1746 et
1637 1715 1846 1754 postmodum
1870 1715 1996 1745 diutius
2019 1719 2224 1753 expectatus,
2246 1718 2278 1745 et
2300 1714 2335 1745 in

1330 1769 1500 1799 audientia
1516 1768 1649 1807 publica
1667 1772 1698 1798 et
1719 1767 1841 1806 palatio
1864 1771 1976 1797 nostro
1997 1767 2124 1806 pluries
2141 1767 2336 1807 requisitus,

1330 1831 1387 1860 per
1408 1830 1442 1851 se
1469 1821 1518 1851 vel
1546 1830 1603 1859 per
1628 1824 1872 1859 procuratorem
1899 1819 2067 1858 ydoneum
2092 1829 2201 1850 coram
2223 1820 2338 1850 eodem

1330 1873 1493 1903 cardinali
1509 1872 1748 1903 contumaciter
1764 1881 1954 1910 comparere
1972 1871 2134 1910 neglexit,
2157 1871 2338 1902 cardinalis

1331 1927 1417 1965 ipse,
1435 1926 1577 1964 cognitis
1600 1925 1687 1955 dicte
1710 1934 1809 1955 cause
1831 1925 1961 1954 meritis
1984 1929 2015 1955 et
2032 1925 2120 1964 juris
2141 1925 2258 1955 ordine
2280 1924 2340 1956 oh-

1332 1983 1474 2014 servato‚
1491 1982 1704 2017 procuratore
1721 1982 1776 2007 tuo
1796 1982 1964 2016 presente,
1985 1981 2036 2012 ut,
2056 1977 2143 2007 dicto
2160 1978 2196 2008 Ρ.
2213 1986 2249 2008 se
2265 1976 2340 2008 tali-

1333 2037 1382 2062 ter
1405 2041 1462 2070 per
1484 2031 1726 2061 contumaciam
1750 2031 1962 2064 absentante,
1985 2030 2024 2060 de
2047 2030 2188 2061 consilio
2209 2039 2340 2070 quoque

1333 2085 1515 2123 peritorum
1536 2084 1698 2118 virorum,
1716 2083 1927 2112 diffinitivam
1944 2091 2002 2121 pro
2018 2086 2049 2113 te
2065 2091 2164 2121 super
2179 2083 2342 2114 decanatu

1333 2142 1365 2168 et
1387 2137 1540 2167 domibus
1563 2136 1762 2175 supradictis
1786 2136 1986 2166 sententiam
2007 2135 2240 2174 promulgavit,
2261 2143 2342 2166 con-

1333 2190 1516 2229 dempnans
1544 2189 1685 2220 eundem
1715 2188 1937 2227 presbiterum
1963 2188 2023 2218 tibi
2053 2197 2111 2227 pro
2137 2188 2340 2224 redditibus,

1333 2242 1561 2282 proventibus,
1582 2242 1746 2272 fructibus
1763 2245 1793 2271 ct
1809 2241 2028 2280 pensionibus
2045 2241 2162 2272 exinde
2177 2241 2342 2280 perceptis

1335 2300 1366 2326 et
1385 2295 1442 2334 qui
1463 2295 1588 2333 percipi
1609 2298 1799 2333 potuerunt,
1822 2292 1882 2324 n'ec
1899 2302 1964 2323 non
1980 2302 2039 2332 pro
2060 2293 2214 2332 expensis
2230 2293 2266 2323 in
2282 2293 2343 2324 lite

1333 2348 1443 2384 factis,
1463 2348 1628 2377 taxatione
1646 2347 1830 2385 prehabita,
1846 2347 2077 2386 etjuramento
2091 2355 2109 2376 a
2124 2346 2212 2376 dicto
2228 2355 2343 2385 procu-

1334 2405 1443 2431 ratore
1460 2405 1514 2430 tuo
1530 2400 1679 2438 prestito,
1699 2400 1733 2429 in
1757 2404 1845 2430 certa
1865 2399 2006 2438 pecunie
2027 2399 2227 2438 quantitate,
2247 2403 2345 2438 prout

1334 2454 1370 2483 in
1388 2453 1579 2492 patentibus
1595 2452 1717 2482 litteris
1733 2452 1840 2491 ipsius
1855 2451 2035 2482 cardinalis
2051 2451 2210 2482 confectis
2226 2451 2345 2484 exinde

1337 2515 1373 2537 ac
1392 2515 1451 2536 suo
1470 2506 1580 2543 sigillo
1598 2505 1739 2543 signatis
1760 2505 1892 2543 plenius
1915 2505 2114 2535 continetur.
2134 2505 2202 2536 Nos
2217 2505 2342 2544 itaque.

1336 2560 1402 2589 tuis
1423 2559 1722 2598 supplicationibus
1741 2558 1910 2594 inclinati,
1928 2557 2121 2597 hujusmodi
2143 2557 2345 2588 sententiam

1336 2617 1368 2643 et
1396 2612 1728 2651 condempnationem
1758 2620 1815 2650 per
1839 2610 1982 2641 eundem
2013 2610 2216 2641 cardinalem
2246 2619 2345 2650 super

1336 2665 1510 2704 premissis
1527 2664 1643 2699 editas,
1660 2668 1748 2694 ratas
1765 2668 1795 2693 et
1812 2664 1924 2693 firmas
1940 2662 2113 2699 habentes,
2127 2672 2183 2694 eas
2199 2662 2346 2694 auctori-

1338 2722 1402 2748 tate
1421 2718 1601 2756 apostolica
1619 2718 1854 2747 confirmamus
1871 2720 1901 2746 et
1919 2716 2084 2754 presentis
2101 2716 2217 2755 scripti
2234 2719 2346 2755 patro-

1337 2771 1425 2801 cinio
1444 2770 1700 2800 communimus.
1721 2770 1882 2799 Tenorem
1908 2772 2017 2798 autem
2042 2767 2231 2798 litterarum
2255 2768 2346 2807 ipsa-

1337 2833 1410 2853 rum
1427 2823 1466 2853 de
1484 2823 1582 2853 verbo
1599 2823 1638 2852 ad
1654 2822 1790 2852 verbum
1807 2821 2162 2860 presentibusfecimus
2179 2820 2344 2857 annotari,

1338 2877 1396 2915 qui
1415 2876 1490 2905 talis
1507 2882 1556 2906 cst
1575 2886 1580 2904 :
