2498 3325
996 210 1221 247 PREMIERE
1242 211 1402 249 ANNEE.
2193 225 2246 254 189

218 283 305 313 (32ss

183 342 290 369 Abbati
312 341 546 376 Compendiensi,
571 342 793 369 Suessionensis
817 343 952 374 diocesis,
976 343 1099 374 mandat,
1124 346 1154 369 ut

146 390 463 418 excommunicationes
479 393 578 417 contra
594 390 735 422 homines,
749 390 919 424 servientes,
931 390 1154 417 molendinarios

145 443 174 466 et
187 447 297 474 coquos
314 440 480 465 monasterii
492 447 517 465 s.
530 439 666 465 Germani
682 439 717 465 de
735 438 828 465 Pratis
845 447 860 464 a
877 439 1021 465 nonnullis
1037 439 1154 473 prelatis

145 491 175 514 et
189 495 287 513 eorum
304 487 486 519 officialibus,
504 487 702 514 invidentibus
719 488 884 514 monasterii
900 487 1095 520 libertatibus,
1111 487 1154 513 la-

146 539 190 562 tas
206 536 323 562 relaxet.
340 536 422 569 (am.
438 536 484 570 ⁶24,
500 544 526 562 c.
544 535 605 569 519,
623 536 641 562 f.
660 535 728 568 74v.)

722 283 848 317 Anagni,
865 283 986 317 9juillet
1004 283 1080 309 1255.

948 571 957 583 2

187 649 200 663 «
224 659 258 671 ..,
284 637 386 666 abbati
410 637 660 674 compendiensi,
684 637 908 666 Suessionensis
934 636 1068 665 diocesis.
1095 635 1155 665 Di-

144 689 222 719 lecti
234 689 297 718 filii
310 712 343 723 ..,
362 689 474 724 abbas,
493 693 524 719 et
540 693 723 719 conventus
740 689 936 719 monasterii
948 689 1054 719 sancti
1072 689 1155 719 Ger-

144 741 236 771 mani
252 741 291 771 de
307 741 416 771 Pratis
429 741 644 773 Parisiensis.
660 741 788 771 ordinis
800 741 906 771 sancti
918 741 1101 776 Benedicti,
1115 741 1156 770 ad

145 796 329 825 Romanam
346 794 528 824 Ecclesiam
550 794 640 824 nullo
664 795 829 825 mediante
846 795 1061 833 pertinentis,
1080 803 1155 832 gra-

143 856 217 877 vem
240 847 280 876 ad
305 855 364 876 nos
389 847 635 885 querimoniam
651 847 872 878 destinarunt,
892 848 979 886 quod
1002 847 1155 877 nonnulli

142 899 262 938 prelati
291 903 322 929 et
348 908 462 928 eorum
483 899 641 929 officiales
664 900 811 937 ipsorum
833 892 1045 930 libertatibus
1068 899 1156 928 invi-

145 952 270 986 dentes,
290 960 365 981 cum
390 960 455 981 non
471 952 600 989 possint
618 952 653 980 in
678 952 767 990 ipsos
784 952 1154 987 excommunicationis,

134 1004 375 1044 'suspensionis
392 1003 445 1033 vel
465 1004 635 1034 interdicti
651 1005 835 1034 sententias
853 1004 1080 1042 promulgare,
1098 1013 1156 1042 pro

144 1069 182 1090 eo
205 1059 291 1098 quod
314 1068 412 1097 super
424 1058 489 1092 vhoc
506 1059 695 1097 apostolicis
717 1059 903 1097 privilegiis
920 1063 996 1089 sunt
1012 1059 1154 1094 muniti,

134 1113 179 1149 ,in
202 1116 349 1142 ementes
377 1116 408 1142 et
437 1112 617 1142 vendentes
647 1122 705 1142 seu
727 1113 1009 1142 communicantes
1031 1113 1157 1142 eisdem

143 1173 272 1195 necnon
288 1164 440 1194 homines
455 1169 485 1194 et
499 1165 684 1194 servientes
700 1165 850 1203 ipsorum
870 1174 907 1195 ac
923 1165 997 1195 illos
1015 1165 1071 1204 qui
1086 1174 1156 1195 mo-

143 1218 216 1248 lunt
241 1218 276 1246 in
295 1217 496 1247 molendinis
516 1226 575 1247 seu
591 1222 737 1256 coquunt
759 1218 793 1246 in
814 1218 921 1247 fornis
945 1227 1058 1247 eorum
1082 1227 1156 1255 pre-

134 1275 281 1307 sumunt
292 1270 483 1309 hujusmodi
500 1271 683 1301 sententias
700 1270 920 1308 promulgare,
940 1280 976 1300 ex
993 1280 1057 1309 quo
1072 1271 1157 1300 illud

145 1323 265 1353 accidit
280 1323 531 1357 inconveniens,
552 1327 586 1352 ut
603 1323 668 1360 ipsi
690 1327 851 1361 quantum
874 1323 914 1352 ad
928 1323 990 1353 hoc
1002 1324 1155 1362 judicen-

144 1381 198 1406 tur
219 1376 346 1415 judicio
365 1376 541 1414 judeorum
562 1380 591 1405 et
617 1376 674 1414 qui
694 1376 741 1406 eis
765 1376 1009 1405 communicant
1026 1377 1060 1405 in
1080 1386 1155 1414 pre-

143 1429 241 1458 dictis
269 1429 427 1466 majorem
453 1429 828 1458 excommunicationem
856 1429 1028 1458 incurrant
1056 1438 1154 1467 quam

143 1481 437 1512 excommunicatis
449 1481 677 1519 participando
690 1482 823 1511 fuerant
842 1482 1022 1517 incursuri,
1041 1482 1154 1520 sicque

141 1535 177 1564 fit
194 1539 229 1564 ut
251 1534 409 1573 exemplis
430 1527 587 1564 concessa
604 1534 651 1564 eis
671 1543 770 1564 causa
791 1534 901 1564 solatii
918 1538 948 1564 et
970 1535 1092 1573 quietis
1112 1535 1154 1564 sit

140 1587 223 1625 ipsis
256 1596 355 1617 causa
387 1587 553 1625 dispendii
584 1592 615 1616 et
647 1587 783 1617 laboris.
814 1587 898 1617 Cum
924 1587 1027 1624 igilur
1057 1587 1153 1617 nobis

139 1640 369 1678 principaliter
391 1640 547 1679 injuriari
564 1640 756 1677 probentur,
775 1640 831 1678 qui
857 1639 1033 1677 privilegia
1058 1640 1152 1669 Sedis

139 1692 316 1731 apostolice
334 1692 386 1722 vel
401 1693 623 1722 irreverenter
642 1692 839 1730 impugnant
856 1692 907 1722 vel
930 1696 1044 1722 contra
1062 1693 1152 1731 ipso-

140 1754 215 1775 rum
230 1745 375 1783 gestiunt
389 1744 595 1775 intellectum
613 1749 643 1774 et
660 1744 886 1782 privilegiatos
902 1745 1154 1783 privilegiorum

139 1798 319 1828 commodis
334 1798 465 1835 privare
479 1785 652 1832 conantur,
672 1806 730 1827 nos
745 1797 896 1827 nolentes
912 1801 978 1826 tam
995 1797 1152 1827 abusivas

141 1851 356 1881 enormitates
381 1859 440 1880 seu
464 1854 531 1879 tam
552 1859 704 1880 enormes
723 1850 847 1880 abusus
871 1859 935 1880 non
961 1850 1085 1888 absque
1104 1850 1151 1879 in-

136 1904 227 1943 juria
240 1903 334 1933 Sedis
351 1903 529 1941 apostolice
546 1903 746 1940 excogitatas
759 1903 982 1941 equanimiter
1000 1902 1149 1937 tolerare,

140 1957 335 1987 discretioni
359 1960 412 1986 tue
436 1956 475 1985 ad
497 1957 604 1986 instar
624 1955 732 1986 felicis
754 1956 994 1986 recordationis
1015 1957 1041 1985 Ι.
1069 1964 1152 1994 pape

140 2009 384 2048 predecessoris
409 2009 515 2039 nostri
537 2018 594 2047 per
616 2008 796 2047 apostolica
816 2009 938 2046 scripta
956 2008 1152 2038 mandamus

141 2062 310 2101 quatinus,
328 2062 491 2100 inquisita
507 2071 606 2100 super
618 2061 792 2100 premissis
809 2061 986 2099 diligenter
1001 2062 1150 2097 veritate,

142 2114 325 2144 sententias
343 2114 371 2143 si
391 2123 473 2152 quas
492 2114 661 2143 inveneris
679 2114 725 2143 sic
742 2114 886 2152 prolatas
910 2114 982 2143 sine
1005 2113 1153 2152 qualibet

143 2166 335 2196 difficultate
352 2166 496 2199 relaxes,
515 2166 589 2197 illos
606 2176 687 2205 quos
704 2176 759 2197 eas
776 2167 892 2196 tulisse
909 2167 1095 2196 constiterit
1113 2167 1153 2197 ad

142 2219 416 2249 satisfaciendum
438 2219 562 2249 eisdem
589 2220 699 2249 alibati
723 2224 753 2249 et
777 2220 954 2249 conventui
976 2223 1007 2249 et
1026 2219 1093 2249 hiis
1117 2220 1152 2248 in

142 2281 224 2311 quos
251 2272 315 2301 late
338 2273 469 2301 fucrant
496 2272 535 2302 de
563 2273 714 2310 dampnis
738 2276 769 2302 et
791 2273 944 2310 expensis
970 2282 1033 2310 que
1058 2282 1152 2302 occa-

142 2326 235 2355 sione
255 2325 445 2363 hujusmodi
465 2325 639 2355 subierunt
661 2330 690 2355 et
708 2325 794 2364 quod
812 2330 877 2354 lam
898 2326 962 2363 ipsi
978 2335 1077 2364 quam
1095 2326 1152 2355 alii

141 2378 179 2408 de
196 2382 304 2407 cetero
321 2388 337 2406 a
352 2377 466 2407 talium
485 2378 726 2407 sententiarum
738 2378 1002 2416 promulgatione
1017 2378 1152 2407 omnino

141 2430 318 2465 desistant,
343 2431 525 2459 monitione
550 2431 727 2468 premissa,
755 2431 963 2460 districtione
986 2440 1049 2468 qua
1074 2440 1152 2459 cou-

141 2483 246 2516 venil,
272 2482 492 2520 appellatiorw
514 2487 639 2512 remota
669 2483 859 2520 compellas.
885 2484 959 2512 Dal.
982 2483 1149 2521 Anagnic.

139 2536 203 2565 VII
214 2535 288 2565 idus
301 2535 394 2574 julii,
414 2546 500 2565 aimo
517 2536 634 2573 primo.
654 2548 665 2562 »
701 2561 703 2563 ,

179 2775 268 2801 Ρι·ἰοι·1
290 2775 324 2801 de
340 2774 572 2807 Hextildesbam,
592 2775 784 2803 Eboracensis
800 2776 940 2807 diocesis,
959 2776 1088 2810 indulget
1105 2780 1149 2809 ut,

142 2824 170 2850 in
186 2824 308 2850 ecclesia
324 2823 593 2850 de'Hextildesbam
613 2823 759 2858 [Hexham]
780 2825 807 2850 in
823 2833 879 2859 qua
897 2824 1086 2859 personaliter
1105 2833 1151 2850 re-

142 2872 241 2898 sidens
263 2872 384 2899 Domino
407 2871 547 2906 deservit,
570 2873 666 2899 nullus
687 2873 824 2899 vicarium
846 2872 880 2899 de
903 2881 975 2899 novo
1001 2873 1150 2899 instituere

697 2715 823 2749 Anagni‚
843 2715 874 2741 15
887 2715 982 2749 juillet
1000 2714 1077 2741 1255.

1235 284 1392 311 secularem
1408 289 1458 312 aut
1474 286 1583 313 dictum
1602 287 1725 321 priorem
1744 287 1778 314 ad
1795 288 1892 322 ipsum
1907 288 2118 316 instituendum
2139 290 2245 318 ibidem

1235 333 1406 366 compellere
1423 334 1525 360 valeat.
1545 335 1628 367 (Rae.
1645 335 1696 369 24,
1713 344 1738 362 c.
1757 336 1817 371 5⁶20,
1833 336 1853 363 f.
1871 337 1939 370 74v.)

1279 445 1291 459 ι(
1312 456 1344 468 ..,
1362 435 1464 470 priori
1479 440 1505 463 et
1520 437 1684 464 conventui
1699 436 1732 464 de
1749 437 1989 472 Hexlildesham,
2005 439 2125 467 ordinis
2139 439 2246 468 Sancti

1236 486 1418 522 Augustini,
1438 488 1632 517 Eboracensis
1650 489 1784 518 diocesis.
1804 490 1995 519 Devotionis
2013 496 2118 521 vestre
2137 492 2246 522 since-

1239 537 1318 567 ritas
1332 555 1378 566 —.
1399 539 1472 568 Dat.
1490 539 1653 577 Anagnie,
1672 540 1746 570 idus
1761 541 1853 579 julii,
1872 550 1958 571 anno
1974 543 2091 580 primo.
2111 556 2123 569 η

1308 701 1396 730 628

1273 762 1365 789 Priori
1382 763 1417 790 de
1435 763 1584 797 Botavilla,
1602 764 1820 792 Xanctouensis
1836 766 1972 800 diocesis,
1991 768 2128 801 indulget,
2149 774 2179 796 ut
2196 779 2247 804 pro

1795 704 1921 738 Anagni,
1941 707 1971 732 14
1984 707 2078 740 juillet
2097 708 2173 735 1255.

1190 839 1194 844 ¹
1239 812 1405 838 hominibus
1429 812 1520 846 ipsius
1540 822 1555 838 a
1579 813 1724 839 nobilibus
1745 817 1774 840 et
1794 814 1875 840 laicis
1896 814 2128 849 xanctonensis,
2152 818 2247 844 Picta-

1239 860 1337 886 vensis
1367 864 1394 886 et
1419 860 1651 894 Engolismensis
1675 862 1836 888 diocesium
1861 863 2002 890 damnatis
2032 873 2115 898 agere
2145 866 2246 893 valeat.

1242 908 1324 942 (Ruso.
1342 909 1386 941 24,
1403 917 1428 936 c.
1447 909 1506 940 52¹,
1525 910 1543 936 f.
1562 910 1629 944 74¹.)

1282 1023 1294 1036 «
1318 1033 1350 1044 ..,
1366 1012 1469 1048 priori
1486 1011 1519 1039 de
1534 1012 1695 1046 Bolavilla,
1715 1013 1931 1042 ,l'anctonensis
1947 1014 2081 1043 diocesis.
2095 1014 2140 1043 Ex
2156 1019 2247 1052 parte

1242 1067 1297 1092 tua
1312 1063 1375 1092 fuit
1391 1063 1597 1101 propositum
1609 1073 1718 1094 coram
1731 1064 1836 1101 nobis,
1852 1066 1938 1103 quod
1954 1066 2106 1096 nonnulli
2120 1067 2248 1098 nobiles

1240 1124 1277 1145 ac
1290 1115 1347 1145 alii
1359 1115 1436 1145 laici
1448 1117 1706 1152 Xanclonensis,
1721 1117 1928 1148 Pictavcnsis
1943 1123 1973 1148 et
1985 1119 2248 1157 Engolismensis

1240 1168 1413 1197 civitatum
1440 1173 1471 1198 et
1499 1169 1681 1198 diocesium
1706 1169 1898 1200 bominibus
1926 1171 1992 1201 tuis
2017 1172 2157 1210 dampna
2182 1173 2249 1202 sre-

1239 1225 1379 1259 quenter
1396 1221 1547 1251 inferunt
1563 1225 1593 1251 et
1608 1222 1766 1260 jacturas,
1786 1232 1820 1252 ac
1840 1224 1959 1261 prefati
1978 1224 2129 1254 homines
2143 1234 2249 1264 quan-

1239 1282 1338 1310 quam
1360 1277 1491 1311 propter
1512 1273 1680 1309 timorem,
1703 1274 1870 1304 interdum
1890 1285 1966 1305 vero
1988 1281 2119 1315 propter
2135 1286 2248 1307 eorum

1238 1326 1424 1363 penuriam,
1443 1335 1537 1356 suam
1551 1335 1616 1356 non
1631 1332 1769 1365 possunt
1779 1328 1950 1367 justiciam
1962 1330 2119 1368 prosequi
2135 1335 2246 1360 contra

1237 1377 1446 1414 illos.·Quare
1458 1379 1554 1409 nobis
1568 1379 1741 1410 humiliter
1753 1380 1957 1419 supplicasti,
1970 1386 2016 1417 ut,
2030 1392 2104 1412 cum
2115 1387 2246 1421 propter

1237 1430 1299 1460 hoc
1318 1435 1373 1460 tua
1389 1431 1529 1461 ecclesia
1545 1432 1724 1470 dampnum
1740 1442 1805 1462 non
1821 1434 1987 1464 modicum
2003 1436 2157 1473 patiatur,
2175 1445 2245 1474 pro-

1236 1483 1349 1512 videre
1364 1483 1424 1512 tibi
1440 1493 1538 1522 super
1551 1484 1611 1513 hoc
1624 1489 1761 1522 palerna
1773 1485 1946 1523 diligentia
1960 1496 2163 1518 curaremus.
2176 1489 2244 1519 Nos

1236 1536 1340 1573 igitur
1362 1536 1427 1565 luis
1448 1537 1747 1575 supplicationibus
1766 1539 1929 1574 inclinati,
1947 1545 1993 1575 ut,
2015 1541 2172 1579 quatinus
2191 1545 2245 1571 tua

1236 1588 1390 1623 interest,
1410 1598 1506 1627 agere
1522 1589 1633 1620 valeas
1649 1600 1707 1628 pro
1727 1591 1866 1626 eisdem,
1883 1594 2078 1623 auctoritate
2097 1594 2156 1623 tibi
2171 1604 2246 1632 pre-

1237 1641 1383 1670 sentium
1398 1641 1622 1679 indulgemus.
1635 1642 1728 1672 Nulli
1741 1647 1801 1672 etc.
1818 1648 1927 1673 nostre
1940 1646 2170 1684 concessionis
2183 1651 2243 1676 etc.

1235 1694 1308 1723 Dat.
1327 1694 1490 1731 Anagnie,
1510 1695 1541 1724 II
1558 1695 1633 1724 idus
1646 1695 1735 1733 julii,
1752 1704 1838 1725 anno
1853 1697 1971 1734 primo.
1992 1710 2004 1723 »

1307 1857 1395 1886 629

1270 1919 1431 1946 Conventui
1448 1921 1614 1947 monasterii
1631 1922 1666 1948 de
1682 1921 1818 1956 Tyronio,
1835 1921 2022 1950 Carnotensis
2038 1924 2178 1956 diocesis,
2197 1925 2246 1951 de-

1234 1969 1325 1994 cimas
1346 1977 1396 2003 per
1419 1968 1472 1995 XL
1492 1977 1584 1996 annos
1605 1979 1756 2005 possessas
1780 1972 1938 1998 confirmat.
1957 1972 2040 2006 (Rea.
2062 1973 2110 2004 ⁵24,
2129 1982 2156 2000 c.
2180 1974 2244 2007 5272,

1235 2018 1253 2043 f.
1271 2017 1340 2050 74v.)

1790 1861 1920 1895 Anagni‚
1939 1861 2079 1896 ‘zojuillet
2096 1862 2172 1890 1255.

1277 2131 1289 2145 11
1310 2141 1342 2154 ..,
1360 2119 1470 2153 abbati,
1490 2125 1514 2148 ec
1531 2122 1695 2149 conventui·
1719 2123 1896 2151 monasterii
1911 2123 1944 2151 cle
1961 2124 2106 2160 Tyronio,
2125 2125 2244 2153 ordinis

1235 2172 1334 2200 sancti
1349 2172 1512 2203 Benedicti,
1533 2173 1726 2202 Carnolensiss·
1747 2174 1880 2203 diocesis.
1906 2175 2040 2205 Sincere
2061 2176 2245 2206 devotionis

1236 2224 1373 2253 affectus
1390 2234 1488 2262 quem
1512 2225 1552 2254 ad
1577 2234 1635 2255 nos
1657 2230 1685 2256 et
1709 2228 1891 2256 Romanam
1918 2228 2100 2258 Ecclesiam
2123 2229 2244 2259 halwrc

1235 2277 1414 2306 noscimini
1431 2277 1644 2307 laudabiliter
1662 2284 1868 2316 promeretur
1887 2285 1948 2310 etc.
1966 2291 2070 2320 usque
2092 2292 2098 2310 t
2117 2292 2244 2311 annua-

1235 2338 1319 2359 mus.
1340 2330 1427 2359 Hinc
1446 2334 1494 2359 cst
1511 2331 1597 2369 quod
1616 2340 1674 2361 nos
1692 2332 1811 2361 vestris
1828 2333 2127 2370 supplicationibus
2146 2335 2244 2365 incli-

1236 2383 1315 2417 nati,
1334 2387 1369 2412 ut
1385 2383 1529 2413 decimas
1551 2393 1633 2422 quas
1650 2394 1707 2422 per
1723 2386 1780 2414 XL
1797 2395 1960 2415 annorum
1976 2388 2124 2424 spacium
2141 2398 2196 2418 vos
2214 2393 2245 2419 et

1235 2435 1382 2464 membra
1399 2440 1508 2465 vestra
1524 2437 1616 2466 vobis
1636 2437 1825 2467 immediate
1844 2439 2001 2477 subjecta,
2020 2440 2106 2469 sicut
2122 2442 2244 2471 asscri-

1236 2487 1288 2522 lis,
1306 2488 1549 2519 rationabiliter
1561 2490 1768 2527 possedistis,
1784 2500 1838 2519 eas
1851 2492 1943 2521 vohis
1958 2496 1987 2521 et
2002 2493 2126 2522 eisdem
2141 2504 2244 2524 mem-

1237 2541 1302 2569 bris
1320 2541 1488 2578 percipere
1512 2550 1548 2571 ac
1570 2542 1714 2572 retinere
1737 2542 1852 2573 liccat.
1872 2544 2066 2575 auctoritate
2088 2555 2245 2583 praesen-

1235 2593 1317 2623 tium
1343 2593 1567 2631 indulgemus.
1592 2595 1685 2624 Nulli
1708 2599 1769 2625 etc.
1794 2600 1905 2626 nostre
1931 2598 2155 2628 concessionis
2181 2604 2241 2629 etc.

1234 2646 1307 2675 Dat.
1328 2646 1492 2683 Anagnie,
1511 2647 1595 2677 XIII
1612 2647 1771 2678 kalendas
1789 2650 1932 2686 augusti,
1952 2659 2038 2679 anno
2054 2651 2170 2688 primo.
2188 2664 2201 2678 »

1305 2811 1393 2839 (330

1270 2873 1403 2905 Ricardo,
1421 2874 1514 2900 abbati
1533 2875 1808 2907 &Vestimonasterih
1823 2885 1990 2903 concessam
2008 2887 2022 2904 a
2039 2887 2104 2913 rege
2121 2879 2242 2914 Angliae

1788 2814 1916 2848 Anagni‚
1939 2816 2074 2849 l5juillet
2096 2817 2168 2843 1²55.
