2456 3585
199 366 235 396 16
920 359 1160 391 REGISTRES
1181 357 1488 388 D‘ALEXANDRE
1511 357 1567 387 IV.

198 430 338 465 Lodnes,
357 428 583 459 Norwicensis
597 426 748 461 diocesis,
764 434 863 465 quam
876 430 952 456 ante
962 425 1203 465 promotionem

198 490 292 512 suam
307 480 468 511 habuerat
483 483 593 517 posset
615 478 760 508 retinere
775 477 865 508 licite
888 486 925 507 ac
941 477 1047 516 ipsius
1067 484 1203 515 proven-

198 538 250 564 tus
274 542 348 563 cum
369 532 559 569 integritate
581 531 749 569 percipere
775 539 833 568 per
857 538 935 561 suas
959 529 1051 560 duxit
1074 528 1203 558 litteras

198 584 454 619 concedendum,
469 583 628 613 inhibens
644 582 941 613 nichilominus'ne
957 583 1113 622 cuiquam
1128 581 1204 612 lice-

197 642 247 669 ret
263 638 301 668 de
318 638 388 676 ipsa
402 636 541 667 ecclesia
554 636 589 665 in
606 635 711 674 ipsius
727 635 969 673 archiepiscopi
983 633 1205 674 prejudicium

198 691 332 721 interim
363 689 489 728 aliquid
519 689 704 723 immutare,
735 698 770 717 ac
802 687 984 718 decernens
1010 687 1144 717 irritum
1173 690 1204 716 et

199 745 297 774 inane
315 743 342 773 si
360 743 439 781 quid
455 743 492 772 de
506 742 563 771 illa
574 746 686 771 eontra
703 741 929 771 concessionis
943 744 975 771 et
990 740 1204 770 inhibitionis

199 806 257 827 sue
278 801 424 826 tenorem
448 806 463 825 a
486 804 649 833 quoquam
676 794 850 831 contigerit
872 793 1059 832 attemptari
1085 796 1115 822 te
1140 792 1205 822 sibi

199 858 298 887 super
314 848 375 878 hoc
394 852 623 878 conservatore
645 856 811 876 concesso.
835 847 873 876 Et
898 846 976 876 licet
998 845 1206 884 postmodum

199 902 285 931 idem
326 901 538 939 predecessor
575 900 682 929 eidem
725 898 972 937 archiepiscopo
1015 906 1206 937 quanquam

199 954 305 984 adhuc
335 954 637 991 areltiepisropatus
668 952 719 982 sui
752 951 998 990 possessionem
1034 951 1206 989 pacificam

199 1007 321 1037 hahere
333 1006 530 1045 nequiverit,
548 1015 669 1035 munus
683 1004 943 1034 consecrationis
960 1003 1155 1043 impendens
1169 1012 1205 1033 ac

201 1060 315 1090 uolens
335 1064 369 1088 ut
396 1060 464 1097 ipse
488 1060 607 1088 saetam
624 1058 689 1087 sibi
706 1058 745 1086 al)
767 1066 804 1087 eo
828 1057 933 1094 gratia
954 1056 1126 1086 occasione
1143 1055 1206 1085 liu-

196 1112 340 1152 jusmodi
357 1111 578 1143 s1·at1‹lar‹,=t1n·‚
598 1110 656 1139 tibi
679 1110 740 1139 suh
755 1114 844 1139 certa
865 1110 969 1138 forma
987 1108 1057 1138 suis
1079 1108 1206 1138 dederit

200 1165 319 1195 litteris
336 1165 371 1193 in
390 1164 564 1198 mandatis,
583 1168 616 1193 ut
639 1163 669 1193 ei
686 1167 864 1200 proventus
884 1162 989 1200 ipsius
1012 1161 1151 1191 ecclesie
1167 1161 1206 1191 de

202 1218 327 1247 Lodnes
345 1226 515 1256 quousque
533 1216 702 1254 pacificam
720 1215 965 1254 possessionem
986 1214 1134 1253 ejusden't
1154 1223 1207 1242 ar-

200 1271 465 1309 chiepiscopatus
484 1270 631 1299 obtineat
651 1270 777 1299 faceres
801 1278 858 1307 per
876 1272 906 1298 te
926 1267 978 1297 vel
995 1267 1097 1297 alium
1114 1267 1207 1306 juxta

200 1324 423 1354 concessionis
444 1332 501 1352 sne
528 1327 674 1352 tenorem
697 1322 826 1359 integre
848 1320 1044 1351 ministrari.
1067 1320 1206 1350 Contra-

200 1377 352 1406 dictores.
370 1376 452 1412 Quia
469 1380 577 1405 tamen
593 1375 701 1404 dictus
718 1374 930 1412 predecessor
948 1373 1054 1403 adhuc
1073 1382 1108 1403 re
1124 1373 1206 1402 inte-

201 1439 256 1464 ¹era
272 1428 371 1458 rebus
388 1433 433 1457 rsl
454 1428 610 1457 humanis
627 1431 807 1465 exemptus,
828 1427 916 1456 idem
937 1426 1206 1464 archiepiscopus

200 1481 295 1511 nobis
314 1481 486 1510 humiliter
507 1480 715 1518 supplicavit,
737 1483 771 1508 ut
785 1479 979 1508 continuare
1002 1479 1066 1508 sihi
1089 1478 1206 1516 liujus-

198 1534 285 1563 inodi
307 1533 446 1570 gratiani
470 1542 673 1562 (ιιι-1110111113.
695 1532 854 1568 Quocirca
878 1531 1074 1561 mandamus
1097 1531 1207 1569 quati-

201 1596 263 1616 nus
284 1587 317 1615 in
334 1585 479 1615 mandati
501 1586 648 1624 ejust'lem
666 1585 911 1623 predecessoris
936 1594 1034 1622 super
1056 1584 1116 1613 hoc
1137 1592 1207 1613 exc-

200 1639 331 1669 rutione
354 1639 525 1677 procedas,
555 1639 735 1668 secundum
762 1638 962 1668 directarum
983 1637 1022 1667 ad
1051 1642 1079 1667 tc
1105 1637 1144 1666 ah
1170 1646 1207 1667 eo

201 1691 438 1721 continentiam
451 1691 648 1721 litterarum.
664 1692 736 1720 Dat,
752 1690 902 1729 Neapoli,
919 1692 951 1720 II
963 1691 1206 1729 idusjanuarii‚

200 1753 287 1774 anno
305 1744 421 1782 primo.
441 1756 454 1770 n

274 1915 331 1944 59
764 1914 885 1948 Naples,
901 1914 916 1941 8
929 1914 1042 1948 janvier
1062 1914 1136 1940 1255.

241 1977 379 2003 Potestati
400 1981 428 2002 et
444 1976 548 2011 populo
564 1975 777 2009 Januensibus,
794 1976 900 2009 quibus
918 1975 938 2002 l.
959 1985 1029 2010 papa
1047 1975 1165 2002 indulsit
1180 1980 1211 2002 ut

204 2025 230 2050 in
248 2032 337 2057 reguo
354 2024 468 2050 Siciliae
481 2025 639 2058 pertinente
654 2024 686 2050 ad
700 2025 751 2057 jus
768 2027 795 2050 et
810 2025 1011 2058 proprietatem
1025 2024 1108 2049 Sedis
1123 2032 1210 2058 apos-

203 2073 305 2099 tolicae
321 2081 354 2099 ac
373 2073 477 2099 ducatu
499 2073 620 2107 Spoleti,
641 2072 765 2098 marchia
781 2072 976 2104 Anconitana,
995 2073 1164 2107 patrimonio
1182 2073 1209 2100 b.

204 2122 280 2148 Petri
298 2122 324 2148 in
341 2121 445 2147 Tuscia
461 2126 488 2147 ct
511 2121 537 2147 in
555 2122 689 2148 omnibus
705 2121 789 2147 terris
805 2120 950 2147 Ecclesiae
967 2121 1113 2147 Romanae
1130 2131 1145 2147 a
1160 2121 1210 2148 da-

203 2171 262 2204 tiis,
280 2170 479 2196 exactionibus
495 2174 523 2196 et
538 2170 666 2196 collectis
682 2178 732 2196 scu
752 2166 880 2204 pedagiis
895 2173 924 2196 et
945 2170 1101 2203 cujuslibet
1123 2178 1210 2196 onere

204 2219 353 2245 servitutis
369 2218 395 2244 in
414 2222 583 2252 perpetuum
598 2218 679 2245 liberi
695 2222 793 2244 essent
810 2219 923 2252 penitus
939 2223 966 2244 et
983 2218 1140 2249 immunes,
1156 2219 1210 2245 hoc

205 2268 364 2294 confirmat.
381 2266 462 2301 (Rea.
479 2268 525 2301 ί24,
538 2275 564 2294 c.
582 2267 626 2301 51,
643 2268 661 2293 f.
678 2267 708 2299 ὃς
728 2266 872 2294 Pom—um
892 2267 998 2297 156‘22.)

245 2380 258 2394 «
279 2390 311 2403 ..,
328 2369 482 2405 potestati,
502 2369 628 2397 consilto
644 2373 669 2397 et
685 2369 839 2397 universis
853 2369 1059 2397 ,lamuensibus
1079 2369 1113 2398 in
1133 2370 1209 2397 civi-

204 2426 262 2450 late
276 2429 312 2450 ac
333 2421 474 2450 districta
492 2422 590 2450 ,lanae
611 2423 792 2450 constitutis.
817 2421 965 2450 Ecclesia
986 2421 1046 2451 Dei
1064 2421 1142 2451 olim
1159 2439 1207 2450 —.

203 2474 276 2503 Dat.
294 2473 444 2511 Neapoli,
464 2475 507 2503 VI
523 2474 598 2503 idus
611 2474 770 2513 januarii,
789 2482 875 2503 anno
891 2474 1008 2512 primo.
1029 2487 1041 2500 »

274 2649 333 2678 630
768 2650 884 2685 Naptes,
903 2650 917 2677 8
930 2651 1044 2685 janvier
1061 2651 1136 2678 1‘255.

241 2711 384 2738 Omnibus
401 2712 533 2746 praelatis
558 2712 638 2746 regni
659 2712 772 2738 Siciliae
796 2712 925 2747 mandat,
951 2717 980 2739 ut
1003 2714 1135 2748 praefatis
1159 2713 1211 2740 Ja-

204 2761 366 2787 nuensibus
392 2760 598 2794 indulgentiam
622 2761 790 2794 hujusmodi
813 2761 1015 2787 inconcussam
1038 2766 1211 2788 conservent

205 2813 234 2836 et
249 2817 305 2836 non
321 2808 485 2835 sustineant
499 2809 534 2834 ab
550 2809 644 2843 aliquo
657 2809 738 2843 ipsos
753 2818 840 2843 supra
856 2810 901 2835 illa
917 2814 1023 2836 temere
1040 2810 1209 2844 perturbari.

204 2858 288 2891 (Rae.
309 2858 353 2892 24,
371 2866 396 2884 c.
414 2858 469 2889 512,
486 2857 505 2884 s.
523 2857 555 2891 ὃς
575 2857 720 2885 Ροττῌᾼετ
740 2858 843 2890 tao-25.)

246 2971 258 2985 «
276 2959 517 2996 Areltt'episeopis
532 2963 558 2987 et
578 2959 721 2996 episcopis
743 2968 778 2988 ac
800 2959 916 2988 dilectis
939 2960 1015 2996 filiis
1036 2960 1207 2996 abbatibus,

200 3012 370 3050 prioribus,
390 3012 521 3047 decanis,
540 3011 787 3047 archidiaconis,
813 3012 1083 3049 archipresbyteris
1099 3017 1124 3041 et
1139 3013 1211 3041 aliis

1285 424 1482 453 ecclesiarum
1491 423 1619 461 prelatis
1630 431 1686 461 per·
1697 431 1828 460 reanum
1843 421 1956 459 sycilie
1967 422 2151 455 constitutis,
2166 421 2206 450 ad
2220 430 2295 459 quos

1287 477 1384 505 littere
1401 477 1453 505 iste
1465 477 1672 514 pervenerint.
1692 474 1841 506 Ecclesia
1855 478 1917 505 etc.
1933 478 1970 504 ut
1990 483 2089 512 supra
2109 482 2215 513 usque
2229 473 2294 503 im-

1286 537 1404 559 munes
1420 546 1468 557 —.
1486 529 1560 559 Dat.
1574 532 1610 558 ut
1625 537 1736 567 supra.
1756 540 1769 554 ι)

1322 633 1354 660 In
1375 642 1400 660 e.
1425 642 1463 660 m.
1487 633 1632 660 nobilibus
1655 632 1726 660 viris
1745 632 1883 664 ducibus,
1908 630 2102 666 principibus.
2121 630 2292 663 comitibus,

1288 683 1458 714 baronibus,
1477 682 1617 710 militibus
1635 690 1669 709 ac
1691 682 1853 708 rectoribus
1873 681 2038 714 civitatum,
2059 684 2220 708 castrorum
2241 688 2294 708 seu

1287 731 1415 757 locorum
1433 731 1512 765 regni
1525 730 1621 757 Sicilie
1633 735 1782 765 presentes
1798 730 1906 756 litteras
1917 728 2102 766 inspecturiS,
2115 736 2206 763 usque
2218 727 2294 760 Quo-

1287 780 1364 806 circa
1382 780 1597 806 universitatem
1616 783 1739 805 vestram
1753 786 1888 812 rogamus
1899 782 1926 804 et
1939 778 2086 804 hortamur
2095 780 2203 803 attente
2217 783 2295 803 man-

1289 828 1389 854 dantes
1404 828 1542 862 quatinus
1557 828 1632 855 circa
1648 827 1827 862 sepedictum
1844 830 1900 854 etc.
1914 834 2006 860 usque
2017 827 2042 853 si
2057 826 2106 860 qui
2121 826 2228 852 suerint
2244 832 2294 860 po-

1289 882 1391 906 testate
1407 879 1490 905 vobis
1511 878 1612 905 tradita
1633 877 1854 912 compescendo.
1872 876 1914 903 Ita
1935 877 2011 912 quod
2037 876 2118 903 vobis
2136 875 2240 903 exinde
2259 875 2295 903 ad

1289 927 1430 961 speciales
1445 927 1551 961 gratias
1567 931 1724 953 teneamur.
1738 926 1801 952 Non
1818 926 1949 952 obstante
1961 926 2167 952 constitutione
2178 924 2213 951 de
2223 923 2297 951 dua-

1289 976 1344 1002 bus
1360 975 1446 1002 dictis
1461 975 1555 1002 edicta
1570 975 1597 1002 in
1611 975 1734 1002 concilio
1749 974 1886 1009 generali.
1903 973 1967 1000 Dat.
1987 977 2017 1000 ut
2031 982 2129 1009 supra.

1360 1165 1414 1193 (3¹
1838 1162 1954 1197 Names,
1975 1162 2004 1188 18
2017 1161 2130 1196 janvier
2150 1161 2226 1188 1255.

1327 1225 1450 1252 Henrico
1467 1225 1502 1251 de
1518 1224 1619 1259 Nigro,
1637 1228 1700 1251 nato
1716 1224 1861 1259 quondam
1877 1222 1998 1250 Ansaldi
2011 1222 2046 1249 de
2062 1222 2162 1257 Nigro,
2175 1221 2232 1249 civi
2245 1220 2297 1249 Ja-

1291 1274 1405 1307 nuensi,
1422 1274 1517 1307 cujus,
1534 1273 1569 1299 ad
1584 1272 1726 1299 sedandas
1742 1272 1908 1299 inimicitias
1924 1280 1997 1306 quae
2013 1271 2086 1298 inter
2100 1271 2196 1306 ipsum
2212 1278 2299 1297 occa-

1289 1322 1371 1348 sione
1387 1330 1507 1355 guerrae
1532 1321 1674 1355 quondam
1704 1320 1748 1348 Fr.
1766 1321 1832 1347 olim
1855 1319 2037 1355 imperatoris
2057 1323 2085 1346 et
2107 1318 2246 1346 Obertum
2262 1318 2298 1344 de

1289 1368 1382 1395 Crucc
1403 1370 1551 1395 concivem
1573 1369 1741 1402 extiterant,
1763 1368 1794 1395 C.
1811 1369 1868 1394 filia
1883 1368 2020 1394 Giliotum
2045 1371 2140 1394 natum
2165 1366 2298 1401 ejusdem

1289 1417 1386 1444 Oberti
1403 1418 1561 1452 sponsavit,
1577 1418 1705 1451 indulget
1723 1422 1752 1444 ut
1768 1416 1798 1444 C.
1816 1421 1844 1443 et
1860 1416 1984 1443 Giliotus
1996 1417 2022 1442 in
2036 1416 2217 1442 matrimonio
2227 1422 2299 1442 cou-

1290 1470 1380 1493 tracto
1397 1471 1577 1498 remaneant,
1595 1475 1650 1492 non
1668 1467 1800 1492 obstante
1815 1466 1891 1500 quod
1913 1469 2015 1500 quarto
2039 1462 2298 1498 consanguinitatis

1290 1515 1378 1550 gradu
1395 1516 1554 1542 adinvicem
1571 1516 1720 1542 attineant.
1737 1515 1820 1547 (stae.
1838 1514 1883 1548 24,
1900 1522 1925 1540 c.
1944 1514 1987 1546 52,
2005 1514 2023 1539 f.
2041 1512 2079 1547 8.)

1332 1629 1345 1643 (t
1362 1617 1492 1646 Ilenrt‘co
1505 1617 1538 1645 de
1553 1617 1656 1653 Myro,
1679 1621 1749 1644 nalo
1765 1615 1920 1652 quondam
1933 1614 2062 1644 Ansaldi
2075 1614 2108 1643 de
2120 1614 2224 1651 Nigro,
2237 1613 2301 1642 civi

1290 1672 1448 1700 Janaensi.
1474 1670 1518 1699 Ex
1539 1673 1631 1707 parte
1647 1673 1701 1699 tua
1718 1687 1767 1697 —.
1785 1669 1859 1698 Dat.
1880 1667 2037 1706 Neapoli,
2060 1667 2122 1697 XV
2140 1665 2300 1697 kalendas

1291 1723 1464 1754 februarii,
1483 1732 1568 1752 anno
1584 1722 1701 1761 primo.
1719 1734 1731 1748 »

1363 1914 1420 1943 62
1840 1912 1958 1946 Naples,
1979 1911 2008 1938 16
2020 1910 2134 1946 janvier
2152 1910 2227 1938 1255.

1330 1975 1502 2008 [flet-thome]
1524 1975 1680 2001 marchioni
1697 1974 1730 2000 de
1746 1973 1964 2006 Hohernburch,
1978 1980 2081 2006 magno
2094 1972 2174 2006 regni
2186 1970 2302 1998 Siciliae

1292 2024 1474 2053 senescalco,
1491 2024 1642 2049 confirmat
1661 2024 1828 2049 comitatum
1851 2022 2088 2052 Mmfflscaveosi,
2106 2025 2200 2047 casu-a
2223 2019 2302 2046 Poli-

1292 2073 1372 2106 corii,
1387 2072 1590 2106 Montispilosi,
1610 2072 1724 2098 Catu-ati
1742 2076 1769 2097 et
1785 2071 1848 2097 Cilii
1869 2072 1903 2096 de
1923 2070 2033 2097 Gnaldo
2048 2078 2064 2095 a
2085 2068 2216 2095 Conrado
2233 2077 2302 2096 con-

1293 2130 1375 2148 cessa
1389 2125 1416 2147 et
1432 2121 1466 2146 ab
1480 2120 1646 2147 innocentio
1659 2129 1728 2155 papa
1739 2118 2070 2152 confit·mata.(R13o.2!i‚
2085 2126 2110 2145 c.
2124 2118 2165 2149 53,
2179 2118 2198 2144 s.
2211 2117 2248 2150 8.)

1335 2236 1347 2249 «
1365 2224 1464 2252 Nobili
1483 2224 1547 2251 riso
1561 2223 1590 2250 Β.
1611 2222 1785 2250 marchioni
1801 2221 1834 2249 (Ie
1849 2220 2075 2254 Hohemburch,
2095 2219 2201 2249 comici
2217 2219 2303 2248 Mon-

1293 2277 1463 2310 tiscczrrosi,
1495 2284 1606 2312 nmyno
1632 2276 1717 2312 respit
1744 2275 1849 2304 Sicilie
1872 2274 2046 2308 senescalco,
2078 2272 2161 2308 fideli
2189 2276 2298 2301 nostro.

1292 2328 1387 2358 Clara
1403 2332 1457 2357 tue
1475 2327 1644 2357 lidelitatis
1657 2326 1815 2365 obsequia
1829 2326 1951 2364 quibus
1965 2331 1994 2355 te
2009 2324 2119 2355 reddis
2134 2324 2167 2353 in
2179 2323 2302 2354 nostris

1293 2385 1322 2410 et
1339 2382 1479 2410 fratrum
1494 2385 1680 2410 nostrorum
1694 2379 1799 2409 oculis
1816 2379 1996 2417 gratiosum
2015 2382 2126 2407 nostro
2140 2377 2304 2408 instanter

1293 2437 1474 2471 suggerunt
1491 2433 1616 2468 animo,
1635 2437 1669 2462 ut
1686 2442 1750 2462 non
1768 2431 1874 2461 solum
1892 2436 1945 2461 tua
1963 2431 2022 2460 tibi
2035 2431 2111 2469 jura
2127 2430 2257 2468 integra
2271 2432 2304 2460 et

1292 2486 1386 2516 illesa
1404 2494 1589 2519 servemus,
1613 2485 1713 2514 immo
1734 2484 1842 2523 potius
1863 2492 2056 2521 augeamus.
2078 2482 2162 2514 Cum
2177 2482 2302 2521 itaque,

1293 2538 1378 2568 sicut
1392 2538 1426 2566 in
1443 2542 1554 2567 nostra
1570 2537 1771 2576 proposuisti
1786 2536 1954 2575 presentia
1968 2535 2180 2570 constitutus,
2194 2534 2305 2565 felicis

1291 2591 1531 2621 recordationis
1551 2592 1576 2621 Ι.
1600 2600 1683 2629 papa
1706 2590 1918 2628 predecessor
1938 2593 2050 2618 noster
2070 2587 2303 2618 concessiones

1283 2644 1332 2673 ‘de
1350 2644 1506 2674 comitatu
1524 2643 1778 2674 Montiseaveosi
1799 2647 1829 2673 et
1850 2643 1889 2673 de
1909 2642 2009 2672 castri
2030 2646 2061 2672 ct
2077 2640 2214 2671 honoris
2231 2640 2303 2680 ejus

1293 2696 1428 2726 baronia
1447 2700 1477 2725 et
1493 2696 1532 2725 tle
1555 2696 1728 2731 Policorii,
1751 2695 1974 2734 Montispilosi
1988 2718 1994 2730 ,
2017 2694 2152 2725 Caurati
2173 2697 2204 2723 et
2223 2692 2304 2724 Cilii

1293 2749 1332 2779 de
1349 2749 1476 2779 Gualdo
1496 2749 1614 2779 castris
1634 2750 1737 2779 factas
1759 2749 1839 2779 olim
1861 2748 1922 2778 tihi
1942 2758 1960 2778 a
1981 2747 2147 2787 quondam
2166 2746 2202 2777 C.
2225 2749 2302 2776 nato

1293 2802 1459 2840 quondam
1476 2803 1527 2831 Fr.
1545 2801 1623 2832 olim
1644 2803 1869 2832 Romanorum
1890 2800 2118 2839 imperatoris,
2140 2798 2202 2828 tihi
2217 2797 2302 2828 tuis-

1294 2863 1357 2893 que
1374 2854 1569 2884 herodibus.
1588 2863 1652 2883 non
1669 2854 1819 2884 obstante
1836 2853 1923 2892 quod
1938 2853 2026 2883 idem
2041 2850 2213 2883 Conradus
2232 2852 2303 2880 erat

1293 2912 1370 2937 tunc
1393 2907 1475 2945 ipsis
1499 2907 1630 2937 vinculo
1647 2906 1998 2937 excommunicationis
2019 2904 2190 2938 astrictus,
2214 2901 2302 2942 quod

1293 2959 1375 2989 alias
1395 2963 1588 2997 potestatem
1609 2959 1801 2989 conserendi
1816 2958 1869 2989 vel
1889 2956 2090 2988 concedendi
2109 2954 2219 2986 taliter
2235 2962 2301 2984 non

1291 3011 1434 3042 habebat
1454 3016 1484 3041 et
1501 3011 1647 3050 qualibet
1664 3012 1698 3041 in
1715 3016 1745 3042 te
1765 3011 1962 3050 privationis
1984 3008 2172 3048 dignitatis,
2195 3006 2304 3036 hono-
