2498 3325
204 214 261 242 276
929 211 1168 242 REGISTRES
1191 209 1498 242 D'ALEXANDRE
1522 213 1578 243 IV.

205 282 292 306 tatem
315 278 496 313 permutandi
520 285 586 304 cum
611 278 675 305 aliis
701 279 904 313 possessiones
928 277 1094 304 monasterii
1119 277 1214 303 minus

206 327 301 354 utiles.
318 326 399 359 (Ruso.
416 326 465 360 24,
483 335 508 353 c.
530 326 592 358 750,
609 327 628 354 f.
650 326 735 360 ¹08¹.)

247 440 259 454 α
281 450 312 462 ..,
331 428 432 456 abbati
448 433 473 456 et
489 429 654 457 conventui
671 428 779 458 Sancti
796 428 910 457 Vedasti
926 428 1157 463 Attrebatensis‚
1176 427 1216 456 ad

205 481 373 509 Romanam
387 480 550 509 Ecclesiam
566 480 652 509 nullo
663 481 760 509 medio
773 481 967 519 pertinentis,
983 480 1103 509 ordinis
1115 481 1216 509 sancti

205 533 368 562 Benedicti.
382 532 575 562 Devotionis
587 536 695 562 vestre
710 533 827 563 merita
839 542 897 562 nos
914 532 1087 567 inducunt,
1105 537 1140 562 ut
1158 532 1216 562 illa

205 584 299 614 vobis
322 584 441 613 libenti
464 584 575 614 animo
597 585 832 617 concedamus,
857 594 914 623 per
935 594 998 623 que
1021 585 1216 615 monasterii

205 637 305 666 vestri
316 636 444 667 utilitas
454 636 560 666 valeat
569 638 754 675 provenire.
766 637 920 675 Exposita
929 637 1094 676 siquidem
1105 646 1215 667 coram

206 689 301 720 nobis
317 689 489 728 petitionis
504 695 612 720 vestre
629 691 733 720 series
749 690 954 725 continebat,
973 690 1059 729 quod
1078 690 1216 728 contigit

205 742 389 777 interdum,
411 742 514 780 quod,
535 742 563 772 si
581 742 710 781 aliquas
730 743 767 772 118
786 742 883 772 terris
900 747 930 772 et
947 743 1215 781 possessionibus

206 804 288 834 quas
312 795 553 825 monasterium
575 801 722 825 vestrum
743 795 870 825 obtinet
890 795 1124 833 permutarctis
1141 804 1215 825 cum

206 847 294 883 aliis,
306 848 528 878 conditionem
542 849 696 878 faceretis
709 848 814 887 ipsius
827 848 1021 877 monasterii
1032 848 1214 878 meliorem.

205 901 274 931 Nos
290 901 420 940 itaque,
439 902 559 931 vestris
579 901 878 940 supplicationibus
895 901 1048 931 inclinati
1061 925 1067 933 ,
1082 910 1216 940 permu-

206 953 309 989 tandi,
328 954 560 992 componendi,
580 964 617 984 ac
633 954 919 993 compromittendi
937 954 975 983 de
994 954 1216 992 possessioni-

206 1006 268 1036 bus
285 1011 315 1036 et
331 1007 427 1037 terris
447 1007 528 1045 ipsis
546 1007 657 1037 minus
672 1007 811 1037 utilibus
828 1016 901 1037 cum
919 1006 994 1037 aliis
1010 1007 1214 1043 utilioribus

207 1059 235 1089 si
249 1059 386 1089 utilitati
399 1060 547 1098 ejusdem
558 1059 752 1089 monasterii
770 1059 923 1098 expedire
939 1059 1110 1095 noveritis,
1126 1060 1216 1099 jura·
1256 1085 1258 1105 Q

205 1116 316 1142 mento
329 1112 368 1142 de
381 1121 446 1142 non
464 1112 651 1142 alienandis
667 1117 723 1142 aut
738 1112 969 1151 permutandis
984 1112 1079 1142 bonis
1097 1113 1217 1151 prefati
1256 1106 1257 1133 Ῐ

205 1165 400 1194 monasterii
419 1174 437 1194 a
455 1170 496 1200 te,
511 1165 560 1194 fili
574 1165 686 1200 abbas,
698 1165 837 1203 prestito
850 1174 915 1195 non
927 1165 1089 1201 obstante,
1108 1170 1216 1196 aucto-

205 1217 303 1247 ritate
316 1217 407 1247 vobis
418 1218 624 1255 presentium
636 1218 848 1248 concedimus
861 1217 1052 1249 facultatem
1064 1229 1069 1255 ;
1084 1219 1216 1257 proviso

205 1278 258 1305 ne,
277 1270 363 1308 quod
379 1279 436 1308 pro
452 1270 559 1308 ipsius
575 1270 771 1300 monasterii
792 1270 938 1301 utilitate
956 1272 1158 1307 conceditur,
1180 1273 1215 1302 in

206 1322 441 1352 detrimentum
469 1323 631 1353 redundet
660 1324 807 1362 ejusdem
836 1323 935 1362 idque
965 1333 983 1353 a
1009 1325 1150 1355 Domino
1177 1325 1215 1356 de

206 1432 267 1458 810.
288 1430 360 1458 Dat.
381 1429 546 1465 Laterani,
563 1429 659 1474 non-is
675 1429 871 1463 decembris.
892 1439 978 1460 anno
998 1430 1114 1468 primo.
1135 1443 1147 1457 »

276 1587 360 1624 33¹⁴
736 1588 848 1620 Latran,
866 1589 881 1616 6
898 1588 1049 1615 decembre
1065 1589 1143 1616 1255.

206 1697 278 1723 siam
297 1706 319 1723 s.
339 1697 443 1724 Mariae
461 1698 495 1724 de
512 1698 589 1724 Silva
607 1699 682 1724 Molli
699 1699 731 1724 nd
751 1708 831 1725 suam
853 1699 1061 1726 ordinationem
1081 1706 1216 1736 81180130-
1297 1720 1391 1749 vobis,
1422 1720 1617 1749 auctoritate
1664 1720 1848 1750 resentium
1876 1719 2088 1749 indulssemus
2127 1718 2221 1748 Nulli
2246 1721 2296 1748 etc

206 1749 278 1775 tem,
297 1754 361 1771 cum
385 1750 496 1772 rectore
516 1747 674 1780 vacaverit,
692 1748 717 1773 in
737 1748 867 1781 proprios
885 1756 956 1774 usus
971 1749 1106 1782 quamdiu
1124 1750 1216 1777 eccle·
1256 1741 1258 1762 ³⁷
1378 1742 1383 1748 ⁸
1642 1729 1660 1758 p
1973 1743 1991 1757 ζ’
2093 1742 2099 1748 ’
2301 1741 2307 1746 ”

205 1793 266 1819 siae
291 1793 464 1820 Περι-0111111011
489 1795 644 1828 praefuerit
666 1795 757 1821 valeat
778 1797 911 1824 retinere.
933 1796 1005 1829 (Rto
1037 1798 1081 1827 ⁴24,
1105 1806 1130 1824 c.
1153 1799 1214 1830 751,
1257 1810 1258 1834 5

205 1841 225 1867 1¹v
247 1841 327 1870 108'.t

248 1956 260 1969 (ι
279 1945 404 1979 Matheo,
421 1946 553 1982 episcopo
567 1946 769 1974 Ferentinati.
787 1946 1005 1976 Attendentes
1017 1947 1103 1985 quod
1117 1957 1154 1977 cx
1166 1965 1214 1977 ——-.
1257 1941 1259 1975 1

207 1997 280 2026 Dat.
300 1997 471 2032 Laterani,
490 1998 571 2027 VIII
587 1998 661 2028 idus
678 1999 878 2032 decembris,
900 2009 986 2029 anno
1005 2001 1121 2038 primo.
1142 2014 1154 2027 »

277 2154 364 2182 932
721 2156 832 2189 Latrat),
850 2158 880 2184 13
898 2158 1049 2184 decembre
1068 2160 1142 2186 1255.

244 2216 335 2242 Priori
353 2218 519 2250 provinciali
537 2218 655 2244 fratrum
675 2218 906 2246 Praedicatorum
920 2220 948 2246 in
961 2220 1081 2247 Francia
1092 2225 1120 2247 et
1131 2230 1218 2256 guar·
1258 2225 1259 2252 I
1369 2249 1373 2254 ‚
1395 2249 1400 2254 .
1532 2248 1537 2253 .
1641 2247 1659 2253 ..
1786 2247 1791 2252 .
1930 2246 1934 2252 .
1998 2247 2002 2252 .
2056 2246 2061 2252 .
2147 2246 2152 2252 .
2217 2246 2222 2252 .
2289 2246 2296 2252 .

1298 2249 1376 2279 18011
1393 2257 1427 2278 10
1444 2249 1585 2278 Domino
1601 2247 1674 2282 filu,
1692 2251 1812 2277 vestris
1829 2246 2128 2285 supplicatlonibus
2144 2246 2310 2282 inclinatl,

206 2264 290 2291 diano
310 2265 427 2291 fratrum
445 2265 587 2292 Minorum
608 2266 815 2293 parisiensium
833 2268 991 2301 significat,
1008 2277 1039 2295 se
1055 2269 1089 2295 ad
1107 2270 1217 2296 instan-

206 2313 274 2339 tiam
294 2312 449 2346 [Ludovici]
465 2335 470 2344 ,
487 2313 564 2348 regis
582 2313 734 2345 Franciae,
751 2324 802 2342 eos
817 2316 955 2350 elegisse,
976 2321 1005 2343 ut
1021 2318 1218 2352 inquisitionis

206 2360 330 2387 officium
349 2361 468 2388 induunt
485 2366 513 2388 et
527 2363 700 2389 haereticam
720 2364 887 2398 pravitatem
904 2365 939 2391 de
954 2374 1043 2399 regno
1060 2367 1122 2401 ipso
1137 2369 1161 2402 ej
1169 2376 1218 2394 us-

207 2416 263 2442 que
277 2408 409 2434 districtu
425 2409 580 2443 extirpont,
596 2411 725 2444 exceptis
737 2412 821 2438 terris
834 2411 1025 2440 Pictaviensis
1041 2418 1069 2440 et
1083 2414 1218 2442 Tolosam

207 2456 339 2487 comitis,
361 2457 387 2482 in
410 2457 516 2491 quibus
538 2458 603 2483 fidoi
625 2460 772 2492 negotium
795 2461 883 2487 certis
904 2463 1036 2495 personis
1056 2463 1218 2497 specialiter

208 2505 247 2530 sit
261 2506 462 2531 commissum.
477 2506 590 2532 Mandat
607 2507 660 2539 eis,
678 2512 707 2534 ut
723 2517 773 2543 per
789 2510 992 2537 sollicitudinis
1006 2520 1075 2537 suae
1093 2512 1219 2546 pruden-

207 2552 275 2578 tiam
300 2553 422 2579 radicem
448 2553 610 2588 iniquitatis
633 2556 794 2583 haereticae
819 2558 970 2585 succidant
993 2564 1048 2586 etc.
1073 2560 1154 2594 (Rea.
1173 2561 1218 2594 24,

208 2608 234 2626 c.
252 2600 313 2632 752,
330 2601 349 2626 f.
371 2602 446 2633 loen,
467 2601 613 2629 Po'rTuAs'r
630 2604 738 2637 16132.)

251 2715 263 2729 «
284 2726 316 2738 ..,
329 2705 432 2740 priori
445 2705 636 2741 provinciali
651 2707 788 2741 fratrum
806 2708 1053 2738 Praedicatorum
1074 2711 1105 2738 in
1122 2711 1218 2740 Fran-

209 2757 273 2790 cia,
296 2761 321 2784 et
345 2756 521 2793 quardtano
544 2758 679 2792 fratrum
705 2759 859 2788 Minorum
890 2761 1124 2791 Partstenstum.
1156 2764 1218 2794 Pre

210 2807 338 2837 cunctis
367 2808 487 2838 mentis
511 2826 559 2837 —.
587 2810 660 2838 Dat.
688 2811 857 2847 Laterani,
881 2812 991 2843 idibus
1014 2814 1216 2852 decembris,

210 2868 297 2889 anno
315 2869 431 2897 primo.
453 2872 465 2887 »

1368 277 1457 306 838
1808 279 1923 315 Lau-an,
1941 281 1970 307 11
1987 280 2139 308 decembre
2157 281 2235 310 ¹255.

1333 339 1440 367 Abbati
1458 342 1624 368 monasterii
1641 340 1834 375 cesariensis,
1846 341 2016 369 Baiocensis
2028 343 2163 376 diocesis,
2175 343 2309 371 concedit

1297 389 1462 415 facultatem
1482 389 1579 416 utendi
1594 390 1712 424 annulo,
1729 391 1822 424 mitra,
1838 394 1894 418 etc.
1913 390 1998 424 (Rau.
2012 391 2062 422 Ἡ,
2077 399 2103 418 0.
2120 392 2182 423 753,
2197 392 2216 419 s.
2236 392 2308 425 109.)

1341 515 1353 529 α
1427 504 1545 538 abbam
1564 502 1591 532 'et
1606 505 1772 534 conventui
1788 505 1970 534 monasterii
1989 505 2172 535 Cesariensis
2187 506 2308 536 ordinis

1297 557 1398 585 sancti
1415 557 1582 591 Benedicti,
1603 557 1774 586 Baiocensis
1798 558 1933 587 diocesis.
1951 558 1996 588 Ut
2014 557 2127 596 pulcra
2143 562 2175 588 et
2189 558 2309 589 decora

1298 608 1368 639 filia
1383 609 1570 639 Jerusalem
1587 614 1648 638 etc.
1665 618 1771 648 usque
1787 619 1793 639 :
1807 609 1969 640 decorem.
1987 611 2177 649 Eapropter.
2195 610 2308 641 dilecti

1298 661 1333 690 in
1351 661 1492 691 Domino
1508 661 1580 691 filii.
1600 662 1719 692 vestris
1735 662 2034 701 supplicationibus
2050 663 2214 699 inclinati,
2233 663 2307 699 tibi,

1298 713 1346 743 fili
1369 714 1482 749 abbas,
1502 718 1532 744 et
1557 714 1806 745 successoribus
1828 715 1894 745 tuis
1918 715 1952 744 in
1975 720 2171 754 perpetuum
2191 715 2309 746 utendi

1299 766 1408 801 anulo,
1431 767 1539 801 mitra,
1558 767 1686 802 tunica,
1706 767 1900 803 dalmatica,
1917 767 2095 798 cirotheeis
2111 772 2142 798 et
2160 767 2309 799 sandalis

1257 843 1258 847 ,
1299 829 1336 850 ac
1356 820 1574 850 benedicendi
1596 820 1701 858 pallas
1717 820 1832 851 altaris
1853 830 1890 851 ac
1906 821 1971 851 alia
1993 825 2189 851 ornamenta
2203 820 2310 852 eccle-

1299 873 1449 908 siastica,
1468 873 1661 903 conferendi
1683 873 1824 912 primam
1847 877 2019 904 tonsuram
2034 882 2071 904 ac
2093 874 2240 904 minores
2255 882 2310 904 or-

1298 925 1409 959 dines,
1431 925 1564 963 plenam
1586 926 1798 956 concedimus
1817 926 2012 956 auctoritate
2033 926 2239 964 presentium
2258 926 2310 956 fa-

1298 978 1466 1009 cultatem.
1504 978 1598 1008 Nulli
1631 983 1691 1008 etc.
1731 982 1842 1009 nostre
1878 978 2104 1008 concessionis
2137 981 2198 1008 etc.
2233 978 2308 1009 Dat.

1298 1031 1472 1066 Laterani,
1495 1032 1544 1062 ΙΙΙ
1560 1031 1635 1061 idus
1644 1031 1851 1066 decembris,
1871 1040 1958 1061 anno
1976 1031 2094 1069 primo.
2115 1043 2128 1058 »

1369 1229 1458 1257 934

1334 1290 1450 1316 Eisdem
1468 1290 1562 1316 abbati
1579 1294 1607 1316 et
1621 1291 1777 1316 conventui
1793 1291 2005 1325 exemptionem
2021 1291 2198 1317 decimarum
2214 1289 2311 1317 indul·

1809 1229 1922 1260 Latran,
1944 1230 1968 1255 tt
1988 1230 2140 1256 decembre
2158 1229 2235 1256 1255.

1256 1355 1257 1359 =
1298 1343 1356 1373 get.
1374 1339 1458 1372 (stt-o.
1473 1339 1518 1370 ⁶24,
1535 1347 1561 1366 c.
1579 1339 1652 1372 7532.
1670 1340 1689 1366 f.
1708 1340 1792 1372 109v.)

205 1376 326 1405 vestris
342 1376 497 1406 manibus
510 1376 712 1415 requiratur.
728 1377 944 1407 Presentibus
958 1378 1216 1415 postbiennium
1256 1386 1257 1391 ¹

1341 1467 1353 1482 «
1371 1455 1502 1484 Eisdem.
1520 1454 1737 1492 Exigentibus
1757 1458 1865 1485 vestre
1889 1454 2074 1484 devotionis
2095 1453 2224 1484 meritis
2245 1457 2307 1483 etc.

1298 1516 1429 1546 usque:
1452 1516 1642 1542 assensum,
1670 1511 1705 1537 ut
1733 1507 1771 1537 de
1794 1506 1964 1536 laboribus
1987 1506 2107 1536 vestris
2129 1514 2212 1545 quos
2233 1514 2310 1544 pro-

1297 1561 1380 1599 priis
1407 1560 1561 1590 manibus
1583 1565 1639 1590 aut
1663 1560 1849 1598 sumptibus
1873 1560 2000 1595 colitis,
2022 1560 2092 1590 sive
2112 1559 2151 1590 de
2175 1559 2257 1590 ortis
2279 1562 2311 1590 et

1256 1626 1258 1635 ³
1297 1614 1452 1651 virgultis
1468 1614 1588 1643 vestris
1605 1618 1660 1643 aut
1677 1618 1861 1643 vestrorum
1881 1613 2078 1643 animalium
2094 1612 2310 1643 nutrimentis

244 1648 395 1679 Matthaeo,
414 1649 552 1683 episcopo
570 1649 755 1680 Fet-eminati,
774 1651 918 1685 indulget,
937 1656 966 1677 ut
983 1652 1105 1678 ruralem
1122 1653 1215 1679 eccle-
1256 1651 1257 1655 ¹

1299 1666 1411 1697 nullus
1432 1676 1448 1696 a
1468 1667 1561 1696 vobis
1578 1666 1723 1696 decimas
1749 1667 1880 1703 exigere
1902 1666 1953 1696 vel
1971 1670 2165 1705 extorquere
2183 1664 2308 1700 valeat,

1299 1777 1410 1802 nostre
1427 1773 1652 1802 concessionis
1667 1777 1728 1802 eto.
1746 1774 1819 1803 Dat.
1838 1777 1873 1802 ut
1890 1782 2001 1810 supra.
2021 1784 2033 1798 ι.

1369 1971 1457 1999 935
1808 1969 1921 1998 Lati-an.
1940 1970 1970 1995 11
1988 1969 2140 1995 decembre
2160 1969 2237 1996 ¹255.

1335 2032 1450 2058 Eisdem
1472 2032 1568 2058 abbati
1591 2036 1619 2058 ot
1637 2031 1792 2058 conventui
1814 2031 1965 2057 confirmat
1981 2035 2086 2062 terras,
2104 2038 2176 2064 quas
2193 2038 2242 2065 per
2258 2029 2312 2057 XL

1258 2094 1259 2122 j
1298 2090 1390 2107 annos
1405 2086 1433 2107 et
1453 2081 1577 2115 amplius
1594 2080 1852 2114 praescripserunt.
1880 2079 1965 2110 (Rea.
1983 2079 2032 2113 24,
2050 2088 2075 2106 c,
2098 2079 2171 2112 753³,
2186 2079 2206 2106 f.
2224 2078 2310 2109 109v.)

1342 2209 1353 2223 <‹
1372 2197 1502 2225 Eisdem.
1519 2195 1711 2225 Devotionis
1728 2198 1835 2224 vestre
1853 2194 1971 2224 merita
1987 2212 2035 2222 -.
2053 2195 2243 2233 Eapropter,
2261 2193 2312 2223 di-

1300 2306 1417 2337 terras,
1436 2301 1591 2335 decimas,
1606 2299 1835 2338 possessiones
1849 2303 1880 2329 et
1897 2299 1962 2328 alia
1978 2308 2041 2338 que
2058 2308 2115 2337 per
2129 2299 2188 2328 XL
2205 2307 2310 2329 annos

1301 2358 1332 2384 et
1352 2353 1495 2392 amplius
1518 2353 1779 2391 prescripsistis,
1803 2352 1896 2381 vobis
1919 2356 1950 2381 et
1968 2360 2026 2390 per
2041 2360 2098 2381 vos
2117 2351 2223 2382 eidem
2239 2360 2310 2382 mo-

1301 2406 1447 2436 nasterio
1464 2406 1659 2436 auctoritate
1670 2404 1849 2443 apostolica
1861 2404 2096 2434 confirmamus
2108 2408 2169 2434 etc.
2182 2413 2288 2443 usque
2301 2413 2308 2434 :

1300 2459 1545 2490 communimus
1568 2469 1574 2487 z
1597 2457 1837 2488 nichilominus
1861 2461 2056 2492 statuentes,
2082 2462 2118 2486 ut
2139 2466 2177 2487 ea
2197 2457 2309 2487 omnia

1300 2513 1393 2543 vobis
1419 2517 1450 2542 et
1474 2512 1538 2550 ipsi
1561 2511 1763 2541 monasterio
1784 2511 1822 2540 de
1848 2515 1955 2540 cetero
1979 2514 2135 2540 maneant
2150 2514 2310 2548 perpetua

1299 2565 1456 2595 firmitate
1472 2564 1621 2594 subnixa.
1643 2563 1737 2593 Nulli
1753 2567 1814 2593 810,
1835 2567 1945 2593 nostre
1962 2562 2224 2593 confirmationis
2245 2567 2304 2594 etc.

1299 2618 1373 2647 Dat.
1391 2621 1427 2647 ut
1445 2625 1555 2655 supra.
1576 2628 1588 2642 »

1371 2814 1458 2842 938

1312 2890 1319 2895 ·
1337 2875 1472 2906 Heni-ico,
1489 2876 1583 2901 abbati
1601 2874 1766 2901 monasterii
1777 2874 1805 2901 S.
1823 2874 1945 2900 Dionisii
1961 2873 1988 2899 in
2003 2872 2131 2904 Francia,
2146 2873 2307 2900 facultatem

1814 2813 1926 2844 Lati-an,
1944 2812 1975 2839 13
1991 2811 2142 2838 decembre
2160 2811 2236 2839 1255.
