2498 3325
979 201 1209 237 DEUXIEME
1231 200 1391 236 ANNEE.
2182 205 2237 235 473

140 282 232 316 parte
248 278 421 308 materiam
433 277 548 307 tollere
561 276 743 315 cupientes,
758 276 964 306 declaramus
982 279 1012 304 te
1029 278 1059 304 et
1077 283 1146 303 suc-

141 340 289 361 cessores
308 335 379 360 tuos
395 330 430 359 in
447 329 641 359 monasterii
658 329 707 357 tui
722 328 891 358 conversis
911 332 941 357 et
957 327 1024 357 hiis
1039 326 1096 365 qui
1108 326 1149 356 ad

140 382 223 412 illud
244 382 492 412 convolaverint
513 385 543 411 et
568 381 602 410 in
622 390 703 420 quos
725 380 985 411 ecclesiasticam
1005 383 1035 409 et
1053 380 1149 418 quasi

141 435 360 474 episcopalem
376 435 645 474 jurisdictionem
662 435 804 467 obtines,
821 434 920 464 etiam
940 434 973 462 in
991 433 1066 462 aliis
1083 433 1149 463 dio-

141 489 284 522 0051005,
301 489 469 518 diocesani
487 488 661 518 accedente
678 496 854 521 consensu,
868 487 1015 525 predicta
1031 486 1149 515 debere

140 541 309 571 dumtaxat
335 541 550 571 concessione
578 541 732 579 gaudere.
757 542 830 570 Dat.
859 540 1026 577 Anagnie,
1050 539 1150 569 VIIII

140 593 300 624 kalendas
317 594 516 630 novembris,
537 602 623 624 anno
641 593 795 624 secundo.
818 606 830 619 >³

218 773 337 801 1523

181 833 321 868 Vestigiis
337 834 496 860 Alexandri
514 842 603 868 papae
614 834 657 860 ΙΙΙ
668 834 833 865 inhaerens,
847 833 942 859 abbati
959 837 986 858 et
998 832 1153 858 conventui

627 772 753 806 Anagni,
771 773 804 799 ‘25
820 771 984 806 septembre
1004 771 1079 798 125&

143 882 310 908 monasterii
326 882 356 908 S.
373 881 528 913 Edmundi,
543 881 739 908 Norwieensis
755 881 890 912 diocesis,
908 880 1046 914 indulget,
1066 884 1106 913 ut=
1119 880 1153 906 de

143 931 332 965 proventibus
348 931 489 957 ecclesiae
505 930 540 956 de
559 930 712 961 Pakeham,
730 929 928 956 Norwicensis
944 929 1084 962 diocesis,
1102 930 1153 955 tri-

145 979 226 1014 ginta
241 987 352 1005 marcas
368 979 515 1005 annuatim
541 978 703 1004 valentibus
724 981 752 1004 et
775 978 801 1004 in
820 986 874 1011 qua
888 978 938 1011 jus
954 977 1085 1003 obtinent
1104 986 1154 1011 pa-

145 1030 277 1054 tronatus
289 1049 295 1057 ,
312 1035 435 1053 annuam
453 1030 549 1053 certae
568 1026 738 1061 quantitatis
756 1027 896 1061 pecuniae
919 1026 1042 1052 valorem
1060 1026 1153 1060 perci-

143 1076 223 1110 piant
233 1084 282 1110 pro
295 1075 507 1102 sustentatione
519 1075 666 1110 hospitum
678 1075 711 1101 ad
725 1083 774 1101 cos
784 1075 1001 1102 declinantium.
1013 1075 1096 1107 (Rso.
1108 1075 1153 1107 ί24,

144 1122 163 1150 f.
180 1124 247 1159 ⁴205,
263 1133 330 1151 ann.
348 1123 394 1155 II,
412 1132 437 1150 e.
454 1123 528 1156 446.)

187 1237 200 1252 α
225 1226 331 1255 Abbati
355 1231 380 1254 et
410 1227 574 1254 conventui
591 1227 773 1254 monasterii
798 1226 903 1255 Sancti
928 1227 1097 1260 Edmztmli,
1117 1226 1157 1255 ad

145 1282 314 1310 Romanam
329 1281 491 1310 Ecclesiam
508 1281 593 1310 nullo
607 1281 906 1318 mediopertfflenffs,
922 1282 1041 1310 ordinis
1056 1282 1156 1311 sancti

145 1334 309 1368 Benedicti,
327 1334 529 1363 Norwicensis
546 1334 681 1363 diocesis.
707 1327 895 1371 Religionis
919 1337 1026 1364 vestre
1049 1343 1156 1364 mere-

146 1391 199 1417 tur
215 1404 261 1416 -.
281 1388 354 1417 Dat.
374 1386 536 1424 Anagnie,
558 1387 622 1416 VII
638 1386 798 1416 kalendas
817 1387 977 1422 octobris,
1001 1396 1087 1417 anno
1104 1396 1156 1417 se-

146 1439 265 1469 cundo.
286 1452 299 1466 »

222 1612 241 1639 1
251 1612 341 1640 524

183 1674 282 1701 Eidem
303 1674 398 1701 abbati
419 1673 552 1701 concedit
573 1674 736 1700 facultatem
760 1674 949 1701 benedicendi
966 1675 1158 1702 sacerdotales

148 1726 256 1756 vestes,
274 1723 362 1758 pallas
383 1722 481 1749 altaris
497 1726 524 1749 et
543 1723 702 1757 corporalia
723 1723 756 1749 ad
782 1731 853 1749 usus
872 1727 1033 1750 conventus
1050 1725 1077 1750 in
1095 1732 1158 1750 mo-

147 1772 274 1799 nasterio
291 1772 321 1799 S.
341 1771 484 1798 Edmundi
501 1775 528 1797 et
546 1771 680 1798 ecclesiis
695 1780 728 1798 ac
751 1772 868 1806 capellis
885 1771 977 1798 eidem
995 1772 1077 1806 pleno
1091 1773 1158 1806 jure

147 1821 300 1856 subjectis.
317 1820 402 1855 (Rea.
418 1821 468 1854 ⁶24,
486 1820 505 1847 f.
523 1820 585 1851 205,
602 1829 669 1847 ann.
688 1820 730 1852 II,
747 1829 773 1847 e.
791 1820 864 1853 447.)

676 1611 802 1646 Anagni,
820 1612 852 1639 ‘23
871 1613 989 1639 octobre
1007 1612 1085 1640 1256.

188 1935 200 1949 ιι
225 1923 345 1952 Eisdem
363 1923 544 1952 monasterii
564 1923 672 1952 Sancti
695 1923 874 1952 Eadmundi
894 1925 975 1961 reqz's
998 1929 1022 1953 et
1044 1925 1158 1953 marti-

146 1977 204 2012 ris,
222 1980 274 2005 etc.
295 1976 340 2006 Ut
359 1975 537 2014 apostolice
557 1975 634 2005 Sedi
649 1992 698 2004 —.
722 1976 795 2005 Dat.
812 1976 975 2014 Anagnie.
992 1977 1024 2006 X
1041 1977 1158 2007 kalen-

148 2029 205 2058 das
223 2027 425 2063 novembris,
444 2037 531 2057 anno
548 2028 704 2058 secundo.
725 2041 737 2055 1>

222 2201 336 2229 1525

183 2262 229 2289 Ad
246 2263 337 2289 instar
353 2261 486 2296 Gregorii
506 2270 596 2296 papae
613 2262 858 2296 praedecessoris,
882 2263 929 2297 qui
945 2263 1089 2297 quondam
1106 2264 1160 2290 ab-

148 2311 206 2338 bati
224 2310 392 2338 monasterii
408 2310 439 2337 S.
458 2310 618 2345 Augustini
634 2310 851 2338 Cantuariensis
871 2312 1018 2339 concessit
1039 2313 1160 2339 faculta-

148 2363 207 2387 tem
222 2359 452 2386 benedictionem
470 2358 555 2385 dandi
571 2359 676 2393 populo
696 2359 723 2385 in
749 2361 922 2387 monasterio
940 2364 968 2387 et
984 2361 1117 2387 ecclesiis
1133 2361 1161 2387 ei

150 2408 235 2444 pleno
247 2409 315 2443 jure
328 2407 483 2442 subjectis,
500 2407 630 2442 indulget
646 2407 740 2434 abbati
757 2409 910 2443 praesenti,
933 2413 963 2436 ut
980 2409 1161 2437 benedictio-

149 2465 215 2483 nem
238 2457 429 2492 sollempnem
452 2465 508 2491 que
530 2457 630 2491 incipit
645 2465 660 2482 a
676 2456 758 2483 laude
781 2458 949 2492 prophetica
965 2469 977 2482 a
995 2458 1039 2485 Sit
1056 2467 1160 2485 nomen

149 2504 266 2532 Domini
284 2504 481 2537 benedictum,
497 2516 510 2529 r»
528 2505 556 2531 in
573 2505 682 2531 eisdem
699 2507 873 2533 monasterio
889 2510 918 2533 et
933 2507 1084 2541 ecclesiis,
1104 2516 1159 2534 non

149 2557 303 2589 praesente
320 2554 454 2588 pontifice
471 2554 514 2580 vel
532 2554 626 2588 ipsius
649 2554 732 2581 Sedis
755 2555 860 2589 legato,
882 2556 1022 2590 impertiri
1047 2557 1161 2592 populis

150 2602 250 2628 valeat.
268 2601 352 2635 (Rea.
364 2602 410 2633 24,
427 2601 446 2628 f.
463 2602 526 2634 ⁶205,
540 2610 606 2628 ann.
621 2602 656 2634 ΙΙ,
676 2611 702 2629 c.
720 2603 794 2636 448.)

634 2200 761 2235 Anagni,
778 2201 812 2228 ‘26
827 2201 991 2235 septembre
1010 2201 1087 2228 1256.

192 2716 205 2731 ιι
229 2705 336 2733 Abbati
352 2705 533 2733 monasterii
550 2705 656 2734 Sancti
672 2706 840 2742 Aayustini
857 2707 1101 2743 Carztuaricrrsis7
1123 2709 1162 2737 ad

149 2758 319 2787 Romanam
332 2757 497 2786 Ecclesiam
510 2758 596 2786 nullo
612 2758 710 2787 medio
721 2759 916 2796 pertinentis,
932 2760 1051 2790 ordinis
1063 2762 1162 2790 sancti

150 2810 312 2839 Benedicti.
333 2810 378 2839 Ex
394 2809 560 2848 quondam
580 2833 612 2846 ..‚
632 2810 761 2841 abbatis
778 2829 826 2840 —.
845 2813 919 2842 Dat.
938 2813 1161 2851 Anagnie,VI

150 2861 310 2892 kalendas
326 2862 479 2899 octobris,
501 2872 587 2893 anno
605 2864 761 2894 secundo.
782 2876 794 2891 n

274 2927 498 2953 ALEXANDRE
517 2929 567 2959 1v⁷
587 2931 606 2953 t.
626 2929 645 2952 1.

1304 274 1418 301 1526

1266 334 1394 366 1111111101,
1420 344 1454 360 ne
1476 334 1728 360 administratores
1747 333 1876 366 ejusdem
1895 333 2061 359 monasterii
2078 331 2238 366 transgredi

1759 272 1884 306 Anagni,
1905 271 1937 298 ‘23
1954 272 2070 298 octobre
2089 272 2165 298 1‘256.

1232 384 1343 409 valeant
1355 386 1493 409 statutum
1507 383 1672 412 terminum,
1686 382 1712 408 in
1726 390 1781 416 quo
1794 380 1940 407 annuatim
1955 382 2091 407 rationem
2107 380 2239 406 reddunt.

1231 431 1372 464 (timet.
1392 432 1408 457 f.
1428 432 1489 461 905,
1508 440 1574 457 ann.
1592 430 1672 463 11,c.
1690 430 1764 462 449.)

1275 544 1288 559 a
1312 532 1430 561 Eisdem
1449 532 1550 560 abbati
1567 536 1592 559 ct
1614 532 1779 560 conventui
1797 531 1892 567 ipsias
1911 531 2101 558 monasterii.
2126 530 2171 559 Ex
2191 534 2239 559 te-

1234 593 1313 614 nore
1330 588 1438 613 vestre
1457 583 1627 622 petitionis
1645 583 1832 621 accepimus
1857 582 1954 621 quod,
1979 582 2056 612 licet
2082 605 2114 617 ..‚
2142 582 2240 612 celle-

1234 637 1355 671 rarius,
1367 641 1394 666 01
1407 636 1463 666 alii
1478 635 1635 666 officiales
1650 640 1679 665 et
1693 635 1994 665 amministratorcs
2011 635 2237 669 ecclesiarum,

1234 689 1459 719 maneriorum
1477 693 1507 718 et
1523 688 1772 726 possessionum
1787 687 2091 717 monasteriivestri
2109 692 2240 716 tenean-

1235 746 1288 771 tur
1305 741 1416 770 abbati
1429 741 1511 779 ejus.
1529 741 1585 779 qui
1603 741 1703 770 suerit
1718 749 1774 778 pro
1789 744 1944 778 tempore,
1967 749 2001 769 ac
2016 740 2114 769 ctiam
2127 749 2242 769 mona-

1236 794 1307 824 chis
1323 794 1463 832 ydoneis
1481 794 1593 823 adhoc
1607 803 1663 831 per
1680 803 1736 823 vos
1749 793 1883 831 provide
1896 793 2104 831 deputandis.
2120 793 2158 821 de
2176 793 2242 822 hiis

1236 846 1409 876 annuatim
1427 846 1562 876 reddere
1572 846 1670 875 certis
1682 846 1834 875 terminis
1847 845 2020 879 rationem,
2036 845 2118 883 ipsis
2134 850 2242 874 tamen

1236 900 1297 929 1100
1314 900 1442 929 efficere
1466 908 1530 928 non
1548 898 1754 932 curantibus,
1778 898 1902 927 dictum
1925 897 2165 926 monasterium
2191 897 2244 926 in-

1237 952 1340 981 currit
1357 951 1473 981 exinde
1491 960 1556 980 non
1574 950 1739 980 modicum
1759 950 2007 979 detrimentum.
2027 950 2094 979 Nos
2119 950 2242 988 itaque,

1237 1005 1357 1035 vestris
1375 1008 1406 1034 et
1424 1004 1531 1042 ipsius
1549 1002 1743 1032 monasterii
1763 1002 1947 1040 dispendiis
1970 1007 2107 1040 paterna
2128 1002 2162 1031 in
2184 1002 2245 1031 hac

1236 1061 1328 1096 parte
1353 1056 1578 1086 sollicitudine
1595 1064 1770 1093 precavere
1791 1055 1950 1089 volentes,
1969 1055 2039 1090 tibi,
2060 1054 2107 1083 fili
2130 1054 2243 1089 abbas,

1238 1115 1269 1141 et
1285 1110 1534 1140 successoribus
1553 1109 1629 1138 tuis.
1649 1118 1689 1138 ne
1706 1108 1928 1143 cellerarium,
1947 1108 2104 1138 officiales
2127 1112 2158 1137 et
2176 1117 2246 1137 am-

1237 1163 1483 1192 ministratores
1500 1162 1678 1191 eosdemin
1695 1161 1880 1191 exhibenda
1892 1164 1922 1190 et
1934 1161 2100 1190 reddenda
2118 1160 2246 1190 ratione

1238 1216 1349 1246 debita
1365 1215 1403 1245 de
1420 1215 1594 1253 premissis
1611 1218 1827 1244 statutuniet
1850 1217 2045 1243 consuetum
2068 1213 2248 1243 terminum

1240 1268 1426 1306 transgredi
1443 1267 1655 1306 permittatis,
1675 1267 1872 1296 auctoritate
1889 1266 2096 1304 presentium
2114 1265 2174 1295 sul]
2193 1274 2248 1295 ex-

1239 1321 1552 1352 communicationis
1581 1329 1667 1358 pena
1698 1320 1884 1349 districtius
1912 1319 2117 1348 inhibemus.
2154 1318 2248 1348 Nulli

1240 1380 1299 1405 etc.
1320 1379 1431 1404 nostre
1449 1374 1665 1403 inhibitionis
1684 1378 1743 1403 etc.
1764 1374 1837 1403 Dat.
1855 1372 2019 1410 Anagnie,
2037 1373 2067 1402 X
2088 1371 2248 1401 kalendas

1240 1428 1441 1462 novembris,
1463 1436 1549 1456 anno
1567 1426 1723 1456 secundo.
1743 1438 1756 1452 »

1314 1611 1428 1639 152?
1771 1608 1897 1643 Anagni,
1915 1608 1947 1634 ‘23
1964 1607 2081 1634 octobre
2102 1607 2178 1634 1⁶:56.

1276 1673 1346 1700 Cum
1366 1673 1572 1699 monasterium
1585 1672 1791 1698 Cantuariensc
1803 1679 1890 1705 grave
1903 1670 2023 1696 incurrit
2034 1669 2250 1701 detrimentum,

1240 1724 1307 1757 quia
1329 1722 1469 1748 bonorum
1495 1721 1588 1755 ipsius
1613 1720 1781 1746 commissio
1806 1719 1987 1745 secularibus
2007 1718 2157 1752 aliquando
2179 1718 2252 1744 facta

1240 1771 1304 1803 tuit,
1321 1770 1429 1796 eisdem
1447 1769 1542 1796 abbati
1555 1772 1582 1794 et
1599 1768 1753 1794 conventui
1771 1767 1890 1800 inhibet,
1905 1775 1938 1792 ne
1952 1767 2083 1792 decetero
2100 1765 2249 1797 ecclesias,

1242 1820 1384 1852 maneria,
1403 1826 1519 1844 nemora
1535 1821 1562 1843 et
1579 1816 1782 1852 possessiones
1799 1815 1900 1850 prefati
1918 1814 2083 1859 [portasterii
2100 1814 2252 1840 custodiae

1241 1868 1368 1902 alicujus
1388 1867 1528 1893 secularis
1545 1874 1696 1900 personae,
1713 1866 1822 1898 absque
1839 1872 1938 1890 eornm
1957 1863 2084 1889 unanimi
2101 1863 2249 1889 voluntate

1240 1917 1285 1943 vel
1312 1924 1458 1943 consensu
1484 1915 1602 1949 majoris
1626 1918 1654 1940 et
1679 1914 1803 1940 sanioris
1822 1914 1912 1947 partis
1937 1920 2054 1946 eorum,
2073 1911 2253 1938 committere

1242 1969 1436 2000 praesumant.
1455 1963 1537 1998 (itm.
1554 1964 1598 1993 ²24,
1616 1963 1636 1989 f.
1652 1963 1714 1991 205,
1732 1970 1798 1988 ann.
1816 1961 1853 1994 II,
1872 1969 1897 1987 0.
1916 1960 1988 1993 450.)

1250 2075 1252 2077 ·
1284 2079 1297 2092 (ι
1327 2066 1459 2095 Eisdem.
1495 2064 1703 2094 Provisionis
1737 2066 1844 2092 vestre
1878 2061 2054 2100 provenire
2092 2078 2141 2089 -—.
2174 2061 2248 2090 Dat.

1242 2119 1406 2157 Anagnie,
1425 2119 1456 2147 X
1472 2117 1630 2147 kalendas
1649 2115 1850 2150 novembris,
1870 2123 1957 2144 anno
1974 2114 2129 2144 secundo.
2151 2126 2164 2140 n

1316 2309 1437 2337 1528

1281 2371 1371 2397 Priori
1388 2374 1416 2397 et
1432 2369 1588 2396 conventui
1605 2367 1772 2394 monasterii
1789 2366 1818 2393 S.
1837 2367 1942 2394 Mariae
1958 2367 1993 2393 de
2009 2367 2188 2401 Giseburna,
2206 2376 2255 2394 or-

1243 2420 1319 2446 dinis
1335 2428 1360 2446 s.
1378 2419 1548 2453 Augustini,
1568 2417 1762 2443 Ebot-acensis
1775 2417 1910 2448 diocesis,
1924 2417 2030 2451 quibus
2044 2417 2134 2443 bonae
2145 2424 2256 2443 memo-

1243 2469 1301 2495 riae
1316 2468 1483 2498 Gualterus,
1500 2465 1694 2500 Glasguensis
1710 2466 1879 2500 episcopus,
1896 2473 1996 2491 omnes
2010 2464 2138 2491 decimas
2153 2465 2255 2498 garba-

1244 2525 1308 2543 rum
1336 2524 1369 2543 ac
1398 2515 1537 2550 quasdam
1564 2515 1769 2550 possessiones
1792 2513 1827 2539 ad
1852 2513 1992 2539 ecclesias
2017 2513 2051 2538 de
2077 2512 2254 2547 Logmaban,

1244 2566 1350 2596 Anant,
1369 2564 1569 2597 Cumbertres,
1586 2562 1771 2596 Gretenhou,
1790 2562 1939 2596 Rainpatri
1956 2565 1984 2588 et
2001 2561 2146 2596 Kirkpatri
2163 2560 2253 2595 perti-

1245 2618 1356 2647 nentes,
1374 2621 1448 2640 anno
1466 2611 1658 2643 mccxxiii,
1683 2610 1753 2637 XIV
1771 2610 1816 2636 die
1832 2610 1968 2641 octobris,
1987 2610 2015 2635 in
2035 2617 2105 2635 usus
2122 2609 2255 2644 proprios

1244 2666 1443 2693 concesserat,
1459 2662 1533 2688 banc
1548 2660 1769 2687 concessionem
1786 2659 1953 2692 confirmat,
1971 2658 2102 2692 ejusdcm
2123 2657 2254 2692 episcopi

1243 2713 1407 2740 donationis
1423 2711 1650 2738 instrumentum
1667 2709 1831 2736 inserendo,
1850 2708 1932 2742 (Rea.
1945 2708 1989 2739 ⁴24,
2006 2707 2025 2733 f.
2038 2707 2113 2738 205',
2130 2715 2196 2733 ann.
2214 2705 2253 2738 ΙΙ,

1245 2771 1270 2789 c.
1289 2762 1354 2792 451·,
1375 2761 1520 2788 Parmam
1539 2759 1645 2792 16571.)

1793 2306 1921 2340 Anagni,
1938 2307 1951 2332 7
1969 2305 2086 2332 octobre
2104 2306 2181 2333 1256.

1287 2876 1299 2890 <t
1329 2886 1360 2898 ..‚
1381 2863 1493 2900 priori,
1525 2866 1550 2890 et
1573 2859 1946 2890 conventui*monasterii
1971 2858 2079 2887 Sancte
2101 2857 2197 2885 Μανία
2221 2856 2258 2885 de

2094 2922 2123 2946 (50
