2498 3325
974 212 1197 250 PREMIERE
1219 212 1379 249 ANNEE.
2169 222 2224 250 177

127 287 234 327 ipsius
253 287 310 326 qui
331 290 427 316 erunt
447 295 504 324 pro
523 290 668 325 tempore
689 285 1041 317 excommunicationis
1058 294 1134 315 sen-

126 340 266 370 tentiam
290 339 455 377 proferas,
481 344 681 370 conventum
702 340 813 378 ipsum
835 338 964 369 sublato
990 337 1135 376 appella-

127 392 229 422 tionis
257 391 426 421 obstaculo
455 391 602 421 subicias
629 391 853 421 ecclesiastico
878 390 1074 425 interdicto,
1104 393 1136 419 et

129 444 256 474 tamdiu
271 443 424 473 abbatem
440 447 471 472 et
487 452 696 473 successores
712 443 818 481 ipsius
835 442 1135 472 excommunicatos

129 548 271 583 festivis,
289 548 430 586 pulsatis
449 548 618 586 campanis
635 552 665 578 et
683 547 829 577 candelis
847 546 1013 580 accensis,
1034 545 1137 575 donec

129 601 267 640 prefatis
284 600 523 631 mercatoribus
539 601 578 631 de
592 601 739 639 predicta
751 599 892 638 pecunia
906 607 979 628 cum
989 598 1090 637 justis
1107 602 1137 627 et

131 653 309 684 moderatis
338 653 490 691 expensis
518 662 555 683 ac
579 653 690 683 debita
716 652 895 682 refectione
920 651 1137 689 dampnorum

130 715 232 736 usura
251 706 385 736 omnino
399 710 549 736 cessante
564 706 666 736 suerit
685 706 904 735 satisfactum.
923 704 958 734 Si
974 712 1050 733 vero
1069 703 1138 732 dic-

131 764 184 789 tus
211 758 313 788 abbas
337 763 367 788 et
392 762 574 789 conventus
601 759 635 788 in
664 758 855 797 hujusmodi
881 756 1058 787 sententiis
1080 765 1138 794 per

131 812 212 841 duos
234 820 366 841 menses
385 811 645 849 permanserint,
668 811 708 840 ab
729 809 1017 840 administratione
1039 809 1138 847 spiri—

130 864 271 894 tualium
303 868 333 894 et
358 864 590 902 temporalium
617 863 800 902 suspendas
824 863 948 896 eodem,
973 862 1137 900 prefigens

129 917 212 956 ipsis
231 917 410 947 terminum
425 917 684 955 peremptorium
700 920 939 954 competentem
956 924 1019 954 quo
1036 914 1138 944 abbas

124 969 359 1008 personaliter,
378 973 559 999 conventus
576 978 653 999 vero
670 978 726 1007 per
742 972 972 1007 procuratores
988 968 1136 1003 idoneos,

130 1026 242 1052 nostro
263 1031 298 1052 se
314 1025 491 1060 conspectu
508 1026 749 1059 representem,
772 1030 892 1059 penam
913 1021 1058 1051 debitam
1080 1030 1138 1059 pro

129 1075 258 1105 meritis
274 1074 450 1112 recepturi.
469 1074 745 1104 Contradictores.
763 1075 836 1104 Non
854 1074 1005 1104 obstante
1020 1073 1138 1103 consti-

128 1127 256 1157 tutione
278 1126 425 1165 predicta
449 1126 501 1156 vel
524 1126 552 1156 si
574 1126 672 1156 dictis
696 1126 808 1156 abbati
833 1130 863 1156 et
887 1126 1064 1156 conventui
1085 1129 1140 1155 aut

131 1179 299 1218 aliquibus
327 1179 402 1209 aliis
426 1188 463 1209 ex
486 1179 611 1209 eisdem
637 1180 724 1218 quod
749 1179 1044 1215 excommunicari,
1071 1188 1140 1209 sus-

130 1231 230 1270 pendi
247 1231 297 1261 vel
316 1232 472 1262 interdici
493 1236 547 1261 aut
568 1232 740 1262 conveniri
761 1235 851 1261 extra
870 1236 962 1269 septa
978 1231 1138 1267 diocesis,

129 1284 182 1314 vel
196 1284 236 1314 ad
252 1284 451 1314 solutionem
469 1284 657 1323 aliquorum
673 1284 860 1314 debitorum
878 1285 943 1314 nisi
960 1285 1140 1315 creditores

130 1337 278 1375 legitime
298 1337 510 1375 probaverint
533 1346 571 1367 ea
589 1337 623 1366 in
644 1337 823 1367 utilitatem
842 1337 1065 1375 predictorum
1083 1337 1141 1367 ab-

131 1390 230 1425 batis,
252 1394 434 1419 conventus
457 1394 512 1419 aut
534 1390 729 1420 monasterii
747 1390 853 1420 fuisse
874 1399 1033 1420 conversa
1053 1399 1141 1420 com—

132 1443 211 1481 pelli
228 1452 293 1473 non
310 1442 441 1473 valeant
458 1452 475 1472 a
492 1443 574 1473 Sede
589 1443 768 1481 apostolica
780 1443 823 1473 sit
836 1443 1013 1479 indultum,
1028 1448 1058 1473 et
1069 1444 1140 1473 uni-

132 1496 238 1526 versis
259 1495 444 1534 privilegiis
467 1495 518 1526 vel
536 1496 657 1525 litteris
675 1495 865 1534 apostolicis
882 1496 1093 1534 generalibus
1110 1502 1141 1526 et

132 1548 333 1587 specialibus
356 1548 417 1578 sub
440 1557 648 1587 quacumque
670 1549 776 1578 forma
798 1548 973 1578 verborum
997 1548 1140 1579 obtentis

132 1606 162 1631 et
179 1601 380 1637 obtinendis,
401 1606 433 1631 et
451 1601 657 1640 quibuslibet
675 1601 750 1631 aliis
770 1610 828 1639 per
851 1610 913 1640 que
934 1601 969 1630 id
986 1601 1140 1639 impediri

131 1653 184 1684 vel
203 1654 331 1683 differri
349 1653 473 1689 valeat,
493 1658 523 1684 et
544 1654 582 1684 de
602 1654 724 1693 quibus
743 1659 774 1684 et
792 1663 905 1684 eorum
923 1654 999 1684 totis
1016 1654 1141 1684 tenori-

130 1707 193 1737 bus
219 1707 258 1737 de
284 1707 382 1737 verbo
407 1707 448 1736 ad
471 1707 609 1737 verbum
635 1707 768 1746 plenam
795 1712 826 1737 et
852 1716 1041 1745 expressam
1067 1707 1141 1737 fieri

131 1763 278 1798 oporteat
289 1759 324 1789 in
336 1759 546 1798 presentibus
558 1760 774 1795 mentionem,
789 1759 840 1789 vel
853 1760 881 1789 si
898 1760 976 1789 dicti
991 1759 1092 1790 abbas
1110 1764 1141 1789 et

131 1816 312 1842 conventus
331 1812 553 1850 crucesignati
570 1812 637 1842 sint
653 1812 705 1842 vel
720 1812 947 1850 crucesignari
963 1821 1018 1842 eos
1034 1812 1140 1842 conti-

131 1865 214 1903 gerit
231 1870 262 1895 et
279 1865 499 1906 indulgentiis
516 1874 580 1904 que
599 1875 617 1895 a
634 1866 782 1904 predicta
799 1866 882 1896 Sede
899 1865 1140 1903 crucesignatis

130 1918 330 1956 generaliter
352 1918 404 1948 vel
426 1927 540 1948 eorum
563 1919 733 1958 aliquibus
759 1918 949 1958 specialiter
976 1919 1044 1948 sint
1065 1927 1139 1949 con-

129 1979 221 2001 cesse
254 1970 306 2000 vel
338 1970 556 2009 imposterum
591 1971 825 2002 concedentur.
859 1972 933 2001 Dat.
967 1971 1133 2009 Anagnie,

129 2024 176 2054 VI
190 2023 351 2054 kalendas
364 2024 453 2063 julii,
473 2032 559 2054 anno
575 2025 693 2063 primo.
714 2037 726 2051 »

199 2204 287 2233 5139

165 2265 261 2292 Nobili
277 2267 338 2292 viro
355 2266 456 2300 Sergio
473 2266 617 2300 Siginulfi,
635 2267 691 2293 civi
707 2266 911 2302 Neapolitano,
930 2267 1046 2293 feudum
1063 2267 1138 2300 quod

129 2315 272 2350 quondam
301 2314 450 2342 Johannes
479 2315 642 2350 Thesonus,
675 2316 757 2342 miles
786 2316 966 2347 Aversanus,
994 2317 1086 2343 tenuit
1110 2317 1138 2343 in

130 2364 259 2396 Aversa,
285 2364 318 2390 ad
346 2363 460 2390 Curiam
483 2373 532 2399 per
558 2364 755 2391 excadentiam
777 2364 942 2391 devolutum
969 2369 997 2392 et
1022 2365 1078 2400 ipsi
1104 2366 1138 2392 ab

131 2412 307 2447 OIctaviano]
333 2421 357 2440 s.
379 2413 485 2440 Mariae
506 2414 533 2439 iu
556 2413 609 2440 Via
630 2413 699 2440 Lata
714 2414 834 2440 diacono
855 2414 997 2440 cardinale
1017 2422 1138 2441 conces-

130 2469 206 2492 sum,
223 2461 385 2492 confirmat,
405 2469 459 2488 non
479 2462 610 2488 obstante
629 2462 706 2488 feudi
725 2462 915 2489 concessione
938 2461 1138 2489 Bai-tholomeo

131 2509 166 2537 de
181 2509 284 2537 But-sis
295 2532 301 2542 ‚
325 2509 408 2536 militi
424 2511 592 2544 Aversano,
611 2519 626 2536 a
640 2510 783 2544 quondam
801 2510 931 2537 Conrado
947 2514 976 2537 et
992 2511 1138 2538 Manfredo

130 2558 214 2586 facta.
235 2558 316 2594 (Rau.
333 2558 379 2593 ⁶24,
395 2567 421 2585 c.
439 2558 500 2590 469,
518 2559 536 2585 f.
555 2558 606 2590 70;
626 2558 805 2592 Ronssunene,
824 2563 844 2586 t.
861 2559 914 2590 ΙΙΙ,
933 2565 964 2586 n⁰
978 2559 1051 2594 401.)

715 2205 841 2239 Anagni,
859 2205 889 2231 21
906 2206 970 2240 juin
989 2205 1065 2232 1‘255.

174 2672 186 2687 «
204 2661 304 2690 Nobili
326 2662 391 2689 viro
411 2661 515 2698 Seryio
537 2660 699 2698 Sissimtlfi,
722 2662 785 2690 civi
806 2662 1004 2699 Neapolitano
1027 2661 1075 2700 (1).
1100 2662 1140 2691 Et

130 2713 215 2743 ratio
230 2713 375 2752 postulat
391 2717 422 2743 et
440 2713 570 2752 quietas
583 2713 770 2752 persuadet,
791 2718 827 2743 ut
843 2718 1032 2744 nostrorum
1045 2714 1139 2744 devo-

131 2768 255 2799 tionem
275 2768 425 2799 fidelium
443 2767 621 2807 apostolice
641 2768 859 2807 benignitatis
875 2769 1046 2799 favoribus
1063 2778 1139 2808 pro-

161 2886 194 2916 (l)
211 2889 252 2910 En
271 2893 367 2916 marga
380 2888 418 2910 du
434 2888 452 2915 s.
469 2889 497 2910 70
514 2895 520 2910 :
538 2895 549 2909 (1
562 2887 607 2910 hic
622 2887 723 2917 incipe.
738 2895 749 2909 n

255 2942 478 2968 ALEXANDRE
496 2943 547 2974 IV,
567 2946 586 2967 t.
605 2944 624 2967 1.

1217 293 1406 323 sequamur.
1432 286 1517 315 Sane
1539 286 1713 325 p0r[r]ecta
1736 286 1831 315 nobis
1855 295 1892 315 ex
1912 290 2003 324 parte
2028 291 2084 316 tua
2108 287 2223 325 petitio

1218 338 1418 371 continebat,
1438 339 1524 377 quod
1540 339 1679 369 dilectus
1699 339 1787 368 filius
1805 343 1916 369 noster
1932 339 1982 374 O.,
1996 343 2107 370 sancte
2120 340 2224 370 Marie

1176 400 1179 431 ζ
1218 389 1252 417 111
1269 389 1332 419 Via
1350 390 1428 419 Lata
1445 390 1604 420 diaconus
1623 391 1819 425 cardinalis,
1838 391 2014 429 apostolice
2031 392 2126 422 Sedis
2139 392 2224 430 lega-

1178 435 1180 477 ]
1219 444 1289 475 tus,
1322 442 1440 471 merita
1470 446 1523 472 tue
1549 443 1732 473 devotionis
1758 443 1948 474 attendens,
1977 444 2111 473 feudum
2139 445 2224 483 quod

129 496 232 526 facias
257 495 388 534 publice
414 495 568 524 nunciari
594 495 737 533 singulis
764 495 881 524 diebus
907 493 1083 523 dominicis
1106 497 1137 522 et
1177 482 1180 517 l

1220 494 1382 530 quondam
1401 494 1571 524 Johannes
1588 495 1771 526 Tbesonus.
1790 495 1886 525 miles
1902 496 2103 527 Aversanus.
2120 497 2225 527 tenuit

1220 545 1254 573 in
1273 546 1397 574 Aversa
1417 550 1447 575 et
1465 547 1535 584 ejus
1552 547 1762 584 pertinentiis
1781 547 1820 575 ad
1835 547 1967 577 Curiam
1989 557 2045 585 per
2067 549 2226 578 excaden-

1221 598 1300 627 tiam
1317 598 1505 627 devolutum
1532 608 1606 629 cum
1630 599 1784 629 omnibus
1807 600 1939 638 juribus
1962 605 1992 629 et
2014 601 2226 638 pertinentiis

1221 650 1304 680 suis.
1334 650 1372 679 de
1403 651 1540 688 speciali
1568 652 1723 680 mandato
1755 655 1867 681 nostro
1899 660 2022 690 sueque
2052 653 2227 690 legationis

1222 703 1428 737 auctoritate,
1456 703 1515 731 tibi
1537 707 1568 732 et
1586 704 1653 733 tuis
1676 703 1855 733 heredibus
1875 704 1965 733 duxit
1983 705 2016 733 in
2034 710 2226 743 perpetuum

1221 755 1467 784 concedendum
1485 760 1516 784 et
1532 755 1611 784 fecit
1628 760 1658 785 te
1672 755 1707 784 in
1725 756 1830 793 ipsius
1844 756 1934 785 feudi
1946 757 2146 794 corporalem
2159 767 2227 795 pos-

1222 807 1404 836 sessionem
1428 807 1556 841 induci,
1581 812 1676 845 prout
1696 808 1731 836 in
1748 808 1869 837 litteris
1885 808 1961 837 inde
1978 810 2137 839 consectis
2161 810 2228 848 plc-

1222 859 1297 889 nius
1315 859 1513 889 continetur.
1534 860 1613 889 Tuis
1633 860 1736 897 igitur
1751 860 1877 889 devotis
1894 861 2047 898 precibus
2064 861 2226 891 inclinati.

1222 912 1470 942 concessionem
1493 911 1682 950 hujusmodi
1708 916 1812 941 ratam
1842 910 2002 942 babentes
2033 917 2063 943 et
2091 918 2227 951 gratam,

1222 965 1345 994 dictum
1363 964 1510 996 feudum,
1527 974 1592 994 non
1612 965 1762 994 obstante
1777 965 1863 1003 quod
1879 965 2043 1003 quondam
2058 966 2229 995 Conradus

1222 1022 1253 1046 et
1273 1017 1483 1048 Mansredus,
1505 1017 1573 1046 uati
1591 1017 1756 1055 quondam
1774 1018 1826 1046 Fr.
1847 1017 2071 1055 imperatoris,
2094 1018 2230 1047 Bartho-

1222 1070 1327 1100 lonieo
1344 1070 1382 1099 (le
1406 1070 1535 1103 Bursis,
1556 1069 1655 1098 militi
1674 1071 1855 1104 Aversano,
1871 1070 1928 1108 qui
1946 1074 2078 1107 propter
2096 1071 2232 1100 indevo-

1223 1124 1347 1153 tionem
1364 1132 1458 1153 suam
1477 1123 1515 1152 de
1533 1123 1687 1152 mandato
1701 1123 1795 1152 Sedis
1811 1122 1987 1160 apostolice
2007 1124 2131 1153 carceri
2148 1124 2231 1153 ‹leti-

1224 1180 1331 1211 netur,
1347 1175 1470 1205 dictum
1488 1175 1624 1205 feudum
1638 1175 1843 1204 concessisse
1860 1175 2027 1209 dicuntur,
2044 1176 2232 1214 0101101110-

1223 1229 1296 1259 licis
1329 1228 1567 1258 recordatiouis
1597 1230 1620 1258 I.
1654 1238 1737 1266 papa
1766 1228 1978 1266 predecessor
2003 1233 2125 1263 noster,
2155 1229 2232 1258 (lum

1222 1282 1311 1313 idem
1333 1282 1587 1311 Bai-tholomeus
1613 1281 1646 1310 iu
1665 1281 1811 1310 Ecclesie
1832 1281 2005 1310 devotione
2027 1282 2228 1319 persisteret,

1223 1339 1342 1370 castra,
1365 1335 1464 1364 feuda
1487 1339 1517 1364 ct
1537 1334 1600 1363 alia
1625 1344 1687 1372 quc
1704 1334 1791 1364 idem
1815 1336 1867 1363 Fr.
1886 1339 1916 1364 et
1932 1335 2103 1365 Conradus
2125 1336 2231 1365 eidem

1223 1389 1259 1418 B.
1278 1388 1473 1422 contulerat,
1491 1392 1526 1417 ut
1541 1387 1672 1422 dicitur,
1689 1387 1911 1422 confirmavit3
1927 1396 2001 1417 cum
2017 1388 2104 1417 idem
2119 1388 2232 1417 31111-

1223 1442 1313 1471 nime
1334 1441 1369 1470 in
1389 1429 1539 1480 ejusdem
1562 1440 1709 1470 Ecclesie
1729 1440 1937 1470 devotionem
1955 1441 2152 1478 perstiterit,
2172 1441 2231 1470 tibi

1222 1495 1258 1524 in
1274 1495 1446 1524 devotione
1464 1494 1611 1523 Ecclesie
1627 1494 1820 1531 persistenti
1841 1494 2035 1523 auctoritate
2053 1493 2231 1531 apostolica

1223 1548 1457 1578 confirmamus
1467 1551 1527 1577 etc.
1542 1556 1647 1585 usque
1659 1557 1664 1575 :
1675 1547 1929 1576 communimus.
1942 1546 2036 1577 Nulli
2049 1551 2110 1576 etc.
2121 1552 2231 1577 nostre

1223 1600 1485 1631 confirmationis
1510 1604 1570 1629 etc.
1596 1601 1670 1629 Dat.
1695 1599 1857 1637 Anagnie,
1886 1600 1935 1629 XI
1956 1599 2115 1630 kalendas
2140 1599 2230 1639 julii.

1224 1663 1310 1684 anno
1327 1653 1445 1691 primo.
1465 1665 1478 1679 »

1294 1831 1383 1860 520

1259 1894 1366 1920 Abbati
1382 1902 1406 1921 s.
1422 1893 1529 1934 §latiae
1551 1893 1585 1918 de
1602 1892 1723 1925 Corona,
1741 1893 1850 1919 ordinis
1867 1901 1893 1919 s.
1909 1893 2083 1927 Augustini,
2101 1892 2233 1927 Engolis-

1799 1830 1925 1864 Anagffi,
1945 1830 2067 1864 7juillet
2084 1830 2162 1857 1255.

1223 1944 1333 1970 mensis
1344 1943 1479 1976 diocesis,
1493 1942 1519 1968 in
1534 1943 1668 1968 ecclesiis
1679 1950 1778 1968 curam
1790 1942 1948 1968 animarum
1965 1941 2147 1973 habentibus,
2161 1950 2232 1975 quas

1222 1993 1251 2018 in
1268 1991 1444 2018 Bituricensi
1456 1994 1484 2017 ct
1496 1991 1706 2025 Burdegalensi
1722 1991 1879 2024 provinciis
1892 1991 2097 2016 monasterium
2111 1990 2229 2019 obtinet,

1221 2041 1433 2068 institutionem
1450 2043 1478 2066 et
1497 2039 1716 2066 destitutionem
1737 2039 1888 2065 confirmat
1907 2042 2060 2065 rectorum.
2083 2038 2166 2071 (Rae.
2186 2038 2230 2069 ⁶24,

1222 2098 1248 2118 c.
1265 2090 1326 2120 470.
1344 2089 1364 2116 f.
1381 2089 1436 2122 70.)

1264 2204 1276 2218 κ
1298 2215 1329 2227 ..,
1348 2192 1449 2220 abbati
1470 2196 1495 2220 et
1514 2191 1678 2220 conventui
1696 2190 1876 2218 monasterii
1895 2194 1996 2218 sancte
2016 2190 2110 2218 Marte
2128 2190 2161 2218 de
2178 2190 2232 2219 Co-

1221 2254 1309 2277 rona,
1319 2245 1438 2274 ordinis
1446 2244 1732 2281 sanctiAuqustim‘,
1744 2243 1980 2279 Enyolismensis
1989 2242 2124 2270 diocesis.
2135 2241 2230 2275 Cum,

1222 2299 1308 2328 sicut
1324 2307 1361 2327 ex
1377 2301 1469 2335 parte
1488 2300 1597 2326 vestra.
1616 2296 1711 2325 nobis
1728 2295 1835 2325 extitit
1854 2294 2056 2329 intimatum,
2074 2294 2109 2323 in
2127 2294 2231 2323 eccle-

1222 2351 1282 2381 siis
1298 2359 1412 2380 curam
1433 2349 1620 2378 animarum
1643 2348 1844 2378 habentibus
1866 2356 1948 2385 quas
1969 2347 2004 2375 in
2028 2346 2232 2376 Bituricensi

1222 2408 1252 2434 et
1266 2403 1507 2441 Bur-‹legalensi
1519 2401 1699 2440 provinciis
1716 2400 1884 2436 obtinetis,
1902 2400 1941 2429 ad
1956 2400 2091 2429 abbates
2103 2409 2231 2429 monas-

1222 2457 1297 2487 terii
1313 2456 1415 2486 vestri
1434 2456 1491 2494 qui
1507 2459 1585 2485 sunt
1600 2464 1657 2493 pro
1675 2459 1818 2492 tempore
1837 2457 1999 2483 rectorum
2018 2452 2184 2482 institutio
2202 2458 2232 2482 et

1221 2509 1408 2544 destitutio,
1427 2509 1527 2538 etiam
1544 2507 1747 2546 irrequisitis
1771 2506 1934 2544 episcopis
1950 2505 1984 2534 in
2002 2514 2143 2544 quorum
2161 2505 2232 2535 dio-

1221 2563 1353 2593 cesibus
1372 2561 1510 2592 ecclesie
1532 2561 1676 2599 predicte
1694 2560 1898 2593 consistunt,
1918 2559 1956 2588 de
1974 2558 2111 2596 antiqua
2128 2562 2159 2588 et
2176 2558 2232 2596 ap-‘

1220 2615 1358 2654 probata
1380 2618 1410 2644 et
1435 2614 1597 2643 hactenus
1624 2612 1759 2650 pacifice
1787 2612 1961 2641 observata
1989 2610 2229 2640 consuetudine

1220 2667 1316 2706 plene
1336 2666 1500 2704 pertinere
1519 2669 1711 2699 noscuntur,
1735 2674 1793 2693 nos
1812 2663 1948 2693 obtentu
1967 2662 2140 2699 religionis
2157 2671 2231 2692 ves-

1223 2725 1269 2750 tre
1286 2719 1457 2758 cupicntes
1483 2718 1576 2748 vobis
1597 2722 1706 2748 vestra
1723 2718 1799 2756 jura
1820 2717 1949 2754 integra
1966 2719 1996 2745 et
2020 2715 2148 2744 illibata
2166 2724 2230 2744 scr-

1222 2781 1313 2807 vare,
1343 2771 1401 2801 illa
1430 2771 1523 2801 vobis
1553 2770 1749 2801 auctoritate
1776 2768 1955 2807 apostolica
1984 2768 2228 2799 confirmantes,

1221 2824 1406 2855 districtius
1422 2823 1625 2859 inhibemus,
1645 2833 1685 2853 ne
1699 2823 1774 2862 quis
1791 2832 1847 2852 vos
1864 2827 1895 2852 et
1908 2821 2147 2852 monasterium
2162 2829 2230 2850 ves-

1221 2881 1309 2907 trum
1326 2886 1424 2915 super
1440 2876 1596 2915 predictis
1612 2875 1824 2906 institutione
1843 2878 1874 2904 et
1890 2873 2104 2904 destitutione
2121 2872 2231 2902 taliter

2078 2939 2108 2962 ‘23
