2498 3325
267 249 322 278 426

270 378 282 392 11

270 431 282 445 1)

269 483 282 496 )1

269 536 281 550 1)

269 588 281 602 11

268 640 281 655 ))

268 747 281 760 1)

270 798 284 813 1)

269 852 282 867 >i

268 958 281 972 11

268 1011 280 1025 ))

268 1116 280 1130 1)

267 1168 280 1183 )1

266 1220 279 1235 1)

265 1327 277 1341 1)

265 1380 278 1394 11

265 1433 278 1448 1)

265 1486 278 1500 11

265 1539 278 1553 )1

266 1592 278 1606 1)

266 1644 279 1658 1)

266 1697 278 1711 1)

266 1750 280 1763 1)

267 1803 279 1816 1)

267 1854 279 1869 1)

267 1907 279 1921 11

267 1960 280 1975 1)

267 2013 280 2027 1)

267 2066 279 2080 1)

267 2119 279 2132 1)

268 2170 280 2184 11

268 2223 280 2237 11

269 2275 281 2289 1)

268 2328 280 2342 1)

270 2381 282 2395 )1

270 2434 282 2447 )1

270 2485 283 2500 11

270 2538 282 2552 11

271 2591 283 2605 1)

271 2643 283 2657 1)

271 2695 283 2709 11

271 2748 284 2762 1)

272 2800 285 2815 11

272 2853 285 2867 1)

272 2905 286 2920 )1

310 325 322 339 »
349 311 560 343 Postmodum
582 315 691 341 autem
715 310 902 348 sepedictus
925 310 1080 340 dominus
1101 333 1133 345 ..,
1157 319 1275 348 prepo-

309 366 371 395 sito
388 363 597 399 Novaricnsi,
612 372 669 401 per
685 372 762 392 suas
778 362 923 401 injunxit
938 362 1077 399 litteras,
1091 366 1126 392 ut
1139 362 1276 401 preben-

308 418 381 447 dam
404 426 467 456 que
486 417 592 455 primo
618 420 749 446 vacaret
771 416 805 444 in
831 415 978 454 predicta
1000 415 1155 451 ecclesia,
1176 424 1275 455 quam

307 470 414 500 eidem
428 468 581 507 scriptori
595 468 829 498 conferendam
848 468 1026 507 apostolice
1043 468 1214 498 donationi
1228 477 1276 498 re-

307 532 459 558 servans,
478 522 622 552 decrevit
639 522 772 551 irritum
788 526 817 551 et
836 522 950 557 inane,
968 521 1127 561 quicquid
1143 522 1182 552 de
1204 522 1276 560 ipsa

306 580 415 614 preter
444 575 634 605 mandatum
663 574 880 613 apostolicum
903 574 1109 612 contingeret
1136 579 1276 613 attemp-

307 628 387 662 tari,
415 628 521 657 eidem
542 627 695 666 scriptori
719 628 894 656 conferret.
922 627 1189 658 Contradictores
1213 632 1273 658 etc.

307 682 380 711 Non
397 680 607 709 obstantibus
624 680 653 710 si
669 680 702 708 in
725 680 838 709 eadem
861 680 1001 710 ecclesia
1023 679 1146 719 aliqui,-
1162 686 1275 711 aucto-

306 734 404 763 ritate
420 734 526 771 ipsius
549 733 675 763 domini
701 724 887 763 Innocentii
908 732 958 762 vel
977 732 1159 771 legatorum
1179 733 1274 764 Sedis

310 786 488 825 apostolice
510 790 565 815 aut
588 790 677 815 motu
704 786 835 824 proprio
858 786 964 824 ipsius
983 785 1133 821 ecclesie,
1152 786 1274 826 recepti

307 840 462 874 fuissent,
482 839 603 878 quibus
627 839 750 869 dictum
773 839 967 877 scriptorem
984 839 1138 869 dominus
1155 839 1275 878 ipsein

306 892 471 931 prebende
485 892 694 922 assecutione
709 891 994 928 voluitanteserri,
1011 892 1139 922 sicutin
1151 892 1275 922 eisdem

307 945 428 975 litteris
458 945 657 975 continetur.
690 946 826 983 Propter
852 954 915 983 que
941 945 1141 975 sententiam
1161 954 1219 984 pro
1242 954 1276 975 se

306 998 435 1028 dicebat
454 1008 525 1027 esse
543 998 723 1027 ferendam.

309 1064 320 1077 »
339 1051 491 1081 Ceterum
510 1050 548 1079 ad
567 1050 625 1080 hee
643 1050 811 1088 respondit
829 1050 1088 1089 archipresbiter
1105 1051 1276 1089 supradic-

308 1107 373 1139 tus,
399 1103 485 1141 quod
508 1112 679 1141 nunquam
705 1103 768 1132 suit
791 1103 990 1133 intentionis
1009 1104 1130 1141 prefati
1150 1104 1275 1133 domini

306 1155 504 1189 Innocentii,
530 1155 617 1193 quod
643 1164 701 1193 per
724 1155 854 1194 aliquas
876 1155 1005 1185 litteras
1030 1156 1093 1194 ipsi
1122 1157 1275 1195 scriptori

305 1216 479 1238 concessas
496 1207 629 1237 deberet
646 1208 709 1237 sibi
727 1207 861 1246 aliquod
876 1208 1096 1247 prejudicium
1109 1209 1272 1246 generari.

307 1274 318 1287 ι)
337 1262 404 1290 Nos
417 1261 529 1298 igitur,
547 1260 670 1290 auditis
685 1265 715 1290 et
733 1260 912 1290 intellectis
929 1261 1114 1291 rationibus
1131 1263 1275 1300 partium

304 1315 491 1351 diligenter,
509 1318 539 1343 et
555 1314 676 1343 tradita
690 1314 785 1343 nobis
798 1324 815 1344 a
828 1315 974 1352 predicto
988 1315 1120 1345 domino
1137 1315 1275 1346 Alexan-

303 1368 360 1397 dro
379 1376 461 1405 papa
482 1368 553 1397 vive
575 1368 664 1397 vocis
688 1367 820 1397 oraculo
838 1367 988 1406 plenaria
1004 1373 1165 1406 potestate
1187 1370 1276 1399 ordi-

304 1421 416 1455 nandi,
443 1421 645 1453 diffiniendi,
674 1421 858 1457 statuendi,
883 1422 1088 1460 precipiendi
1113 1427 1142 1452 et
1166 1423 1275 1461 provi-

303 1474 401 1503 dendi
434 1474 472 1503 de
505 1474 590 1503 dieta
620 1474 802 1511 prebenda,
830 1479 860 1503 et
886 1483 957 1504 eam
985 1475 1273 1513 contingentibus,

303 1527 391 1557 inter
407 1527 537 1556 eosdem
556 1527 873 1565 archipresbiterum
891 1532 920 1557 et
937 1528 1129 1566 scriptorem
1145 1538 1207 1567 que
1221 1538 1275 1558 ex-

303 1579 471 1617 pedientia
484 1584 513 1609 et
526 1579 622 1609 utilia
635 1580 835 1614 videremus,
851 1580 1052 1618 prebendam
1069 1581 1186 1619 ipsam,
1200 1590 1275 1611 cum

305 1632 600 1670 omniluisjuribus
618 1636 648 1661 et
664 1632 876 1670 pertinentiis
893 1633 974 1667 suis,
989 1633 1075 1663 dicto
1092 1634 1274 1672 archipres-

306 1685 410 1714 bitero
428 1685 666 1723 adjudicamus,
681 1690 709 1714 et
726 1685 765 1714 ad
781 1695 855 1714 eum
868 1686 1034 1724 pertinere
1051 1686 1272 1721 decernimus,

306 1748 340 1767 ac
356 1738 599 1767 sententialiter
611 1738 828 1772 declaramus,
848 1739 993 1776 predicto
1010 1739 1162 1777 scriptori
1177 1749 1275 1778 super

306 1801 343 1819 ea
360 1795 553 1828 perpetuum
572 1790 743 1819 silentium
761 1791 988 1829 imponentes,
1009 1802 1083 1821 cuni
1105 1797 1214 1822 tamen
1235 1793 1274 1822 ab

305 1843 511 1880 impetitione
531 1843 609 1871 dicti
633 1843 923 1881 archipresbiteri,
943 1854 1041 1882 super
1058 1847 1220 1884 perceptis
1238 1856 1275 1876 cx

306 1896 470 1934 prebenda
493 1896 563 1934 ipsa
585 1896 748 1925 fructibus
773 1901 801 1925 et
826 1897 923 1926 etiam
947 1899 1099 1936 expensis
1120 1899 1153 1927 iu
1176 1908 1276 1928 causa

295 1949 401 1978 'sactis
423 1948 623 1987 hujusmodi,
644 1949 853 1979 absolvendo.
876 1951 938 1979 Pro
959 1950 1042 1980 bono
1059 1956 1167 1980 autem
1185 1952 1275 1989 pacis

305 2006 333 2030 vt
354 2002 544 2032 concordie,
563 2002 601 2031 de
622 2002 757 2040 speciali
777 2003 930 2032 mandato
949 2004 1074 2033 domini
1090 2013 1189 2042 pape,
1209 2010 1275 2034 sta-

306 2054 430 2083 tuimus
447 2059 475 2084 ct
494 2055 687 2084 ordinamus
707 2056 793 2093 quod
818 2056 903 2085 idem
928 2057 1186 2095 arcl‘iipresbiter
1204 2062 1276 2088 tan-

305 2106 361 2135 diu
378 2107 463 2136 111610
487 2107 640 2145 scriptori
664 2108 759 2137 XXX
780 2108 882 2138 libras
901 2118 1109 2140 mezanorum
1133 2120 1277 2141 56111116-

306 2159 461 2193 dietatem
483 2165 701 2197 proventuum
722 2161 828 2198 ipsius
844 2161 1025 2199 prebende,
1046 2167 1141 2200 prout
1162 2173 1276 2202 accep-

308 2212 423 2241 taverit
450 2213 519 2250 ipse
547 2213 697 2250 scriptor,
723 2214 875 2243 exhibeat
900 2216 1084 2244 annuatim.
1113 2216 1163 2245 Ad
1190 2217 1277 2256 quod

308 2264 429 2294 dictum
448 2265 762 2302 archipresbiterunt
784 2271 813 2296 et
836 2267 1035 2305 prebendam
1052 2269 1157 2306 ipsam
1173 2269 1277 2308 scrip-

308 2316 368 2345 tori
386 2316 571 2353 obligamus
589 2318 713 2353 eidem,
732 2319 833 2349 donec
852 2328 916 2349 non
935 2320 1041 2350 solum
1058 2322 1225 2359 prebenda
1242 2323 1276 2352 in

308 2369 445 2399 ecclesia
466 2375 644 2399 memorata
663 2373 825 2401 vacaverit
846 2377 875 2402 et
897 2374 1024 2404 fructus
1040 2376 1223 2413 perceperit
1240 2385 1277 2406 ex

309 2422 433 2457 cadmi,
455 2423 512 2451 sed
529 2423 628 2453 etiam
644 2424 746 2453 donec
763 2425 868 2462 ipsam
890 2427 1018 2464 integre
1034 2428 1218 2465 possederit
1241 2438 1277 2459 ac

309 2475 408 2504 etiam
429 2475 500 2505 sine
521 2475 588 2505 lite.
610 2477 658 2505 Ad
680 2486 818 2515 quorum
836 2478 1033 2510 solutionem
1051 2481 1172 2511 festum
1189 2481 1277 2512 beati

310 2526 482 2557 Michaelis
505 2528 681 2557 terminum
704 2529 916 2567 deputamus,
943 2531 1090 2563 volentes
1117 2534 1222 2572 quod.
1249 2535 1277 2564 si

310 2579 416 2609 dictus
438 2579 695 2617 archipresbiter
720 2582 753 2610 in
777 2582 847 2620 ipso
873 2584 1012 2613 termino
1035 2585 1156 2615 dictam
1179 2595 1278 2624 pecu-

310 2631 399 2661 niam
428 2640 487 2661 seu
505 2632 715 2662 medietatem
739 2634 844 2672 ipsius
868 2636 1032 2673 prebende
1057 2643 1278 2676 proventuum

310 2684 372 2722 ipsi
391 2684 543 2722 scriptori
561 2689 617 2714 aut
635 2687 838 2723 procuratori
856 2696 930 2724 suo,
949 2698 1007 2727 pro
1027 2699 1082 2726 eo,
1100 2699 1166 2720 non
1184 2691 1278 2722 exhi-

310 2736 429 2772 buerit,
445 2741 480 2766 ut
492 2741 541 2766 est
556 2736 690 2774 dictum,
705 2739 743 2768 ad
758 2739 948 2779 hujusmodi
963 2742 1202 2774 exhibitionem
1220 2754 1278 2783 per

310 2789 419 2827 ipsum
449 2789 642 2828 scriptorem
670 2791 721 2821 vel
754 2798 1000 2830 procuratorem
1026 2804 1122 2826 suum
1150 2797 1278 2836 requiri

310 2841 441 2877 debeat,
472 2846 503 2871 et
530 2842 558 2872 si
582 2843 782 2882 requisitus,
812 2850 975 2876 transacto
1008 2849 1160 2885 termino,
1189 2850 1278 2881 infra

312 2903 412 2924 unum
438 2904 585 2926 mensem
610 2900 683 2934 post
704 2897 957 2936 requisitionem
978 2900 1157 2938 predictam
1179 2911 1279 2941 pecu-

1361 322 1374 336 11

1360 374 1373 388 11

1360 427 1373 442 71

1361 481 1373 495 1)

1361 534 1373 548 1)

1361 588 1373 602 ))

1361 641 1373 655 1)

1361 694 1373 708 1)

1360 748 1373 762 J)

1361 801 1373 815 1)

1360 852 1373 866 1)

1360 906 1372 920 ))

1360 959 1372 973 B

1360 1012 1372 1025 ))

1360 1064 1373 1078 11

1361 1118 1373 1130 1)

1360 1170 1373 1184 1)

1361 1222 1373 1236 1)

1361 1275 1373 1290 >i

1361 1328 1373 1342 1)

1361 1381 1373 1395 1)

1361 1435 1373 1448 1)

1361 1487 1373 1501 ))

1361 1541 1373 1554 1)

1360 1594 1372 1607 1)

1360 1646 1372 1660 1)

1360 1699 1365 1712 1

1360 1751 1372 1765 1)

1360 1804 1372 1818 1)

1361 1858 1372 1871 1)

1361 1912 1372 1925 1)

1360 1964 1372 1978 >J

1361 2071 1373 2084 )}

1361 2123 1373 2137 1)

1362 2176 1374 2190 11

1362 2228 1374 2242 1)

1362 2281 1374 2294 11

1362 2334 1374 2347 ))

1362 2387 1374 2401 i)

1363 2440 1375 2454 1)

1363 2493 1375 2507 1)

1363 2546 1376 2560 1)

1363 2599 1376 2614 1)

1363 2652 1376 2666 1)

1363 2704 1376 2718 11

1363 2757 1378 2772 1)

1364 2810 1377 2824 1)

1364 2862 1377 2877 i)

1363 2915 1377 2931 1)

992 245 1231 275 REGISTRES
1253 245 1560 277 D'ALEXANDRE
1583 248 1640 278 IV.

1399 311 1489 340 niam
1521 320 1580 342 seu
1610 313 1821 344 medietatem
1855 313 2020 352 prebende
2049 319 2270 352 proventuum
2301 324 2369 346 non

1398 365 1564 394 curaverit
1579 365 1746 400 exhihere,
1762 366 1911 396 incurrat
1927 367 2280 398 excommunicationis
2296 376 2371 399 sen-

1399 417 1537 447 tentiam
1555 418 1627 456 ipso
1643 419 1747 452 facto.
1767 419 1853 458 quod
1869 419 1956 450 idem
1977 419 2236 458 archipresbiter
2251 429 2370 461 excep-

1400 470 1491 499 tavit.
1509 471 1559 501 Ne
1575 480 1652 501 vero
1666 472 1721 511 jus
1739 472 1846 510 ipsius
1862 472 2045 511 scriptoris,
2063 473 2151 512 quod
2166 473 2370 513 acquisitum

1399 527 1459 557 est,
1485 523 1548 553 sibi
1573 524 1607 553 in
1626 524 1767 555 ecclesia
1790 530 1981 561 memorata,
2006 526 2115 564 quoad
2135 527 2370 557 canonicatum

1399 580 1430 606 et
1449 576 1514 606 alia
1530 578 1730 616 supradicta,
1749 578 1919 617 contingat
1937 579 2182 618 quomodolibet
2198 579 2366 617 vacillare,

1399 629 1547 668 ejusdem
1577 631 1772 661 auctoritate
1810 631 1975 666 mandati,
2008 633 2231 671 receptionem
2258 633 2368 672 ipsius

1399 683 1570 721 scriptoris
1587 687 1618 714 et
1633 693 1730 714 omne
1749 684 1814 714 sihi
1826 685 1882 724 jus
1899 685 2099 724 acquisitum
2118 687 2153 716 in
2169 687 2371 718 canonicatu

1399 740 1429 766 et
1445 736 1622 766 cotidianis
1643 737 1938 768 distributionibus
1956 748 1993 768 ac
2011 739 2179 777 prebenda
2192 739 2300 779 ipsius
2315 747 2371 770 ec-

1399 789 1516 825 clesie,
1551 794 1581 820 et
1608 790 1691 820 illud
1718 791 1860 821 maxime
1886 800 1950 830 quo
1977 800 2052 822 eum
2076 792 2184 823 dictus
2213 792 2370 824 dominus

1400 841 1616 871 Innocentius
1627 842 1783 872 omnibus
1799 841 1903 872 voluit
1915 843 2087 879 anteferri,
2105 852 2143 874 ex
2158 843 2369 874 ordinatione

1398 893 1556 932 predicta,
1571 898 1679 923 ratum
1690 899 1721 924 et
1731 894 1874 930 firmum,
1889 904 1953 924 non
1968 895 2120 926 obstante
2131 896 2370 927 constitutione

1398 955 1497 985 quam
1528 956 1626 985 super
1655 947 1864 978 revocatione
1895 948 2121 986 receptionum
2149 948 2184 978 in
2213 948 2370 980 omnibus

1398 999 1548 1030 ecclesiis
1575 1000 1775 1037 generaliter
1800 1000 1909 1031 dictus
1933 1001 2087 1031 dominus
2113 1010 2197 1040 papa
2225 1001 2372 1032 edidisse

1399 1053 1558 1087 noscitur,
1579 1053 1790 1083 decernimus
1806 1062 2017 1092 permanere,
2035 1054 2211 1092 ipsumque
2229 1053 2371 1092 scripto-

1399 1114 1468 1135 rem
1493 1106 1627 1144 assequi
1654 1105 1772 1136 debere
1800 1106 2001 1144 prebendam
2027 1106 2062 1136 in
2088 1106 2202 1137 eadem
2229 1105 2372 1137 ecclesia

1399 1158 1546 1196 proximo
1558 1163 1759 1192 vacaturam,
1777 1168 1878 1188 unam
1895 1158 2021 1189 seilicet
2038 1159 2077 1188 de
2094 1159 2213 1197 viginti
2228 1163 2372 1198 quatuor

1400 1210 1483 1239 inibi
1507 1211 1693 1250 antiquitus
1713 1211 1920 1246 constitutis,
1941 1216 1971 1241 et
1988 1211 2095 1250 quoad
2112 1211 2203 1241 illam
2219 1220 2295 1243 eum
2312 1211 2371 1242 de-

1399 1263 1476 1293 bere
1499 1264 1654 1293 omnibus
1674 1264 1769 1294 Sedis
1791 1264 1970 1302 apostolice
1988 1264 2039 1295 vel
2055 1264 2239 1303 legatorum
2261 1265 2370 1304 ipsius

1399 1325 1458 1346 seu
1474 1317 1591 1355 quavis
1611 1316 1806 1347 auctoritate
1823 1317 1965 1355 receptis
1982 1317 2016 1346 in
2033 1317 2174 1347 ecclesia
2188 1321 2372 1348 memorata

1398 1369 1666 1407 preferri.Quam
1678 1369 1708 1399 ei
1720 1370 1967 1405 conferendam,
1977 1370 2057 1399 dicti
2071 1370 2266 1400 auctoritate
2280 1378 2371 1400 man-

1399 1422 1482 1457 dati,
1506 1422 1677 1451 donationi
1703 1422 1882 1460 apostolice
1907 1431 2116 1453 reservamus
2139 1431 2176 1452 ac
2197 1422 2372 1453 irritamus

1399 1475 1559 1514 quicquid
1575 1475 1613 1505 de
1633 1475 1706 1513 ipsa
1724 1475 1758 1504 in
1778 1475 1849 1514 ejus
1866 1475 2086 1514 prejudicium
2105 1479 2135 1506 et
2150 1480 2261 1514 preter
2275 1484 2371 1506 rnan-

1398 1528 1511 1558 datum
1529 1528 1746 1567 apostolicum
1763 1529 1968 1567 contingeret
1993 1528 2194 1567 attemptari.
2216 1529 2267 1559 Ita
2282 1528 2372 1568 quod

1398 1590 1455 1619 pro
1471 1590 1508 1611 eo
1525 1582 1612 1620 quod
1633 1582 1768 1612 interim
1788 1581 1852 1612 alie
1870 1582 1905 1611 in
1926 1582 1998 1620 ipsa
2012 1581 2152 1611 ecclesia
2169 1585 2372 1613 vacaverunt

1398 1634 1579 1672 prebende,
1602 1639 1633 1664 et
1665 1635 1752 1673 quod
1775 1644 1830 1665 eas
1856 1638 1926 1664 non'
1944 1634 2035 1663 duxit
2059 1634 2147 1664 idem
2171 1634 2312 1672 scriptor
2333 1633 2371 1664 in

1394 1687 1521 1725 judicio
1543 1688 1807 1726 prosequendas,
1832 1687 1961 1717 nullum
1981 1687 2010 1717 ei
2027 1687 2248 1726 prejudicium
2271 1695 2373 1726 gene-

1398 1745 1500 1774 retur,
1526 1749 1585 1770 nec
1609 1740 1716 1779 quoad
1739 1740 1984 1770 assecutionem
2007 1739 2199 1778 hujusmodi
2222 1739 2370 1778 proximo

1399 1797 1552 1823 vacature
1569 1793 1746 1831 prebende,
1763 1793 1869 1823 eidem
1882 1793 2002 1831 opponi
2015 1792 2133 1822 valeat.
2151 1792 2237 1831 quod
2250 1793 2286 1822 in
2301 1791 2372 1823 iltis

1399 1850 1556 1884 tanquam
1573 1846 1637 1875 sibi
1655 1846 1776 1876 debitis
1789 1847 1844 1885 jus·
1864 1854 1960 1875 suum
1978 1845 2133 1884 prosequi
2147 1845 2297 1875 omiserit
2312 1853 2372 1876 ne-

1398 1899 1577 1937 gligenter,
1599 1899 1698 1929 etiam
1719 1900 1746 1928 si
1765 1908 1863 1937 super
1880 1899 1948 1928 illis
1966 1908 2095 1936 semper
2111 1898 2150 1928 de
2169 1903 2278 1929 cetero
2293 1898 2371 1930 lites

1399 1952 1557 1981 aboi-rens
1575 1952 1725 1982 omiserit
1742 1952 1775 1981 in
1790 1952 1916 1991 judicio
1933 1952 2087 1989 experiri.

1401 2017 1413 2030 »
1432 2005 1586 2035 Ceterum
1604 2014 1678 2034 eum
1696 2005 1883 2043 sepedictus
1901 2005 2051 2042 scriptor,
2072 2013 2130 2042 pro
2149 2013 2186 2034 eo
2202 2004 2289 2043 quod
2302 2013 2373 2043 pre-

1399 2058 1540 2087 bendam
1556 2058 1747 2096 hujusmodi
1770 2057 1944 2087 videbatur
1961 2057 2109 2095 adeptus,
2129 2057 2373 2096 perceptionem

1400 2111 1561 2141 dictarum
1587 2111 1618 2140 X
1643 2111 1804 2140 librarum
1831 2111 1865 2140 111
1891 2111 2046 2139 manibus
2070 2109 2207 2148 capituli
2232 2109 2373 2140 ecclesie

1400 2164 1568 2194 nominate
1601 2164 1731 2193 duxerit
1758 2163 1959 2198 liberaliter,
1987 2167 2132 2193 attamen
2157 2162 2291 2193 incaute
2313 2171 2374 2193 seu

1401 2215 1598 2254 simpliciter
1624 2216 1877 2253 resignandam,
1908 2224 2110 2254 quamquam
2140 2223 2220 2245 sane
2245 2214 2374 2245 intelli-

1400 2268 1555 2306 gentibus
1576 2268 1768 2307 hujusmodi
1790 2268 1972 2305 resignatio
1995 2267 2127 2297 tacitam
2149 2267 2374 2298 conditionem

1400 2321 1434 2350 in
1452 2330 1486 2351 se
1503 2321 1734 2359 comprobetur
1750 2321 1885 2356 hahere,
1906 2320 2077 2355 videlicet,
2097 2320 2126 2350 si
2142 2320 2250 2350 dictus
2266 2312 2372 2358 scrip-

1401 2379 1450 2404 tor
1461 2374 1626 2404 obtineret
1641 2374 1841 2412 prebendam
1856 2373 2047 2412 hujusmodi
2059 2382 2134 2403 cum
2145 2373 2280 2408 effectu3
2298 2381 2371 2409 nos,

1401 2427 1439 2458 de
1456 2427 1615 2465 sepedicti
1631 2427 1757 2457 domini
1775 2435 1855 2465 pape
1873 2426 2028 2456 mandato
2042 2425 2232 2464 specialiter
2244 2425 2371 2460 habito,

1402 2481 1509 2511 eidem
1534 2480 1687 2518 scriptori
1715 2479 1888 2510 annuatim
1915 2480 1942 2509 V
1966 2478 2069 2509 libras
2090 2477 2316 2517 imperialium
2331 2477 2374 2508 ‘ab

1402 2533 1516 2564 eodem
1543 2533 1687 2572 capitulo
1713 2533 1915 2572 precipimus
1941 2532 2106 2567 exhiberi,
2135 2531 2250 2567 donec,
2278 2531 2375 2570 juxta

1401 2586 1646 2616 ordinationem
1663 2590 1826 2621 nostram,
1845 2585 2103 2624 suprascriptam
2120 2583 2322 2623 prebendam
2336 2583 2374 2614 in

1401 2643 1583 2670 memorata
1605 2639 1746 2669 ecclesia
1773 2642 2012 2677 consequatur,
2039 2642 2070 2667 et
2093 2646 2165 2668 eam
2189 2636 2375 2675 possederit

1402 2692 1475 2722 sine
1496 2691 1565 2722 lite.
1592 2692 1667 2722 Non
1695 2691 1847 2721 obstante
1870 2690 2097 2728 resignatione
2122 2689 2288 2728 predicta,
2315 2692 2374 2720 aut

1402 2745 1534 2781 litteris,
1548 2744 1599 2775 vel
1611 2745 1844 2775 instrumentis
1856 2744 1933 2774 inde
1945 2743 2117 2779 confectis,
2134 2746 2191 2772 aut
2207 2742 2375 2773 contraria

1403 2797 1644 2828 consuetudine
1660 2797 1712 2828 vel
1731 2801 1854 2827 statuto
1874 2796 1983 2834 ipsius
1999 2795 2156 2831 ecclesie,
2169 2795 2372 2835 juramento,

1403 2850 1653 2880 confirmatione
1663 2849 1758 2880 Sedis
1771 2848 1949 2888 apostolice
1963 2853 2019 2878 aut
2030 2847 2178 2887 qualibet
2188 2847 2255 2878 alia
2266 2847 2374 2878 firmi-

1404 2907 1468 2934 tate
1490 2903 1638 2940 vallatis‚
1661 2912 1720 2934 seu
1741 2902 1917 2941 privilegio
1940 2901 1991 2932 vel
2012 2900 2222 2940 indulgentia
2237 2909 2374 2940 genera-

2460 3196 2477 3322 §We
