2441 3330
956 209 1178 247 PREMIERE
1200 211 1359 248 ANNEE.
2167 224 2199 253 61

112 280 336 318 imperatoris,
356 279 504 309 habuisti
525 284 555 310 et
569 281 766 316 exercuisti,
786 281 846 310 tibi
862 281 1063 310 confirmarit
1083 281 1121 311 de

112 332 253 362 fratrum
269 341 404 362 suorum
418 332 556 362 consilio
573 337 603 362 et
620 342 760 363 assensu
779 342 815 362 ac
831 333 968 371 insuper
983 334 1021 363 de
1039 342 1121 363 novo

113 385 314 415 concesserit
334 385 372 415 (10
389 385 495 423 gratia
517 385 668 423 speciali,
687 386 733 415 ita
749 386 836 424 quod
854 386 938 415 illud
958 395 1032 415 cum
1047 395 1122 423 pro-

113 437 268 467 ventibus
283 437 384 468 unius
400 437 498 467 uncie
519 437 592 467 auri
608 438 648 467 ad
663 438 790 476 pondus
811 438 910 468 Cui-ie
926 438 1045 467 cotidie
1064 438 1121 466 tibi

115 488 155 519 ab
178 488 357 527 apostolica
377 482 540 526 Sedepro
565 489 719 526 expensis
743 489 943 527 ubicumque
966 489 1001 517 in
1022 497 1122 526 regno

113 541 185 579 ipso
209 541 314 571 fueris
336 540 553 579 persolvende
580 544 611 570 et
632 550 706 570 cum
730 541 898 570 consuetis
923 541 1059 570 ferculis
1086 550 1123 570 ac

114 593 255 632 panibus
272 597 303 623 et
319 594 389 623 vini
407 593 574 623 mensuris
592 593 708 623 diebus
727 593 787 622 tibi
804 593 946 631 singulis
964 602 1037 621 cum
1053 602 1122 630 per-

115 646 274 676 sonaliter
286 646 374 684 apud
383 646 521 676 eandem
534 646 651 676 sedem
663 645 767 675 fueris
784 645 981 679 tribuendis.v
995 654 1122 674 necnon

115 702 145 729 et
157 707 230 728 cum
244 698 351 728 solitis
364 698 656 738 jurisdictionibus
672 703 834 736 quantum
848 697 888 727 ad
901 697 1123 735 cognitionem

115 751 374 789 appellationum
396 755 427 781 et
448 750 513 780 alia
531 754 562 780 et
583 759 657 780 cum
677 750 831 779 omnibus
849 749 1047 783 honoribus,
1073 749 1123 778 di-

115 804 298 843 gnitatibus
319 804 513 842 cunctisque
533 803 665 843 juribus
689 803 730 832 ad
750 803 838 832 idem
856 803 999 832 officium
1021 803 1123 840 perti-

115 856 289 892 nentibus,
308 856 346 886 de
369 865 433 895 quo
450 860 480 886 te
498 865 556 894 per
571 855 699 893 virgam
719 855 856 884 rubeam
876 855 910 883 in
934 855 1123 884 eorumdem

113 909 255 939 fratrum
275 908 444 947 presentia
463 908 635 938 investivit
656 907 753 946 plene
774 907 897 937 habeas
921 911 951 937 et
970 916 1122 937 exerceas

112 961 181 991 vita
202 965 269 997 tua,
290 965 387 999 prout
405 961 440 990 in
464 960 642 999 apostolico
666 959 841 998 privilegio
864 968 963 997 super
986 959 1047 989 1100
1065 959 1123 988 ob-

114 1019 204 1045 tento
219 1013 352 1053 plenius
372 1014 571 1049 continetur,
590 1022 650 1043 nos
670 1013 736 1042 tuis
755 1013 1054 1051 supplicationibus
1072 1013 1123 1041 in-

114 1067 240 1103 clinati,
261 1067 348 1106 quod
367 1067 407 1097 ab
424 1067 539 1097 eodem
553 1066 785 1105 predecessore
801 1066 926 1095 factum
946 1070 993 1096 est
1011 1066 1045 1094 in
1062 1066 1123 1095 hae

113 1125 205 1159 parte
222 1124 331 1149 ratum
352 1119 513 1149 habentes
530 1123 560 1149 et
577 1123 721 1157 gratum,
739 1119 773 1147 id
793 1119 832 1148 de
853 1123 1040 1148 nostrorum
1057 1118 1123 1147 fra-

114 1177 201 1203 trum
218 1172 357 1203 consilio
373 1176 403 1203 et
425 1182 575 1207 assensu,
596 1172 791 1202 auctoritate
809 1171 987 1210 apostolica
1004 1173 1123 1201 contir-

114 1235 243 1256 mamus
257 1230 318 1256 etc.
335 1234 442 1264 usque
458 1225 713 1255 communimus.
731 1224 824 1254 Nulli
841 1228 900 1254 etc.
920 1228 1030 1253 nostre
1045 1232 1123 1253 con-

115 1278 313 1308 firmationis
328 1282 388 1309 etc.
406 1279 479 1308 Dat.
498 1277 648 1316 Neapoli,
663 1278 759 1307 XVII
772 1277 931 1307 kalendas
948 1276 1121 1311 februarii,

115 1340 202 1362 anno
217 1332 335 1370 primo.
355 1343 367 1358 »

185 1490 273 1519 224

146 1551 249 1578 Eidem
273 1552 424 1578 confirmat
448 1552 669 1578 concessionem
700 1551 734 1577 ab
760 1550 929 1577 Innocentio
953 1550 994 1577 IV
1020 1551 1122 1577 factam

665 1488 781 1523 Naples,
802 1488 957 1523 'lSjanvier
978 1488 1050 1515 i‘255.

113 1600 188 1627 mille
204 1603 233 1626 et
248 1601 469 1635 quingentarum
494 1601 645 1631 unciarum
664 1600 741 1634 auri,
760 1600 794 1626 de
812 1600 998 1634 proventibus
1018 1599 1123 1625 11011011-

113 1657 175 1675 rum
193 1648 298 1680 Baroli,
314 1649 400 1675 Trani
416 1652 444 1675 et
460 1648 525 1675 Bari
543 1652 601 1683 aut,
619 1649 644 1675 si
662 1642 716 1675 non
734 1648 881 1675 sufficiunt
892 1648 942 1682 1111,
955 1647 989 1673 (10
1002 1656 1123 1682 proven-

113 1697 191 1723 tibus
207 1697 294 1723 siclae
309 1696 466 1723 Brundusii
482 1696 742 1731 percipiendarum.
756 1696 838 1729 (REO.
850 1696 896 1730 24,
909 1704 934 1723 c.
950 1696 1021 1728 198²,
1035 1696 1052 1722 s.
1066 1696 1122 1728 ³25.)

156 1812 168 1825 (t
185 1799 300 1828 Eidem.
316 1798 413 1829 Clara
428 1802 483 1828 tue
500 1797 672 1827 fidelitatis
687 1803 745 1828 etc.
766 1807 872 1837 usque
888 1807 894 1826 :
913 1797 1125 1836 predecessor

115 1855 227 1881 noster
248 1851 339 1881 mille
356 1855 387 1881 et
405 1851 606 1890 quingentas
620 1851 738 1881 uncias
760 1851 833 1880 auri
853 1851 892 1880 de
910 1850 1124 1888 proventibus

116 1904 298 1934 doanarum
326 1904 454 1940 Baroli,
486 1905 586 1934 Trani
617 1908 648 1934 ct
680 1904 759 1934 Bari
788 1904 1021 1943 percipiendas
1049 1913 1067 1933 a
1095 1908 1125 1933 te

116 1957 348 1996 quoadvixeris
376 1958 549 1987 annuatim
574 1967 631 1996 per
656 1957 832 1987 doanarios
856 1966 914 1987 seu
937 1957 1128 1987 eorumdem

117 2014 336 2048 proventuum
358 2010 549 2040 collectores
578 2010 663 2040 inibi
689 2010 885 2040 constitutos
910 2019 1049 2048 persone
1074 2015 1127 2039 tue

119 2061 157 2092 de
174 2062 313 2092 fratrum
337 2071 474 2093 suorum
495 2063 635 2093 consilio
652 2067 682 2093 et
705 2072 845 2104 assensu
867 2062 1068 2092 concesserit
1090 2071 1126 2091 ex

120 2115 225 2153 gratia
241 2115 384 2151 liberali,
402 2116 450 2145 ita
468 2116 555 2155 quod
571 2116 673 2146 tercia
692 2125 768 2154 pars
787 2115 961 2145 unciarum
980 2115 1127 2153 ipsarum

120 2168 154 2197 in
172 2167 324 2198 kalendis
340 2168 524 2198 decembris
541 2173 571 2199 et
589 2169 654 2198 alia
673 2169 773 2198 tercia
794 2169 828 2197 in
844 2168 995 2198 kalendis
1013 2167 1128 2205 aprilis

120 2225 151 2251 et
175 2220 303 2259 reliqua
332 2221 367 2250 in
388 2221 541 2251 kalendis
571 2221 704 2259 augusti
736 2221 795 2250 tibi
820 2221 917 2250 annis
943 2220 1085 2258 singulis
1111 2229 1128 2249 a

120 2273 287 2304 doanariis
313 2278 343 2303 et·
365 2273 596 2304 collectoribus
622 2274 704 2312 ipsis
727 2274 855 2311 integre
878 2273 1125 2311 persolvanturq

119 2326 194 2356 etsi
217 2327 301 2356 forte
323 2326 504 2356 doanarum
525 2327 715 2356 earumdem
739 2330 917 2364 proventus
940 2326 979 2355 ad
997 2326 1128 2363 plenam

119 2378 293 2408 unciarum
315 2378 463 2417 ipsarum
481 2378 680 2408 solutionem
701 2388 766 2408 non
790 2378 957 2408 sufficere.
981 2378 1127 2408 desectus

119 2430 309 2470 hujusmodi
325 2431 364 2473 de
382 2432 597 2470 proventibus
619 2431 698 2461 sicle
717 2431 899 2461 Brundusii
924 2431 1125 2469 suppleatur,

119 2487 215 2522 prout
229 2484 263 2513 in
278 2484 456 2522 apostolico
469 2484 644 2522 privilegio
661 2493 759 2522 super
772 2483 833 2513 1100
849 2483 981 2513 01110010
998 2483 1128 2521 plenius

120 2536 318 2571 continetur,
333 2546 392 2566 nos
409 2537 474 2566 tuis
492 2536 791 2575 supplicationibus
808 2536 971 2571 inclinati,
991 2536 1074 2574 quod
1089 2536 1128 2565 ab

121 2589 234 2619 eodem
246 2593 306 2619 ctc.
323 2593 359 2619 ut
375 2589 410 2618 in
423 2589 487 2619 alia
502 2598 607 2628 usque
622 2599 627 2618 :
645 2590 716 2618 Dat.
736 2588 885 2627 Neapoli,
901 2589 959 2619 XV
972 2588 1128 2618 kalendas

122 2641 294 2677 februarii,
310 2651 396 2672 anno
412 2642 527 2680 primo.
551 2655 562 2667 n

198 2806 286 2834 225

162 2867 259 2894 Eidem
276 2869 424 2895 confirmat
440 2868 634 2894 venditionem
646 2867 680 2894 110
695 2867 811 2893 baronia
829 2866 951 2893 Fluinari
963 2875 977 2891 a
991 2865 1131 2892 Riecardo

670 2805 786 2840 Naples,
810 2805 837 2831 18
851 2805 964 2839 janvier
981 2805 1058 2831 12:35.

1202 281 1236 307 de
1263 281 1384 309 Fluiuari
1410 285 1463 319 ipsi
1495 285 1594 311 saetam
1626 290 1653 311 et
1678 285 1712 311 ab
1737 285 1904 312 Innocemio
1930 286 1970 312 IV
1994 288 2189 315 confirmatam

1202 330 1281 363 (Res.
1300 332 1343 365 ⁶24,
1360 340 1384 358 c.
1406 333 1477 366 108⁵,
1495 333 1512 359 f.
1530 334 1584 367 25.)

1245 450 1257 463 «
1275 439 1390 467 Eidem.
1405 439 1501 469 Clara
1517 445 1577 469 etc.
1594 450 1698 479 usque
1714 451 1719 469 :
1737 442 1946 479 predecesstn·
1964 447 2072 473 noster
2088 444 2202 473 vendi-

1204 488 1327 519 tionem
1343 490 1380 519 de
1404 491 1540 521 bau-onia
1561 492 1707 522 Flumari
1728 503 1745 522 11
1768 494 1871 523 nobili
1892 495 1961 523 viro
1984 495 2142 525 Riccardo
2165 496 2202 525 de

1204 540 1350 570 Flumari
1372 543 1431 571 tibi
1448 544 1568 572 factam
1592 544 1651 573 tibi
1677 545 1806 583 tuisque
1827 546 2019 581 heredibus,
2043 556 2107 576 non
2128 548 2202 577 obs—

1204 596 1293 622 tante
1317 594 1461 631 qualibet
1486 595 1520 623 in
1544 599 1574 624 te
1600 596 1806 633 privationis,
1831 598 2016 634 dignitatis,
2043 599 2203 628 bonorum

1204 696 1280 729 lata,
1297 698 1497 727 confirmarit
1511 699 1549 728 de
1563 700 1702 729 fratrum
1715 710 1848 730 suorum
1860 701 1998 731 consilio
2012 706 2039 731 ct
2054 712 2202 734 1155011511,

1204 749 1360 788 supplens
1378 750 1541 780 defectum
1558 752 1585 781 si
1607 753 1681 790 quis
1703 753 1784 783 alias
1806 754 1839 782 in
1858 753 1929 791 ipsa
1947 755 2134 784 venditione
2151 764 2205 784 ex-

1204 801 1270 830 titit
1300 803 1338 832 de
1369 803 1545 841 apostolice
1572 804 1779 842 plenitudine
1808 807 1978 844 potestatis
2009 816 2043 836 ac
2071 808 2205 845 insuper

1204 854 1375 883 baroniam
1398 855 1503 893 ipsam
1527 865 1600 885 cum
1621 858 1753 893 castris,
1772 858 1877 893 villis,
1896 859 2078 891 casalibus,
2099 860 2205 889 homi-

1205 906 1318 941 nibus,
1333 907 1481 946 Juribus,
1500 908 1808 946 jurisdictionilnis,
1823 911 1897 949 jure
1919 915 2109 949 patronatus
2130 920 2206 941 con-

1204 959 1410 989 ventualium
1438 965 1466 989 et
1493 970 1557 990 non
1586 963 1852 992 conventualium
1876 963 2104 999 ecclesiarum,
2131 973 2206 1002 pas-

1205 1012 1286 1046 cuis,
1306 1013 1508 1049 nemoribus,
1527 1015 1776 1050 venationibus,
1792 1016 1910 1053 pratis,
1929 1016 2204 1053 possessionibus,

1205 1065 1302 1095 terris
1321 1065 1419 1096 cultis
1436 1070 1466 1096 01
1482 1067 1628 1101 incultis,
1648 1069 1742 1106 aquis
1759 1078 1984 1107 aquarumipie
2001 1069 2204 1105 decursibus,

1201 1118 1343 1156 justitiis
1358 1123 1386 1148 et
1405 1128 1479 1148 cum
1495 1120 1648 1149 omnibus
1664 1121 1848 1150 rationibus
1865 1125 1896 1151 et
1911 1121 2121 1159 pertinentiis
2138 1122 2206 1152 suis

1205 1174 1235 1201 et
1252 1180 1327 1200 cum
1341 1171 1408 1201 hiis
1425 1181 1487 1210 que
1505 1172 1545 1201 ad
1560 1181 1687 1202 merum
1710 1177 1739 1202 et
1756 1173 1894 1203 mixtum
1916 1174 2091 1211 imperium
2106 1175 2207 1212 perti-

1205 1228 1294 1257 nent,
1311 1232 1348 1253 ea
1363 1224 1517 1254 videlicet
1533 1233 1595 1262 que
1609 1228 1686 1254 sunt
1702 1225 1739 1254 de
1757 1225 1906 1255 demanio
1922 1226 1956 1254 in
1973 1226 2161 1256 demanium
2177 1231 2207 1257 et

1205 1284 1267 1313 que
1284 1280 1361 1305 sunt
1383 1275 1421 1305 de
1444 1276 1579 1305 servitio
1596 1277 1629 1305 in
1647 1277 1830 1313 servitium,
1848 1278 1909 1306 tibi
1929 1278 2091 1317 dictisque
2112 1279 2206 1309 here-

1204 1327 1301 1357 dibus
1318 1327 1352 1356 in
1370 1332 1565 1365 perpetuum
1586 1329 1623 1358 de
1646 1329 1787 1359 fratrum
1810 1330 1998 1359 eorumdem
2018 1331 2155 1360 consilio
2176 1335 2207 1361 et

1204 1389 1344 1410 assensu
1368 1381 1429 1410 sub
1450 1381 1548 1411 certis
1569 1381 1715 1411 servitiis
1740 1383 1939 1412 concesserit
1962 1387 1992 1412 et
2014 1383 2141 1412 donarit
2166 1392 2203 1413 ex

1204 1437 1292 1463 certa
1308 1433 1448 1463 scientia
1461 1437 1491 1463 et
1508 1434 1613 1471 gratia
1629 1434 1775 1471 speciali,
1791 1439 1885 1472 prout
1899 1435 1932 1463 in
1949 1435 2125 1473 apostolico
2140 1436 2203 1473 pri-

1203 1485 1324 1523 vilegio
1343 1495 1440 1523 super
1462 1486 1522 1515 110(-
1545 1486 1677 1516 obtento
1696 1487 1827 1525 plenius
1848 1488 2044 1521 continetur,
2064 1497 2122 1517 nos
2138 1488 2203 1518 tuis

1204 1538 1501 1576 supplicationibus
1515 1538 1677 1574 inclinati,
1694 1539 1779 1577 quod
1795 1540 1834 1569 ab
1848 1540 1960 1569 codem
1976 1540 2204 1578 predecessore

1203 1592 1328 1621 factum
1344 1595 1392 1621 est
1413 1591 1449 1620 in
1464 1591 1524 1620 hac
1541 1596 1647 1629 parte,
1666 1596 1774 1621 ratum
1791 1592 1949 1622 habentes
1965 1597 1995 1622 ct
2012 1597 2154 1629 gratum,
2172 1593 2206 1622 id

1204 1644 1242 1674 de
1265 1648 1452 1674 nostrorum
1473 1644 1612 1674 fratrum
1639 1645 1777 1675 consilio
1799 1649 1829 1675 et
1852 1654 1989 1675 assensu
2014 1646 2205 1675 auctoritate

1205 1696 1384 1734 apostolica
1397 1697 1629 1727 confirmamus
1646 1701 1706 1727 etc.
1724 1707 1828 1736 usque
1846 1698 2097 1727 commuuimus.
2115 1698 2207 1727 Nulli

1205 1752 1265 1778 etc.
1282 1752 1392 1779 nostre
1409 1749 1669 1780 confirmationis
1684 1754 1743 1780 etc..
1762 1751 1834 1780 Dat..
1852 1755 1887 1779 ut
1904 1760 2012 1788 supra.
2035 1763 2047 1776 n

1280 1947 1368 1975 228

1245 2007 1398 2033 Bertlioldo
1414 2011 1442 2033 et
1458 2008 1550 2033 Odoni
1567 2016 1599 2033 ac
1616 2007 1768 2037 Ludovico.
1785 2007 1927 2037 iratribus,
1947 2008 2158 2033 marchionibus
2174 2007 2208 2032 (10

1777 1945 1895 1979 Naples,
1911 1947 1926 1972 a
1942 1946 2044 1971 fevi-iei-
2062 1946 2136 1971 1255.

1209 2056 1428 2087 Hohemburch,
1447 2056 1580 2082 ducatum
1598 2056 1735 2081 Amalfiae
1751 2064 1816 2081 011111
1833 2055 2010 2086 civitatibus,
2028 2056 2139 2088 castris,
2157 2055 2207 2080 vil-

1209 2105 1260 2135 lis,
1277 2104 1436 2135 casalibus,
1455 2104 1585 2130 videlicet
1602 2104 1731 2131 Amalfia.
1752 2104 1880 2136 I'laiano,
1900 2103 1998 2129 Vetica
2013 2105 2132 2137 majore,
2153 2103 2208 2129 Ve-

1210 2154 1265 2179 tica
1282 2154 1400 2183 minore,
1419 2152 1579 2184 ltufforore,
1596 2152 1754 2183 Casauova,
1774 2152 1905 2183 Laureto,
1922 2151 2030 2184 Toboli,
2048 2152 2138 2186 Scala,
2153 2152 2209 2178 Ra-

1211 2202 1292 2234 vello,
1310 2201 1472 2234 Tramontc,
1491 2201 1625 2233 Aget-uia,
1647 2200 1794 2233 Pogorula,
1818 2200 1896 2233 l'iuo,
1915 2200 2078 2234 Pigmonte,
2097 2201 2206 2232 Ati-ani,

1211 2249 1324 2283 Majori,
1343 2249 1459 2281 Minori,
1478 2249 1574 2274 Insula
1590 2248 1739 2282 Crapitana
1755 2252 1782 2274 et
1800 2248 1932 2274 l'ositano
1952 2257 2059 2274 necnon
2076 2257 2141 2274 00111
2158 2250 2208 2274 110-

1210 2298 1336 2324 minibus
1351 2297 1525 2326 eorumdem,
1545 2297 1712 2330 bonoribus,
1729 2297 1852 2329 juribus,
1867 2301 1932 2329 010,,
1950 2296 1978 2322 in
1997 2301 2163 2331 perpetuum
2181 2297 2208 2323 in

1211 2346 1326 2372 feudum
1347 2346 1478 2371 concedit
1493 2349 1521 2371 et
1540 2345 1638 2377 donat,
1662 2348 1792 2371 statuens
1815 2351 1842 2371 ut
1868 2353 1917 2379 pro
1940 2345 2043 2371 ducatu
2066 2345 2209 2379 praedicto

1212 2393 1271 2420 XX
1289 2394 1395 2420 milites
1411 2393 1493 2427 equis
1514 2397 1541 2418 ct
1562 2393 1648 2419 armis
1671 2393 1805 2419 decenter
1826 2393 1951 2419 munitos
1972 2393 2004 2418 ad
2028 2393 2208 2419 serviendum

1213 2451 1261 2476 per
1278 2441 1329 2467 XL
1344 2441 1405 2468 dies
1431 2441 1573 2467 Ecclesiae
1592 2441 1736 2467 Romanae
1760 2441 1829 2466 infra
1851 2441 1928 2474 regni
1954 2441 2065 2467 Siciliae
2088 2442 2210 2468 confinia

1211 2490 1373 2515 exhibeant.
1391 2488 1477 2524 (Rau.
1492 2489 1535 2519 ⁵24,
1553 2497 1578 2516 c.
1598 2489 1666 2523 108‘,
1685 2489 1702 2515 f.
1719 2490 1769 2519 ‘2:·›;
1790 2489 1933 2515 Porrnxs'r
1953 2489 2057 2522 1:31577.)

1253 2611 1265 2623 «
1283 2598 1438 2626 Nobilibus
1457 2598 1531 2626 viris
1549 2598 1702 2626 Bri-[livido
1719 2603 1743 2626 cl
1761 2598 1856 2626 (lilani
1871 2606 1906 2626 ac
1922 2598 2083 2633 Lodowieo,
2099 2599 2210 2634 fratri—

1212 2653 1274 2687 bus,
1295 2652 1522 2680 nzmclzionibus
1539 2651 1571 2679 ile
1587 2651 1810 2685 Ilelicmlnurli,
1828 2651 1964 2687 fidelibus
1982 2652 2104 2680 nostris.
2127 2652 2210 2679 salie-

1213 2709 1286 2738 tem,
1305 2709 1356 2732 ele.
1377 2703 1529 2733 Clemens
1547 2713 1675 2741 semper
1693 2707 1723 2731 et
1746 2720 1793 2731 —.
1818 2704 1888 2732 1).·11.
1914 2703 2049 2740 Neapoli
2071 2712 2210 2741 [10111111-

1213 2765 1291 2785 1111111
1316 2755 1485 2785 Guillelini
1508 2755 1657 2791 magistri
1685 2755 1847 2785 scolarum
1873 2756 2075 2789 Parmensis,
2100 2759 2210 2784 sancte

1213 2809 1358 2838 Romane
1371 2807 1515 2837 Ecclesie
1529 2807 1837 2842 vivveanvvliarii,V
1849 2807 1919 2835 idus
1932 2807 2101 2841 sebruarii,
2111 2807 2209 2835 indic-

1214 2860 1301 2890 tione
1318 2860 1424 2894 xlllss,
1442 2859 1858 2889 1110111·11111101115(1010111100
1876 2869 1960 2887 anno
1982 2859 2208 2894 MsCCffLIIIP,
